2314 3984
973 219 1148 226 ————
1226 188 1374 247 2358
1465 222 1638 230 -Ἥ

370 370 469 422 qua
493 353 665 407 unitas
701 371 804 407 non
841 354 1091 426 potuisset
1117 357 1438 424 conservari,
1477 357 1638 414 Petro
1677 362 1883 433 ejusque
1921 362 2228 416 successori-

364 440 456 495 bus
486 439 726 493 traditam
753 441 815 494 ah
841 459 904 496 eo
929 441 1087 497 fuisse
1113 443 1344 498 dubitare
1379 451 1493 499 non'
1520 446 1653 503 licet.
1706 448 2012 504 Necessitas
2039 469 2225 505 conve-

364 525 536 580 niendi
563 544 672 580 cum
699 525 967 585 Romanae
992 528 1259 586 Ecclesiae
1286 533 1407 598 fide,
1447 551 1595 604 quam
1629 536 1682 590 vi
1706 537 2009 609 potentioris
2035 538 2223 611 prima-

363 624 444 666 tus
480 614 711 669 oumibus
749 617 966 688 undique
1003 618 1231 675 fidelibus
1268 622 1555 696 impositam
1588 623 1858 680 affirmavit
1894 623 1952 678 S.
1981 623 2222 679 Irenaeus

361 701 591 755 laudatus
617 707 938 779 paragrapho
974 709 1327 780 praecedenti,
1365 709 1650 784 Episcopos
1676 730 1778 765 non
1806 712 2016 785 excipit.
2067 712 2222 767 Immo

362 789 454 843 hos
480 791 797 863 potissimum
823 795 1040 868 obligari
1063 797 1318 851 fatendum
1346 808 1444 852 est.
1499 795 1629 853 Cum
1655 799 1790 853 enim
1823 799 1922 872 ipsi
1949 800 2051 852 sint
2076 820 2221 873 prae-

364 877 509 950 cipua
533 876 798 937 Ecclesiae
836 886 1091 952 membra,
1130 895 1184 939 at
1209 886 1537 940 subordinata
1575 904 1810 960 supremo
1839 887 1991 959 capiti
2014 887 2066 940 in
2093 887 2222 941 idem

362 966 573 1020 unitatis
599 969 784 1023 bonum
802 1011 817 1037 ‚
855 983 911 1025 ut
937 973 989 1026 in
1018 974 1294 1027 custodiam
1323 974 1536 1028 unitatis
1563 974 1878 1048 potissimum
1905 975 2017 1029 fidei
2044 994 2224 1049 coope-

363 1065 571 1122 rentur,
611 1067 762 1128 atque
790 1077 901 1112 cum
926 1060 1038 1134 ipso
1065 1061 1118 1115 in
1143 1080 1295 1115 unum
1323 1063 1643 1136 conspirent3
1685 1082 1867 1117 cavere
1894 1063 1975 1116 vel
2001 1063 2225 1136 maxime

365 1143 571 1211 debent,
611 1165 675 1200 ne
704 1167 734 1201 a
759 1147 925 1202 debita
952 1168 1062 1202 cum
1090 1168 1149 1204 eo
1175 1150 1370 1205 unitate
1396 1171 1628 1223 umquam
1655 1151 1964 1205 declinantes
1981 1191 1995 1217 ,
2034 1152 2222 1205 scissu-

364 1250 450 1284 ras
478 1234 684 1288 foveant
709 1236 1012 1308 praesertim
1039 1237 1091 1289 in
1118 1238 1229 1291 fide.
1283 1237 1696 1313 Subscriptiones
1723 1239 2064 1294 definitionum
2091 1240 2221 1306 fidei,

364 1338 491 1389 quas
519 1322 580 1374 ab
606 1320 873 1395 Episcopis
909 1324 1179 1396 praecipue
1206 1326 1421 1397 exigere
1449 1327 1827 1397 antiquissimus
1855 1345 1963 1379 mos
1989 1327 2104 1391 fuit,
2137 1330 2222 1400 jus

363 1406 415 1460 in
443 1407 535 1463 boc
560 1407 883 1465 Pontificium
909 1411 1163 1484 obligandi
1188 1412 1327 1486 ipsos
1353 1412 1636 1487 Episcopos
1665 1424 1838 1488 aperte
1866 1423 2137 1467 testantur.

1215 1591 1262 1660 §—
1307 1590 1373 1645 v.

779 1727 1150 1800 QUIN'PA
1206 1729 1826 1789 PROPosl'rlo.

366 1870 685 1926 Auctoritas,
732 1888 866 1932 quae
905 1877 960 1919 in
1001 1879 1440 1922 conservationem
1480 1878 1698 1921 unitatis
1734 1875 1862 1935 fidei
1902 1875 2225 1934 definitiones

367 1930 687 1993 doqmaticas
718 1934 838 1988 edit,
872 1933 952 1980 his
984 1935 1364 1995 definitionibus
1395 1936 1715 1996 dogmaticis,
1749 1943 1809 1982 ut
1839 1940 1894 1982 in
1925 1952 2222 1984 conservan-

367 1993 491 2038 dam
521 1994 648 2052 fidei
687 1999 941 2040 unitatem
972 1996 1266 2056 sufficiant,
1317 1996 1547 2057 obliqare
1591 1996 1739 2042 debet
1779 2012 1976 2051 omnes,
2019 2013 2122 2043 non
2155 2000 2226 2044 ad

368 2069 569 2100 meram
589 2059 897 2101 exteriorem
918 2056 1312 2111 observantiam,
1345 2058 1436 2103 sed
1467 2058 1539 2103 ad
1569 2073 1833 2103 assensum
1867 2064 1916 2102 et
1932 2057 2225 2118 obsequium

365 2120 578 2161 mentis:
620 2116 759 2176 quod
800 2132 920 2163 eum
958 2117 1086 2176 fidei
1123 2123 1471 2164 necessarium
1512 2122 1601 2172 sit,
1644 2123 1753 2164 sine
1795 2134 1851 2164 eo
1889 2118 2016 2177 fidei
2053 2124 2227 2166 unitas

1024 2183 1225 2226 servari
1253 2195 1356 2224 non
1382 2186 1568 2241 posset.

512 2296 623 2351 Hoc
649 2297 833 2352 mentis
862 2300 1154 2371 obsequium
1171 2340 1184 2366 ‚
1226 2299 1354 2370 quod
1382 2297 1524 2372 ipsae
1551 2299 1867 2353 definitiones
1895 2299 2226 2372 Apostolicae

365 2379 609 2456 exigunt,
646 2397 703 2440 ut
740 2387 1042 2461 Apostolica
1082 2388 1358 2442 auctoritas
1396 2388 1464 2441 sit
1498 2408 1589 2461 per
1622 2407 1679 2442 se
1718 2387 1969 2442 sufficiens
2009 2390 2069 2443 ad
2107 2409 2227 2443 con-

366 2475 669 2528 servandam
694 2477 941 2531 unitatem
967 2478 1107 2543 fidei,
1144 2477 1348 2529 omnino
1389 2476 1731 2530 necessarium
1771 2478 2064 2548 comprobat
2090 2479 2226 2532 debi-

364 2571 470 2614 tum
497 2561 831 2630 obedientiae,
859 2585 1008 2637 quam
1034 2565 1194 2619 eidem
1223 2563 1514 2617 auctoritati
1541 2563 1796 2618 definienti
1823 2564 2020 2635 aliquod
2046 2566 2227 2637 dogma

366 2649 685 2703 deferendam
722 2651 925 2706 interno
967 2656 1153 2707 mentis
1181 2653 1435 2722 obsequio
1476 2670 1566 2705 seu
1593 2671 1808 2706 assensu
1833 2653 1916 2708 vel
1944 2653 2224 2709 adversarii

366 2733 502 2789 Galli
536 2738 780 2792 fatentur.
845 2739 978 2795 Vide
1015 2741 1100 2794 lib.
1131 2742 1219 2794 De
1246 2744 1299 2793 vi
1318 2744 1541 2811 primat.
1585 2760 1628 2795 c.
1659 2741 1746 2795 23.
1790 2760 1842 2794 n.
1873 2741 1960 2795 74.
2003 2752 2054 2796 et
2080 2761 2222 2814 seqq.

365 2825 447 2877 ubi
486 2825 620 2880 inter
660 2827 761 2881 alia
801 2829 1057 2883 attulimus
1095 2829 1251 2882 trium
1290 2839 1341 2882 et
1377 2828 1593 2902 triginta
1629 2827 2000 2902 Episcoporum
2028 2828 2225 2885 Galliae

365 2915 707 2968 testimonium
733 2916 787 2969 in
814 2916 999 2971 litteris
1027 2918 1087 2970 ad
1114 2917 1464 2972 Innocentium
1491 2916 1564 2970 X.
1610 2918 1814 2990 scriptis
1842 2937 1925 2971 an.
1958 2918 2118 2972 1653.
2147 2919 2225 2972 die

368 3004 454 3056 15.
495 3002 644 3059 Julii:
698 3006 1021 3077 eamdemque
1063 3007 1401 3060 obedientiam
1445 3007 1763 3059 deferendam
1802 3023 1872 3059 ex
1911 3007 2225 3060 subordina-

366 3096 511 3146 tione
539 3094 886 3148 hierarchica
905 3093 1002 3166 ipsi
1013 3091 1252 3168 Episcopi
1279 3094 1457 3149 testati
1484 3103 1602 3146 sunt
1627 3093 1681 3145 in
1710 3092 1822 3146 aliis
1851 3094 2074 3166 ejusdem
2101 3104 2226 3148 tem·

366 3181 505 3255 poris
531 3182 716 3236 litteris
743 3183 806 3236 ad
831 3180 1113 3256 Episcopos
1149 3183 1326 3256 regni,
1363 3183 1423 3236 de
1458 3181 1634 3252 quibus
1674 3180 1787 3235 vide
1816 3183 1907 3234 lib.
1937 3185 2004 3236 de
2022 3191 2223 3252 potest.

369 3272 522 3324 Eecl.
564 3291 607 3326 c.
639 3273 690 3325 2.
732 3290 783 3324 n.
812 3271 864 3323 4.
917 3269 1135 3345 Idipsum
1175 3290 1371 3343 quoque
1405 3269 1769 3324 confirmarunt
1796 3267 2047 3324 Gallicani
2083 3291 2228 3325 occa-

368 3358 512 3413 sione
539 3360 753 3414 celebris
780 3380 964 3422 casm,
989 3369 1045 3413 ut
1069 3362 1351 3426 vocabant,-
1377 3363 1769 3422 conscientiae,
1804 3358 1887 3429 qui
1915 3378 2023 3413 cum
2051 3370 2228 3413 exter-

368 3465 484 3499 num
501 3488 514 3513 ,
551 3466 652 3501 non
681 3458 848 3502 autem
874 3447 1130 3502 internum
1157 3448 1447 3520 obsequium
1475 3446 1850 3501 definitionibus
1879 3447 2225 3501 Romanorum

372 3533 672 3591 Pontificum
704 3536 1043 3591 exhibendum
1069 3537 1379 3611 praeferret,
1421 3535 1595 3590 iisdem
1624 3533 1902 3590 Gallicanis
1929 3535 2227 3608 postulanti·
