2320 3990
364 405 414 458 3.
453 402 582 458 Cum
607 420 760 476 porro
785 401 845 455 de
869 401 1096 454 omnibus
1115 397 1396 454 pontificiis
1420 396 1762 461 facultatibuS,
1789 413 1917 465 quac
1942 399 2043 468 pri-

221 506 373 561 matui
399 512 712 577 competunt,
750 513 801 557 et
825 504 877 557 in
904 502 1245 573 quaestionem
1269 499 1477 565 cadunt,
1504 497 1652 551 nimis
1678 498 1880 570 longum
1906 509 2043 552 esset

220 607 510 680 singillatim
533 607 814 672 disserereg.
851 604 976 657 satis
1001 603 1120 656 mihi
1144 602 1244 655 erit
1266 599 1538 672 principia,
1575 617 1701 669 quae
1727 600 1787 653 ad
1812 609 2042 652 naturam

218 728 276 763 ac
312 709 412 762 vim
446 708 687 780 primatus
720 705 933 758 omnium
960 704 1248 757 facultatum
1273 704 1460 755 fontem
1487 702 1884 772 cognoscendam
1909 701 2043 754 suffi-

219 810 379 875 ciant,
407 827 476 863 ex
503 803 806 862 adversariis
832 803 955 876 ipsis
982 813 1162 858 exerte
1189 801 1494 857 constituere
1510 841 1524 867 ,
1557 820 1616 855 ac
1641 802 1754 854 dein
1779 802 2042 855 facultates

218 910 509 982 praecipuas
547 923 617 961 ex
649 906 823 959 iisdem
859 905 1115 978 principiis
1142 906 1379 976 colligere
1405 913 1456 957 et
1479 904 1764 969 vindicare,
1806 922 1934 974 quae
1962 921 2042 956 ce-

216 1011 340 1064 teris
367 1008 681 1063 enucleandis
699 1007 834 1060 'satis
859 1007 1040 1062 indicio
1068 1016 1229 1060 erunt.
1266 1005 1580 1076 Praecipuae
1606 1014 1770 1058 autem
1789 1003 2044 1059 Pontificii

216 1111 456 1181 primatus
489 1110 781 1174 facultates,
821 1128 947 1180 quae
986 1111 1047 1162 ad
1085 1109 1343 1181 spirituale
1379 1107 1603 1178 regimen
1641 1107 1951 1178 pertinentes
1990 1107 2040 1159 in

216 1229 421 1281 gravem
447 1211 827 1283 disputationem
853 1212 1174 1277 adducuntur,
1202 1220 1317 1264 sunt
1342 1210 1471 1263 istae
1497 1209 1648 1262 duae:
1683 1209 1867 1279 prima,
1897 1209 2040 1278 quale

217 1313 282 1365 sit
312 1316 395 1384 jus
423 1312 765 1366 Romanorum
792 1313 1090 1368 Pontificum
1118 1312 1170 1364 in
1197 1312 1486 1365 definiendis
1513 1310 1874 1364 controversiis
1901 1310 2038 1374 fidei;

216 1414 460 1477 secunda,
500 1433 743 1482 quaenam
779 1415 844 1467 sit
883 1415 1151 1481 eorundem
1189 1423 1413 1483 potestas
1450 1413 1630 1466 collata
1657 1431 1764 1465 cum
1791 1420 2040 1483 potestate

216 1514 412 1566 concilii
439 1514 746 1566 oecumenici.
799 1514 909 1567 Hae
936 1516 1086 1578 duae,
1127 1514 1171 1564 si
1197 1531 1266 1565 ex
1291 1513 1576 1585 principiiS,
1613 1532 1740 1583 quae
1766 1514 1827 1566 ob
1856 1531 2039 1583 cogno-

215 1615 446 1665 scendam
484 1623 714 1665 naturam
741 1633 799 1667 ac
823 1614 923 1668 vim
949 1616 1190 1686 primatus
1216 1615 1468 1686 propriam
1495 1615 1801 1667 adversariis
1828 1632 2039 1667 consen-

212 1713 448 1766 tientibus
487 1714 796 1778 statuentur,
844 1714 904 1766 ad
941 1713 1286 1766 certitudinem
1325 1714 1495 1767 adduci
1532 1725 1743 1784 queant3
1790 1715 1899 1784 quis
1938 1734 2037 1768 non

211 1813 377 1866 videat
410 1833 556 1883 quam
579 1815 724 1867 facile
750 1815 808 1867 de
835 1815 1017 1868 ceteris
1045 1816 1112 1868 sit
1136 1817 1354 1868 futurum
1372 1816 1609 1886 judicium
1626 1856 1638 1880 ,
1677 1826 1731 1867 ut
1758 1834 1820 1869 ne
1848 1817 1906 1869 de
1934 1817 2037 1869 sin-

211 1914 338 1984 gulis
372 1916 526 1967 multa
560 1915 661 1968 sint
684 1916 737 1968 in
761 1916 973 1969 medium
1001 1917 1288 1970 afferenda?
1341 1915 1494 1970 Circa
1519 1918 1727 1989 primam
1754 1919 2037 1971 facultatem

210 2014 471 2068 definiendi
520 2018 892 2072 controversias
943 2018 1055 2072 fidei
1106 2018 1187 2090 (in
1236 2019 1409 2090 quihus
1461 2020 1943 2091 comprehenduntur
1988 2030 2037 2073 et

211 2126 530 2184 quaestlones
564 2137 757 2171 morum
794 2121 855 2172 ad
881 2120 1108 2173 naturale
1136 2139 1192 2173 ac
1220 2120 1437 2173 divinum
1455 2122 1539 2191 jus
1564 2121 1903 2192 pertinentes)
1951 2123 2035 2174 ad-

211 2217 426 2267 versarii
463 2219 655 2285 quidem
692 2219 947 2282 catholici,
997 2236 1119 2286 quos
1153 2219 1514 2290 impugnandos
1551 2223 1882 2292 suscepimus,
1934 2241 2033 2275 non

210 2325 427 2385 negant,
465 2317 613 2369 immo
642 2335 886 2387 expresse
912 2320 1132 2371 fatentur
1171 2318 1457 2390 (Declarat.
1488 2332 1720 2376 convent.
1750 2320 1887 2376 Cleri
1913 2323 2034 2376 Gal-

208 2415 356 2468 licani
390 2434 440 2467 n.
480 2415 595 2485 4.),
643 2418 933 2489 praecipuas
972 2418 1315 2472 Romanorum
1354 2420 1656 2476 Pontificum
1694 2434 1869 2494 ‚partes
1920 2444 2033 2478 esse

205 2517 486 2586 dogmatica
509 2517 562 2569 in
587 2517 685 2570 illis
711 2518 912 2572 decreta
928 2522 1180 2591 proferre3
1209 2522 1295 2574 sed
1321 2541 1438 2574 num
1466 2523 1585 2582 haec
1609 2543 1700 2596 per
1726 2543 1781 2578 se
1809 2527 2032 2580 absolute

204 2616 587 2671 irreformabilia
625 2620 755 2683 sint,
795 2638 883 2673 seu
915 2621 1284 2675 infallibilitatis
1310 2624 1571 2695 privilegio
1598 2627 1875 2696 gaudeant,
1915 2628 2031 2679 illud

206 2726 313 2782 est,
359 2719 487 2787 quod
529 2720 755 2773 maxima
797 2724 1118 2776 contentione
1160 2724 1463 2778 inficiantur.
1530 2723 1657 2779 Cum
1699 2738 1865 2781 autem
1909 2729 2029 2782 haec

202 2818 364 2887 prima
397 2819 635 2884 facultas,
675 2821 719 2872 si
746 2839 854 2873 cum
878 2821 1244 2876 infallibilitatis
1269 2827 1625 2895 praerogativa
1650 2830 1887 2898 probetur
1912 2849 2030 2882 con-

192 2920 396 2988 juncta,
422 2918 633 2969 maximi
658 2922 895 2973 momenti
920 2923 1014 2987 sit,
1051 2934 1101 2976 et
1127 2926 1188 2976 ob
1215 2924 1456 2997 principia
1480 2927 1880 2997 praestituenda,
1909 2949 2027 2984 con-

202 3017 595 3087 stituendamque
620 3028 851 3073 naturam
878 3040 936 3076 ac
955 3023 1054 3076 vim
1074 3024 1316 3095 primatus
1342 3028 1619 3099 propriam,
1648 3048 1717 3083 ex
1738 3050 1834 3100 qua
1854 3033 2025 3085 eadem

201 3118 554 3188 praerogativa
586 3121 868 3191 proximius
906 3133 956 3176 et
993 3124 1270 3178 ew'dentius
1305 3130 1651 3198 consequitur,
1690 3149 1790 3183 non
1815 3131 1888 3184 ita
1910 3133 2024 3186 bre-

201 3235 313 3270 vem
333 3237 535 3290 operam
555 3222 806 3291 requirat3
834 3225 893 3277 de
911 3224 1002 3278 hac
1020 3235 1214 3277 tantum
1236 3226 1326 3279 hoc
1351 3228 1405 3280 in
1431 3230 1557 3282 libro
1579 3249 1801 3300 agemus.
1839 3233 2024 3286 Altera

198 3335 348 3387 porro
373 3320 582 3374 facultas
608 3321 874 3378 Pontificia
899 3326 1081 3379 collata
1101 3345 1207 3380 cum
1226 3329 1342 3397 jure
1368 3329 1685 3384 conciliorum
1711 3334 2019 3403 generalium

201 3436 442 3486 quaenam
468 3431 519 3474 et
543 3425 814 3493 cujusmodi
840 3426 931 3490 sit,
959 3445 1068 3480 cum
1093 3446 1194 3480 non
1219 3427 1416 3482 unicum
1441 3429 1554 3484 fidei
1579 3434 1832 3503 negotitnn
1858 3434 2018 3506 respi-
