2314 3984
798 226 1180 286 ——323
1275 256 1441 265 -—

225 415 426 470 πωροι
449 396 591 451 devia
616 394 851 465 sequendi
874 404 1062 460 essent,
1087 403 1143 449 ut
1166 390 1546 449 dixitAuxilius
1572 387 1684 461 (lib.
1699 389 1750 444 2.
1767 406 1876 460 cap.
1891 389 2029 460 18.);

223 484 307 538 sed
331 501 476 537 effer
501 480 797 536 definitionis
822 480 933 534 fidei
956 478 1052 533 dici
1076 496 1179 533 non
1202 487 1388 550 posset.
1499 504 1506 513 ν
1898 550 1901 553 Δ

361 569 448 624 42.
487 566 658 622 Pauca
694 585 824 620 nunc
859 565 1043 619 cursim
1081 562 1344 619 indicanda
1377 563 1436 619 de
1471 561 1569 627 iis,
1617 579 1745 632 quae
1791 561 2031 631 quosdam

221 664 446 716 movent,
481 654 591 706 dum
627 673 687 707 ea
712 651 973 705 Pontificia
1013 650 1240 715 decreta,
1278 667 1405 720 quae
1440 649 1629 718 aliquot
1659 647 2031 719 propositiones

220 747 273 795 in
294 742 454 812 ylobo
480 739 633 794 variis
660 732 884 795 censuris
909 734 1184 808 respective
1209 735 1462 800 damnant,
1488 733 1679 788 erroris
1706 743 1960 799 accusant,
1989 734 2032 787 si

221 828 351 882 inter
375 826 739 900 propositiones
762 822 998 896 ejusmodi
1021 821 1215 890 aliquae
1238 840 1391 876 verae
1407 861 1421 887 ,
1459 831 1510 875 et
1536 840 1565 875 a
1589 820 1682 894 piis
1699 860 1714 885 ,
1747 820 2031 890 sanctisque

222 914 343 967 viris
369 922 632 984 usurpatae
658 913 934 967 videantur.
983 906 1037 960 Id
1069 917 1233 961 autem
1271 927 1415 977 quam
1441 907 1507 960 sit
1542 907 1720 972 inane,
1753 907 1898 961 facile
1923 907 2030 982 qui-

221 999 297 1054 vis
327 1009 568 1071 agnoscet
583 1038 597 1063 ,
623 997 668 1051 si
692 995 1055 1051 animadvertat
1077 993 1377 1065 peculiarem
1403 995 1575 1048 horum
1601 994 1910 1047 decretorum
1927 1034 1940 1058 ,
1980 1003 2030 1047 et

222 1087 391 1139 harum
429 1081 884 1140 condemnationum
918 1090 1166 1133 naturam.
1244 1076 1372 1133 Cum
1418 1081 1548 1133 enim
1586 1097 1828 1133 censurae
1861 1080 2028 1150 plures

219 1182 334 1225 suut
370 1181 421 1224 et
454 1166 816 1241 propositiones
853 1165 973 1219 item
998 1155 1164 1238 plures
1191 1166 1487 1220 damnantur
1513 1169 1567 1218 in
1589 1167 1751 1235 ‚qlobo
1778 1174 1829 1218 et
1852 1185 2027 1234 respe-

218 1263 372 1319 ctive,
408 1256 541 1308 nulla
566 1272 776 1308 censura
802 1253 957 1306 cuivis
983 1252 1312 1324 propositioni
1338 1251 1626 1322 singillatim
1653 1251 1844 1317 afficta3
1882 1261 1936 1304 ut
1954 1254 2029 1323 ju-

220 1345 354 1398 stitia
378 1353 428 1397 et
451 1341 639 1396 veritas
665 1339 1041 1412 proscriptionis
1076 1349 1300 1402 constet,
1340 1338 1469 1390 haud
1507 1356 1714 1391 necesse
1753 1348 1831 1390 est
1856 1357 2029 1391 omnes

222 1447 456 1484 censuras
482 1439 531 1481 et
555 1437 702 1480 notas
728 1425 935 1495 singulis
960 1424 1376 1496 propositionibus
1398 1424 1696 1489 convenire,
1725 1425 1812 1478 sed
1832 1424 2028 1489 sufficit,

221 1518 263 1569 si
275 1516 329 1586 *)
357 1516 516 1585 aliqua
541 1513 714 1566 saltem
741 1530 951 1565 censura
973 1510 1112 1576 huic,
1138 1512 1220 1565 vel
1243 1510 1313 1563 illi
1339 1510 1628 1576 conveniat,
1667 1521 1721 1564 ut
1747 1529 1816 1564 ex
1842 1511 2029 1564 duabus

221 1601 490 1656 Clementis
515 1598 610 1651 XI.
639 1597 1069 1652 constitutionibus
1105 1597 1339 1668 colligere
1376 1597 1509 1651 licet.
1562 1596 1727 1650 Porro
1754 1597 1888 1652 inter
1913 1616 2029 1652 cen-

220 1707 364 1742 suras
390 1688 631 1749 diversaS,
658 1703 758 1738 non
783 1703 954 1738 omncs
980 1684 1247 1737 falsitatem
1274 1694 1360 1736 aut
1386 1683 1629 1737 haeresim
1649 1693 1828 1738 notare
1847 1684 2028 1749 solent,

219 1776 304 1827 sed
328 1773 686 1835 temeritatem,
722 1771 915 1843 piarum
948 1770 1137 1823 aurium
1172 1770 1524 1835 offensionem,
1553 1769 2029 1840 aequivocationem,

220 1860 516 1923 scandalum,
540 1858 621 1912 vel
647 1857 915 1928 captiosum
942 1874 1142 1910 sensum
1162 1865 1279 1920 etc.,
1305 1874 1432 1926 quae
1450 1866 1602 1909 notae
1621 1857 1798 1910 eadere
1818 1867 2028 1928 possunt

219 1946 366 1999 etiam
391 1946 442 1997 in
467 1944 830 2015 propositiones
857 1943 1018 2012 aliquo
1045 1961 1195 1995 sensu
1219 1961 1369 1997 veras
1389 1962 1479 2014 per
1498 1961 1571 2007 se,
1599 1944 1686 1996 sed
1713 1961 1838 2012 quac
1864 1943 1926 1995 ob
1952 1953 2027 1995 te-

219 2031 495 2084 meritatem
514 2070 527 2094 ,
554 2030 877 2083 offensionem
902 2029 1091 2100 piarum
1119 2029 1337 2094 aurium,
1364 2031 1674 2094 scandalum,
1713 2048 1770 2082 ac
1795 2047 2028 2099 praeser-

221 2118 306 2169 tim
333 2117 392 2169 ob
421 2116 874 2184 aequivocationem
891 2155 904 2179 ,
945 2133 1002 2167 ac
1026 2116 1201 2169 falsum
1228 2134 1457 2180 sensum,
1496 2116 1548 2168 in
1575 2135 1718 2185 quem
1751 2116 1887 2167 trahi
1912 2134 2027 2186 pos-

222 2212 360 2267 sunt,
387 2220 443 2255 ac
468 2211 656 2255 tractae
681 2204 880 2255 fuerunt
905 2220 934 2254 a
959 2202 1246 2271 quibusdam
1262 2242 1275 2266 ,
1309 2203 1421 2271 jure
1447 2203 1507 2255 ab
1533 2200 1762 2255 Ecclesia
1790 2201 2027 2254 damnan-

219 2300 325 2353 tur,
364 2298 417 2340 ut
442 2306 504 2341 ne
529 2288 709 2360 idcirco
736 2306 883 2343 verus
922 2306 1129 2353 sensuS,
1167 2307 1309 2357 quem
1336 2306 1461 2340 sana
1494 2287 1911 2359 interpretatione
1939 2289 2027 2340 ha-

219 2377 338 2428 bere
364 2383 574 2443 queunt,
611 2384 661 2427 et
693 2374 744 2426 in
771 2393 865 2443 quo
905 2391 935 2426 a
958 2374 1082 2427 viris
1118 2374 1214 2445 piis
1240 2375 1526 2444 sanctisque
1563 2374 1749 2429 fuerint
1775 2385 2025 2446 acceptae,

220 2463 475 2514 damnatus
513 2460 759 2512 credatur.
833 2459 943 2512 Hac
979 2459 1030 2511 in
1067 2478 1152 2524 re,
1201 2479 1328 2529 quae
1373 2461 1572 2514 laudata
1608 2459 1875 2516 Pontificia
1912 2481 2026 2532 pro-

217 2547 532 2618 scriptionmn
570 2546 769 2598 decreta
804 2545 864 2599 ab
904 2563 1076 2598 errore
1113 2546 1238 2598 satis
1272 2564 1515 2617 superque
1552 2546 1799 2611 vindicat,
1835 2548 1879 2599 si
1916 2548 2026 2616 quis

219 2635 355 2704 plura
390 2631 661 2695 desideret,
698 2632 842 2684 adeat
876 2629 1201 2685 Melchiorem
1235 2629 1429 2686 Canum
1464 2637 1528 2686 cle
1567 2634 1727 2687 Locis
1773 2634 2023 2703 Theoloq.

223 2718 302 2770 lib.
331 2717 415 2769 12.
444 2735 487 2768 c.
517 2717 602 2769 10.
655 2714 841 2776 Confer
877 2716 1026 2770 etiarn
1066 2714 1350 2771 Cardinalis
1386 2716 1585 2773 Norisii
1624 2719 2024 2772 dissertationem

335 2995 372 3044 ⁸)
401 2996 586 3034 Clemens
626 2995 698 3034 XI.
739 2994 780 3032 in
820 2993 943 3033 Brevi
985 2993 1067 3032 diei
1108 2994 1181 3035 20.
1224 2994 1472 3034 Novembris
1516 2995 1645 3034 1716.
1685 2996 1770 3035 ait:
1821 2997 2024 3038 Censuris

216 3055 368 3099 variis,
421 3066 525 3107 quas
566 3054 820 3106 respective,
870 3056 919 3093 ut
959 3050 1105 3101 ajunt,
1156 3052 1235 3094 hoc
1277 3057 1362 3104 est,
1407 3055 1572 3104 singuli
1610 3054 1838 3107 (articuli)
1880 3068 2020 3097 eorum

222 3113 471 3153 SALTEM
506 3112 793 3159 ALIQUAM
836 3112 1126 3161 merebantur,
1180 3114 1348 3152 inustos
1396 3115 1558 3154 usitato
1612 3127 1724 3154 more
1765 3117 2025 3166 proscripsi-

221 3183 326 3211 mus.
398 3173 456 3214 Et
501 3173 542 3211 in
579 3172 884 3212 Constitutione
922 3171 1162 3212 Pastor-alis
1208 3170 1344 3222 officii
1394 3174 1546 3213 clarius
1595 3175 1803 3226 explicans
1853 3176 2024 3218 scribit:

227 3231 571 3271 Constitutionem
604 3232 979 3283 promulgavimus,
1011 3232 1058 3270 in
1091 3243 1175 3282 qua
1205 3233 1351 3282 plures
1381 3233 1532 3272 noxios
1563 3235 1768 3274 articulos
1800 3247 1850 3274 ea:
1881 3237 2022 3276 eodem

218 3291 323 3331 libro
355 3293 569 3340 excerptos
600 3291 789 3332 censuris
817 3291 971 3340 variis,
1005 3303 1111 3342 quas
1140 3291 1396 3342 respective,
1436 3295 1485 3332 ut
1515 3290 1663 3342 ajunt,
1705 3293 1784 3335 hoc
1813 3298 1899 3346 est,
1927 3297 2021 3336 sin-

216 3350 308 3402 quli
329 3348 469 3395 ALIQ
481 3348 613 3390 UAM
628 3349 884 3391 SALTEM
901 3362 1045 3393 earum
1064 3353 1233 3392 notatos
1263 3351 1502 3404 promiscue
1531 3365 1611 3405 pro
1643 3352 1817 3403 hujusce
1845 3359 2022 3397 sanctae

214 3409 325 3447 sedis
358 3420 468 3448 more
499 3409 837 3459 prescripsimus.

1564 3481 1671 3533 21*
