2320 3990
670 237 1319 295 ---105——

91 415 366 468 tentiorem
381 411 843 480 principalitatem
867 425 1078 461 necesse
1105 413 1184 459 est
1207 422 1408 459 omnem
1433 405 1714 458 convenire
1729 403 1908 456 Eccle-

92 503 252 560 siam,
278 499 380 552 hoc
405 505 483 550 est
507 515 624 558 eos,
651 497 744 565 qui
769 501 890 547 sunt
911 495 1147 563 undique
1169 493 1374 564 fideles,
1398 493 1455 543 in
1481 509 1587 561 qua
1611 507 1816 558 semper
1833 491 1907 543 ab

92 587 200 646 Itis,
224 587 317 654 qui
339 591 461 636 sunt
483 586 744 652 undique,
770 585 1084 634 conservata
1109 586 1303 639 estea,
1329 596 1464 647 quae
1490 576 1659 629 est‘ab
1685 573 1908 645 Aposto-

92 674 157 724 lis
183 673 424 723 traditio.
479 665 698 738 Cognita
722 683 845 736 ergo
870 663 1140 716 traditione
1167 679 1225 715 ac
1250 661 1477 714 doctrina
1510 661 1623 713 fidei
1647 659 1909 715 Romanae

92 754 332 810 ecclesiae
371 755 430 807 ab
471 755 578 825 ejus
613 750 942 806 Pontificibus
978 747 1269 813 ediscenda,
1306 747 1522 800 omnium
1558 746 1909 801 catholicarum

93 841 411 895 ecclesiarum
438 858 497 893 ac
522 841 790 893 universae
813 833 1074 888 Ecclesiae
1098 833 1299 886 traditio
1325 833 1622 899 innotescit,
1661 833 1776 904 quia
1802 852 1911 887 cer-

92 939 196 979 tum
222 936 300 980 est
325 944 497 979 omnes
525 943 635 978 cum
658 940 719 976 ea
742 922 794 976 vi
814 920 1054 993 primatus
1075 922 1182 991 ejus
1202 920 1254 971 in
1273 919 1475 990 negotio
1504 919 1615 972 fidei
1642 920 1910 973 convenire

95 1022 328 1084 oportere
345 1052 359 1077 ‚
399 1021 449 1065 et
475 1029 545 1064 ex
566 1007 858 1062 necessaria
882 1008 994 1061 fidei
1019 1007 1214 1060 unitate
1239 1006 1291 1058 in
1319 1006 1379 1058 ea
1403 1025 1609 1074 semper
1636 1026 1910 1059 conserva-

93 1107 200 1151 tam
225 1102 396 1166 fuisse
434 1098 500 1150 ab
539 1097 650 1156 his,
688 1097 780 1164 qui
812 1102 935 1147 sunt
965 1096 1198 1163 undique
1236 1091 1392 1163 (idest
1429 1092 1488 1143 ab
1528 1092 1757 1144 omnibus
1790 1111 1911 1147 vere

93 1183 312 1236 fidelibus
349 1181 502 1234 totius
541 1180 677 1235 orbis
713 1179 995 1249 ecclesiis),
1046 1198 1187 1244 eam,
1227 1198 1362 1248 quae
1400 1179 1466 1230 ab
1506 1176 1780 1247 Apostolis
1821 1187 1911 1240 cst,

92 1272 443 1322 traditionem.
518 1266 674 1321 Vides
712 1285 813 1319 non
849 1267 1007 1318 solum
1049 1264 1384 1318 necessariam
1422 1263 1662 1316 unitatem
1694 1264 1911 1317 omnium

95 1354 303 1407 fidelium
329 1373 437 1407 cum
463 1353 694 1406 Romana
718 1352 987 1405 traditione
1014 1371 1070 1404 ac
1096 1353 1215 1415 fide,
1253 1370 1426 1404 verum
1454 1351 1601 1402 etiam
1628 1369 1823 1421 semper
1851 1351 1909 1403 ab

96 1441 319 1492 omnibus
343 1458 464 1494 vere
490 1439 711 1491 fidelibus
736 1437 807 1489 ita
832 1437 986 1489 fuisse
1013 1437 1326 1501 custoditam,
1352 1445 1408 1487 ut
1433 1437 1495 1488 ob
1521 1437 1649 1489 hanc
1673 1436 1913 1490 unitatem

98 1535 395 1579 conservata
420 1524 568 1578 suerit
593 1523 889 1596 Apostolica
925 1523 1128 1577 traditio
1166 1524 1226 1575 ab
1255 1523 1315 1574 iis
1342 1541 1461 1576 vere
1487 1523 1707 1575 fidelibus
1734 1523 1817 1592 qui
1843 1523 1913 1576 ei·
1991 1555 2000 1558 κ

95 1613 203 1664 dem
229 1612 341 1663 fidei
369 1604 660 1663 constanter
688 1609 1036 1676 adhaeserunt3
1067 1629 1153 1662 eos
1182 1619 1363 1675 autem,
1392 1609 1475 1678 qui
1502 1609 1561 1661 ab
1586 1627 1646 1661 ea
1671 1609 1913 1675 defecere,

96 1697 155 1748 ad
196 1695 439 1749 haeresim
473 1694 765 1759 deflexisse,
816 1703 866 1746 et
902 1695 1170 1747 haereseos
1203 1704 1338 1746 nota
1383 1695 1611 1747 confundi
1658 1705 1909 1765 oportere.

94 1781 201 1835 Hoc
238 1791 581 1852 argumentum
621 1801 650 1834 a
686 1779 1002 1833 successione
1051 1799 1108 1833 ac
1143 1779 1411 1832 traditione
1451 1778 1684 1832 Romana
1719 1781 1913 1833 ductum

96 1870 214 1921 adeo
242 1868 442 1922 evidens
481 1878 532 1921 et
569 1868 749 1920 efficax
774 1865 984 1919 Irenaeo
1021 1866 1208 1932 visum,
1249 1876 1301 1918 ut
1335 1867 1588 1920 recensita
1613 1865 1913 1920 Pontificum

94 1954 436 2007 Romanormn
474 1954 788 2007 successione
826 1954 1149 2007 concluserit:
1188 1955 1311 2007 Hac
1348 1958 1688 2007 ordinatione
1730 1964 1780 2008 et
1804 1975 1913 2008 suc-

95 2045 329 2094 cessione
357 2061 442 2101 ea,
478 2060 612 2109 quae
651 2049 728 2092 est
753 2041 816 2092 ab
845 2040 1118 2108 Apostolis
1156 2043 1210 2091 in
1240 2043 1484 2093 Ecclesia
1511 2045 1732 2094 traditio
1763 2050 1814 2095 et
1837 2062 1910 2095 ve·

98 2131 272 2179 ritatis
291 2129 666 2195 praecantatio
688 2125 844 2195 (idest
868 2125 1219 2195 praedicatio),
1241 2131 1488 2194 pervenit
1511 2147 1673 2196 usque
1700 2132 1775 2180 ad
1798 2148 1911 2180 nos.

100 2215 172 2264 Et
196 2220 271 2264 est
288 2215 601 2281 plenissima
628 2212 760 2263 haec
786 2214 1014 2262 ostensio
1031 2251 1047 2271 ,
1089 2231 1244 2263 unam
1285 2220 1336 2264 et
1360 2216 1592 2265 eamdem
1617 2217 1915 2283 vivificatri-

99 2318 208 2351 cem
230 2301 388 2368 fidem
415 2317 553 2358 esse,
586 2317 721 2366 quae
749 2300 801 2348 in
831 2297 1076 2350 Ecclesia
1103 2298 1167 2349 ab
1195 2296 1468 2366 Apostolis
1495 2319 1658 2369 usque
1683 2319 1824 2353 nunc
1850 2305 1918 2352 sit

98 2392 410 2437 conservata
437 2391 488 2435 et
511 2386 712 2434 tradita
738 2386 791 2434 in
817 2386 1054 2434 veritate.
1107 2381 1226 2435 Non
1266 2394 1399 2436 esset
1439 2395 1603 2438 autem
1639 2386 1839 2439 evidens
1867 2397 1916 2438 et

90 2473 404 2539 plenissima
431 2473 688 2530 ostensio,
715 2469 811 2520 nisi
837 2486 1009 2521 veram
1037 2479 1086 2521 et
1113 2471 1390 2521 absolutam
1417 2472 1770 2525 necessitatem
1799 2490 1915 2525 con-

100 2556 329 2610 veniendi
357 2575 465 2609 cum
492 2555 725 2608 Romana
762 2556 855 2608 fide
891 2557 1118 2608 omnibus
1154 2555 1410 2609 catholicis
1437 2557 1718 2628 impositam
1747 2568 1797 2611 et
1823 2577 1915 2612 ex-

102 2651 212 2692 acte
238 2641 531 2694 custoditam
560 2642 866 2694 credidisset.
918 2641 1048 2696 Vide
1074 2643 1166 2695 hoc
1193 2643 1251 2694 de
1279 2653 1573 2713 argumento
1601 2644 1914 2697 dissertatio-

102 2745 212 2778 nem
241 2726 438 2778 tertiam
465 2726 544 2779 Cl.
573 2727 778 2779 editoris
805 2726 936 2779 Galli
971 2726 1035 2779 P.
1063 2726 1308 2780 Massuet.
1350 2738 1446 2780 art.
1474 2730 1526 2780 4.
1567 2748 1634 2781 ex
1673 2749 1768 2799 quo
1797 2732 1916 2783 haec

102 2830 257 2882 pauca
296 2829 544 2882 excerpo:
609 2812 772 2863 Unius
815 2814 1067 2864 ecclesiae
1110 2813 1384 2864 Romanae
1432 2817 1773 2866 traditionem
1813 2836 1916 2884 per

101 2901 399 2949 continuam
418 2899 807 2965 aniscoporum
833 2900 1208 2950 successionem
1236 2901 1290 2948 in
1318 2917 1381 2950 ea
1408 2909 1771 2952 conservatam
1797 2921 1916 2953 con-

102 2987 273 3035 sulere
300 2987 427 3036 satis
455 2984 639 3035 habuit
663 2982 987 3054 (Irenaeus),
1021 2991 1079 3036 ut
1104 2986 1400 3036 haereticos
1427 3005 1603 3038 omnes
1629 2991 1915 3056 confunde—

101 3078 210 3130 ret,
245 3077 392 3122 ratus
402 3076 534 3142 Jure
562 3073 777 3132 merito,
817 3090 879 3122 ea
917 3073 1079 3123 semel
1112 3074 1325 3139 coynita
1364 3074 1509 3124 illico
1549 3075 1778 3125 aliarum
1813 3094 1914 3125 om-

102 3159 242 3207 nium
268 3158 607 3209 ecclesiarum
643 3159 1014 3217 traditionem,
1052 3160 1387 3218 sententiam,
1424 3165 1579 3227 atque
1618 3162 1915 3212 doctrinam

101 3244 364 3309 cognosci.
425 3242 551 3293 Cum
578 3247 714 3295 enim
739 3246 964 3296 ecclesia
994 3243 1238 3294 Romana
1265 3246 1490 3295 omnium
1513 3248 1794 3314 princeps,
1831 3265 1914 3298 ca-

99 3334 211 3394 put,
238 3334 287 3377 et
304 3330 485 3396 prima
510 3331 604 3388 sit3
633 3333 857 3382 omnium
885 3333 1115 3382 maxima
1137 3337 1186 3381 et
1206 3331 1585 3397 antiquissima,
1613 3339 1663 3383 et
1687 3335 1914 3384 maxime

104 3416 332 3480 coynita,
359 3414 423 3464 ab
452 3412 830 3482 Apostolorum
849 3420 1100 3485 principe
1131 3417 1295 3467 Petro
1324 3420 1536 3486 ejusque
1562 3421 1706 3470 socio
1738 3419 1913 3470 Paulo

106 3500 361 3562 fundata,
401 3519 535 3567 quae
562 3504 750 3554 ceteris
777 3505 1010 3556 oni-nibus
1043 3522 1149 3571 pro
1179 3521 1270 3554 suo
1280 3506 1413 3572 jure
1446 3507 1658 3570 praesit
1681 3512 1732 3557 et
1755 3508 1914 3557 domi-
