<?xml version="1.0" encoding="UTF-8"?>
<!DOCTYPE html PUBLIC "-//W3C//DTD XHTML 1.0 Transitional//EN"
    "http://www.w3.org/TR/xhtml1/DTD/xhtml1-transitional.dtd">
<html xmlns="http://www.w3.org/1999/xhtml" xml:lang="en" lang="en">
 <head>
  <title>
</title>
<meta http-equiv="Content-Type" content="text/html;charset=utf-8" />
  <meta name='ocr-system' content='tesseract 3.04.00' />
  <meta name='ocr-capabilities' content='ocr_page ocr_carea ocr_par ocr_line ocrx_word'/>
</head>
<body>
  <div class='ocr_page' id='page_1' title='image "a546178500balluoft_0047.png"; bbox 0 0 2320 3990; ppageno 0'>
   <div class='ocr_carea' id='block_1_1' title="bbox 654 202 1262 259">
    <p class='ocr_par' dir='ltr' id='par_1_1' title="bbox 654 202 1262 259">
     <span class='ocr_line' id='line_1_1' title="bbox 654 202 1262 259; baseline -0.007 -13"><span class='ocrx_word' id='word_1_1' title='bbox 654 202 1262 259; x_wconf 70' lang='lat'><strong>-15—</strong></span> 
     </span>
    </p>
   </div>
   <div class='ocr_carea' id='block_1_2' title="bbox 0 369 1875 3560">
    <p class='ocr_par' dir='ltr' id='par_1_2' title="bbox 0 369 1875 3560">
     <span class='ocr_line' id='line_1_2' title="bbox 53 369 1871 447; baseline -0.004 -20"><span class='ocrx_word' id='word_1_2' title='bbox 53 375 262 447; x_wconf 70' lang='lat' dir='ltr'><strong>graphez</strong></span> <span class='ocrx_word' id='word_1_3' title='bbox 292 374 414 426; x_wconf 81' lang='lat' dir='ltr'><strong>Idc&#39;e</strong></span> <span class='ocrx_word' id='word_1_4' title='bbox 436 373 690 442; x_wconf 77' lang='lat' dir='ltr'><strong>yenerale</strong></span> <span class='ocrx_word' id='word_1_5' title='bbox 715 373 787 424; x_wconf 83' lang='lat' dir='ltr'><strong>du</strong></span> <span class='ocrx_word' id='word_1_6' title='bbox 816 373 1017 424; x_wconf 73' lang='lat' dir='ltr'><strong>liheele:</strong></span> <span class='ocrx_word' id='word_1_7' title='bbox 1046 372 1220 440; x_wconf 80' lang='lat' dir='ltr'><strong>Motis</strong></span> <span class='ocrx_word' id='word_1_8' title='bbox 1237 370 1304 422; x_wconf 90' lang='lat' dir='ltr'><strong>de</strong></span> <span class='ocrx_word' id='word_1_9' title='bbox 1330 370 1475 421; x_wconf 79' lang='lat' dir='ltr'><strong>droit</strong></span> <span class='ocrx_word' id='word_1_10' title='bbox 1495 387 1639 437; x_wconf 79' lang='lat' dir='ltr'><strong>pour</strong></span> <span class='ocrx_word' id='word_1_11' title='bbox 1666 370 1716 421; x_wconf 86' lang='lat' dir='ltr'><strong>le</strong></span> <span class='ocrx_word' id='word_1_12' title='bbox 1735 369 1871 422; x_wconf 79' lang='lat' dir='ltr'><strong>Pro-</strong></span> 
     </span>
     <span class='ocr_line' id='line_1_3' title="bbox 0 458 1874 528; baseline -0.002 -17"><span class='ocrx_word' id='word_1_13' title='bbox 0 506 1 511; x_wconf 65' lang='lat'>,</span> <span class='ocrx_word' id='word_1_14' title='bbox 51 480 241 514; x_wconf 76' lang='lat' dir='ltr'><strong>curcur</strong></span> <span class='ocrx_word' id='word_1_15' title='bbox 277 462 342 512; x_wconf 87' lang='lat' dir='ltr'><strong>de</strong></span> <span class='ocrx_word' id='word_1_16' title='bbox 379 461 434 512; x_wconf 87' lang='lat' dir='ltr'><strong>la</strong></span> <span class='ocrx_word' id='word_1_17' title='bbox 466 460 610 511; x_wconf 84' lang='lat' dir='ltr'><strong>Cour</strong></span> <span class='ocrx_word' id='word_1_18' title='bbox 646 460 1061 528; x_wconf 77' lang='lat' dir='ltr'><strong>Ecclesiastique</strong></span> <span class='ocrx_word' id='word_1_19' title='bbox 1096 461 1164 510; x_wconf 88' lang='lat' dir='ltr'><strong>de</strong></span> <span class='ocrx_word' id='word_1_20' title='bbox 1201 458 1435 510; x_wconf 74' lang='lat' dir='ltr'><strong>Malines</strong></span> <span class='ocrx_word' id='word_1_21' title='bbox 1473 462 1784 508; x_wconf 75' lang='lat' dir='ltr'><strong>accusateur</strong></span> <span class='ocrx_word' id='word_1_22' title='bbox 1823 463 1874 507; x_wconf 85' lang='lat' dir='ltr'><strong>et</strong></span> 
     </span>
     <span class='ocr_line' id='line_1_4' title="bbox 46 541 1870 617; baseline -0.003 -17"><span class='ocrx_word' id='word_1_23' title='bbox 46 551 225 617; x_wconf 79' lang='lat' dir='ltr'><strong>partie</strong></span> <span class='ocrx_word' id='word_1_24' title='bbox 271 554 455 600; x_wconf 78' lang='lat' dir='ltr'><em>contre</em></span> <span class='ocrx_word' id='word_1_25' title='bbox 493 548 542 598; x_wconf 89' lang='lat' dir='ltr'><strong>le</strong></span> <span class='ocrx_word' id='word_1_26' title='bbox 581 547 647 598; x_wconf 89' lang='lat' dir='ltr'><strong>P.</strong></span> <span class='ocrx_word' id='word_1_27' title='bbox 698 547 943 606; x_wconf 73' lang='lat' dir='ltr'><strong>Quesnel.</strong></span> <span class='ocrx_word' id='word_1_28' title='bbox 1018 541 1145 597; x_wconf 85' lang='lat' dir='ltr'><strong>Cum</strong></span> <span class='ocrx_word' id='word_1_29' title='bbox 1176 543 1222 596; x_wconf 91' lang='lat' dir='ltr'><strong>is</strong></span> <span class='ocrx_word' id='word_1_30' title='bbox 1259 551 1522 596; x_wconf 80' lang='lat' dir='ltr'><strong>aecusatus</strong></span> <span class='ocrx_word' id='word_1_31' title='bbox 1556 541 1765 607; x_wconf 81' lang='lat' dir='ltr'><strong>fuisset,</strong></span> <span class='ocrx_word' id='word_1_32' title='bbox 1810 559 1870 595; x_wconf 87' lang='lat' dir='ltr'><strong>eo</strong></span> 
     </span>
     <span class='ocr_line' id='line_1_5' title="bbox 52 625 1871 704; baseline -0.002 -21"><span class='ocrx_word' id='word_1_33' title='bbox 52 634 175 704; x_wconf 83' lang='lat' dir='ltr'><strong>qnod</strong></span> <span class='ocrx_word' id='word_1_34' title='bbox 202 634 254 686; x_wconf 92' lang='lat' dir='ltr'><strong>in</strong></span> <span class='ocrx_word' id='word_1_35' title='bbox 281 633 376 686; x_wconf 90' lang='lat' dir='ltr'><strong>alio</strong></span> <span class='ocrx_word' id='word_1_36' title='bbox 404 651 554 704; x_wconf 87' lang='lat' dir='ltr'><strong>opere</strong></span> <span class='ocrx_word' id='word_1_37' title='bbox 580 630 637 684; x_wconf 89' lang='lat' dir='ltr'><strong>S.</strong></span> <span class='ocrx_word' id='word_1_38' title='bbox 666 630 875 685; x_wconf 83' lang='lat' dir='ltr'><strong>Petrum</strong></span> <span class='ocrx_word' id='word_1_39' title='bbox 901 639 952 683; x_wconf 90' lang='lat' dir='ltr'><strong>et</strong></span> <span class='ocrx_word' id='word_1_40' title='bbox 975 626 1033 682; x_wconf 91' lang='lat' dir='ltr'><strong>S.</strong></span> <span class='ocrx_word' id='word_1_41' title='bbox 1061 626 1274 681; x_wconf 86' lang='lat' dir='ltr'><strong>Paulum</strong></span> <span class='ocrx_word' id='word_1_42' title='bbox 1300 627 1394 680; x_wconf 85' lang='lat' dir='ltr'><strong>duo</strong></span> <span class='ocrx_word' id='word_1_43' title='bbox 1420 625 1682 682; x_wconf 80' lang='lat' dir='ltr'><strong>Ecclesiae</strong></span> <span class='ocrx_word' id='word_1_44' title='bbox 1708 627 1871 700; x_wconf 80' lang='lat' dir='ltr'><strong>capita</strong></span> 
     </span>
     <span class='ocr_line' id='line_1_6' title="bbox 52 714 1870 790; baseline -0.004 -16"><span class='ocrx_word' id='word_1_45' title='bbox 52 720 383 785; x_wconf 81' lang='lat' dir='ltr'><strong>constituens,</strong></span> <span class='ocrx_word' id='word_1_46' title='bbox 420 717 776 790; x_wconf 83' lang='lat' dir='ltr'><strong>reproduxisse</strong></span> <span class='ocrx_word' id='word_1_47' title='bbox 809 716 947 771; x_wconf 82' lang='lat' dir='ltr'><strong>visus</strong></span> <span class='ocrx_word' id='word_1_48' title='bbox 981 724 1117 768; x_wconf 82' lang='lat' dir='ltr'><strong>esset</strong></span> <span class='ocrx_word' id='word_1_49' title='bbox 1141 715 1532 788; x_wconf 82' lang='lat' dir='ltr'><strong>propositionem</strong></span> <span class='ocrx_word' id='word_1_50' title='bbox 1557 714 1870 779; x_wconf 79' lang='lat' dir='ltr'><strong>damnatam3</strong></span> 
     </span>
     <span class='ocr_line' id='line_1_7' title="bbox 53 801 1871 874; baseline -0.003 -15"><span class='ocrx_word' id='word_1_51' title='bbox 53 809 177 861; x_wconf 89' lang='lat' dir='ltr'><strong>hane</strong></span> <span class='ocrx_word' id='word_1_52' title='bbox 213 805 611 860; x_wconf 75' lang='lat' dir='ltr'><strong>criminationem</strong></span> <span class='ocrx_word' id='word_1_53' title='bbox 637 803 882 856; x_wconf 88' lang='lat' dir='ltr'><strong>diluturus</strong></span> <span class='ocrx_word' id='word_1_54' title='bbox 916 821 1030 874; x_wconf 79' lang='lat' dir='ltr'><strong>pag.</strong></span> <span class='ocrx_word' id='word_1_55' title='bbox 1059 802 1148 855; x_wconf 78' lang='lat'><strong>92.</strong></span> <span class='ocrx_word' id='word_1_56' title='bbox 1187 802 1384 867; x_wconf 79' lang='lat' dir='ltr'><strong>scribit,</strong></span> <span class='ocrx_word' id='word_1_57' title='bbox 1432 820 1542 855; x_wconf 87' lang='lat' dir='ltr'><strong>eum</strong></span> <span class='ocrx_word' id='word_1_58' title='bbox 1584 810 1778 854; x_wconf 87' lang='lat' dir='ltr'><strong>tantum</strong></span> <span class='ocrx_word' id='word_1_59' title='bbox 1818 801 1871 854; x_wconf 90' lang='lat' dir='ltr'><strong>in</strong></span> 
     </span>
     <span class='ocr_line' id='line_1_8' title="bbox 53 886 1872 960; baseline -0.004 -14"><span class='ocrx_word' id='word_1_60' title='bbox 53 894 331 946; x_wconf 86' lang='lat' dir='ltr'><strong>damnatam</strong></span> <span class='ocrx_word' id='word_1_61' title='bbox 357 892 535 946; x_wconf 81' lang='lat' dir='ltr'><strong>thesim</strong></span> <span class='ocrx_word' id='word_1_62' title='bbox 559 892 844 955; x_wconf 74' lang='lat' dir='ltr'><strong>incurrere,</strong></span> <span class='ocrx_word' id='word_1_63' title='bbox 883 889 966 960; x_wconf 93' lang='lat' dir='ltr'><strong>qui</strong></span> <span class='ocrx_word' id='word_1_64' title='bbox 991 889 1276 942; x_wconf 83' lang='lat' dir='ltr'><strong>admitteret</strong></span> <span class='ocrx_word' id='word_1_65' title='bbox 1301 889 1433 941; x_wconf 90' lang='lat' dir='ltr'><strong>inter</strong></span> <span class='ocrx_word' id='word_1_66' title='bbox 1459 886 1558 941; x_wconf 90' lang='lat' dir='ltr'><strong>SS.</strong></span> <span class='ocrx_word' id='word_1_67' title='bbox 1586 886 1796 941; x_wconf 76' lang='lat' dir='ltr'><strong>Petrtuu</strong></span> <span class='ocrx_word' id='word_1_68' title='bbox 1822 899 1872 941; x_wconf 86' lang='lat' dir='ltr'><strong>et</strong></span> 
     </span>
     <span class='ocr_line' id='line_1_9' title="bbox 54 975 1875 1047; baseline -0.001 -17"><span class='ocrx_word' id='word_1_69' title='bbox 54 978 261 1032; x_wconf 88' lang='lat' dir='ltr'><strong>Paulum</strong></span> <span class='ocrx_word' id='word_1_70' title='bbox 288 982 634 1034; x_wconf 77' lang='lat' dir='ltr'><strong>omnimodam</strong></span> <span class='ocrx_word' id='word_1_71' title='bbox 659 980 1033 1047; x_wconf 83' lang='lat' dir='ltr'><strong>aequalitatem</strong></span> <span class='ocrx_word' id='word_1_72' title='bbox 1058 980 1170 1028; x_wconf 83' lang='lat' dir='ltr'><strong>sine</strong></span> <span class='ocrx_word' id='word_1_73' title='bbox 1196 978 1310 1028; x_wconf 85' lang='lat' dir='ltr'><strong>ulla</strong></span> <span class='ocrx_word' id='word_1_74' title='bbox 1337 975 1774 1028; x_wconf 76' lang='lat' dir='ltr'><strong>subordinatione</strong></span> <span class='ocrx_word' id='word_1_75' title='bbox 1801 979 1875 1028; x_wconf 90' lang='lat' dir='ltr'><strong>ad</strong></span> 
     </span>
     <span class='ocr_line' id='line_1_10' title="bbox 58 1062 1872 1135; baseline -0.001 -19"><span class='ocrx_word' id='word_1_76' title='bbox 58 1067 114 1116; x_wconf 84' lang='lat' dir='ltr'><strong>S.</strong></span> <span class='ocrx_word' id='word_1_77' title='bbox 147 1068 391 1127; x_wconf 75' lang='lat' dir='ltr'><strong>Petrum,</strong></span> <span class='ocrx_word' id='word_1_78' title='bbox 417 1076 470 1117; x_wconf 91' lang='lat' dir='ltr'><strong>ut</strong></span> <span class='ocrx_word' id='word_1_79' title='bbox 494 1065 544 1117; x_wconf 92' lang='lat' dir='ltr'><strong>in</strong></span> <span class='ocrx_word' id='word_1_80' title='bbox 572 1065 771 1118; x_wconf 86' lang='lat' dir='ltr'><strong>decreto</strong></span> <span class='ocrx_word' id='word_1_81' title='bbox 799 1063 1097 1135; x_wconf 81' lang='lat' dir='ltr'><strong>explicatur.</strong></span> <span class='ocrx_word' id='word_1_82' title='bbox 1150 1062 1221 1116; x_wconf 85' lang='lat' dir='ltr'><strong>Se</strong></span> <span class='ocrx_word' id='word_1_83' title='bbox 1262 1073 1424 1116; x_wconf 89' lang='lat' dir='ltr'><strong>autem</strong></span> <span class='ocrx_word' id='word_1_84' title='bbox 1462 1063 1522 1114; x_wconf 83' lang='lat' dir='ltr'><strong>ab</strong></span> <span class='ocrx_word' id='word_1_85' title='bbox 1550 1062 1642 1116; x_wconf 88' lang='lat' dir='ltr'><strong>hae</strong></span> <span class='ocrx_word' id='word_1_86' title='bbox 1669 1071 1872 1116; x_wconf 87' lang='lat' dir='ltr'><strong>senten-</strong></span> 
     </span>
     <span class='ocr_line' id='line_1_11' title="bbox 54 1148 1872 1223; baseline -0.001 -21"><span class='ocrx_word' id='word_1_87' title='bbox 54 1151 123 1203; x_wconf 85' lang='lat' dir='ltr'><strong>tia</strong></span> <span class='ocrx_word' id='word_1_88' title='bbox 161 1152 281 1204; x_wconf 89' lang='lat' dir='ltr'><strong>adeo</strong></span> <span class='ocrx_word' id='word_1_89' title='bbox 317 1152 529 1204; x_wconf 80' lang='lat' dir='ltr'><strong>alienum</strong></span> <span class='ocrx_word' id='word_1_90' title='bbox 566 1154 786 1223; x_wconf 80' lang='lat' dir='ltr'><strong>praefert</strong></span> <span class='ocrx_word' id='word_1_91' title='bbox 821 1170 935 1223; x_wconf 80' lang='lat' dir='ltr'><strong>pag.</strong></span> <span class='ocrx_word' id='word_1_92' title='bbox 963 1151 1051 1205; x_wconf 83' lang='lat'><strong>94.</strong></span> <span class='ocrx_word' id='word_1_93' title='bbox 1079 1161 1133 1203; x_wconf 92' lang='lat' dir='ltr'><strong>ut</strong></span> <span class='ocrx_word' id='word_1_94' title='bbox 1159 1148 1215 1202; x_wconf 92' lang='lat' dir='ltr'><strong>S.</strong></span> <span class='ocrx_word' id='word_1_95' title='bbox 1251 1148 1413 1203; x_wconf 90' lang='lat' dir='ltr'><strong>Paulo</strong></span> <span class='ocrx_word' id='word_1_96' title='bbox 1449 1167 1550 1202; x_wconf 90' lang='lat' dir='ltr'><strong>non</strong></span> <span class='ocrx_word' id='word_1_97' title='bbox 1588 1149 1872 1202; x_wconf 86' lang='lat' dir='ltr'><strong>attribuerit</strong></span> 
     </span>
     <span class='ocr_line' id='line_1_12' title="bbox 51 1236 1870 1309; baseline 0 -21"><span class='ocrx_word' id='word_1_98' title='bbox 51 1255 262 1307; x_wconf 84' lang='lat' dir='ltr'><strong>unquam</strong></span> <span class='ocrx_word' id='word_1_99' title='bbox 289 1238 548 1309; x_wconf 87' lang='lat' dir='ltr'><strong>primatum</strong></span> <span class='ocrx_word' id='word_1_100' title='bbox 587 1239 925 1293; x_wconf 76' lang='lat' dir='ltr'><strong>universalem</strong></span> <span class='ocrx_word' id='word_1_101' title='bbox 960 1238 1011 1290; x_wconf 87' lang='lat' dir='ltr'><strong>in</strong></span> <span class='ocrx_word' id='word_1_102' title='bbox 1036 1248 1190 1291; x_wconf 85' lang='lat' dir='ltr'><strong>totam</strong></span> <span class='ocrx_word' id='word_1_103' title='bbox 1216 1236 1526 1301; x_wconf 86' lang='lat' dir='ltr'><strong>Ecclesiam,</strong></span> <span class='ocrx_word' id='word_1_104' title='bbox 1566 1237 1760 1306; x_wconf 86' lang='lat' dir='ltr'><strong>qualem</strong></span> <span class='ocrx_word' id='word_1_105' title='bbox 1786 1238 1870 1289; x_wconf 89' lang='lat' dir='ltr'><strong>uni</strong></span> 
     </span>
     <span class='ocr_line' id='line_1_13' title="bbox 51 1321 1871 1395; baseline -0.001 -19"><span class='ocrx_word' id='word_1_106' title='bbox 51 1321 106 1376; x_wconf 88' lang='lat' dir='ltr'><strong>S.</strong></span> <span class='ocrx_word' id='word_1_107' title='bbox 140 1321 292 1376; x_wconf 87' lang='lat' dir='ltr'><strong>Petro</strong></span> <span class='ocrx_word' id='word_1_108' title='bbox 322 1326 643 1378; x_wconf 86' lang='lat' dir='ltr'><strong>asserendum</strong></span> <span class='ocrx_word' id='word_1_109' title='bbox 670 1344 770 1378; x_wconf 88' lang='lat' dir='ltr'><strong>non</strong></span> <span class='ocrx_word' id='word_1_110' title='bbox 797 1325 1003 1389; x_wconf 78' lang='lat' dir='ltr'><strong>dubitat,</strong></span> <span class='ocrx_word' id='word_1_111' title='bbox 1031 1326 1117 1378; x_wconf 85' lang='lat' dir='ltr'><strong>sed</strong></span> <span class='ocrx_word' id='word_1_112' title='bbox 1143 1325 1400 1394; x_wconf 87' lang='lat' dir='ltr'><strong>quemdam</strong></span> <span class='ocrx_word' id='word_1_113' title='bbox 1426 1324 1689 1395; x_wconf 85' lang='lat' dir='ltr'><strong>primatum</strong></span> <span class='ocrx_word' id='word_1_114' title='bbox 1714 1324 1871 1394; x_wconf 88' lang='lat' dir='ltr'><strong>parti-</strong></span> 
     </span>
     <span class='ocr_line' id='line_1_14' title="bbox 53 1410 1871 1482; baseline 0 -20"><span class='ocrx_word' id='word_1_115' title='bbox 53 1410 266 1462; x_wconf 78' lang='lat' dir='ltr'><strong>cularem</strong></span> <span class='ocrx_word' id='word_1_116' title='bbox 292 1410 342 1462; x_wconf 93' lang='lat' dir='ltr'><strong>in</strong></span> <span class='ocrx_word' id='word_1_117' title='bbox 370 1410 631 1476; x_wconf 79' lang='lat' dir='ltr'><strong>Gentibus,</strong></span> <span class='ocrx_word' id='word_1_118' title='bbox 659 1431 864 1481; x_wconf 87' lang='lat' dir='ltr'><strong>quarum</strong></span> <span class='ocrx_word' id='word_1_119' title='bbox 891 1421 1052 1482; x_wconf 81' lang='lat' dir='ltr'><strong>caput,</strong></span> <span class='ocrx_word' id='word_1_120' title='bbox 1079 1411 1336 1482; x_wconf 82' lang='lat' dir='ltr'><strong>magister,</strong></span> <span class='ocrx_word' id='word_1_121' title='bbox 1364 1411 1554 1474; x_wconf 77' lang='lat' dir='ltr'><strong>doctor,</strong></span> <span class='ocrx_word' id='word_1_122' title='bbox 1584 1420 1633 1463; x_wconf 86' lang='lat' dir='ltr'><strong>et</strong></span> <span class='ocrx_word' id='word_1_123' title='bbox 1649 1410 1871 1481; x_wconf 89' lang='lat' dir='ltr'><strong>Aposto-</strong></span> 
     </span>
     <span class='ocr_line' id='line_1_15' title="bbox 54 1493 1870 1569; baseline 0.002 -23"><span class='ocrx_word' id='word_1_124' title='bbox 54 1497 126 1547; x_wconf 85' lang='lat' dir='ltr'><strong>lus</strong></span> <span class='ocrx_word' id='word_1_125' title='bbox 164 1495 215 1546; x_wconf 89' lang='lat' dir='ltr'><strong>in</strong></span> <span class='ocrx_word' id='word_1_126' title='bbox 251 1514 398 1548; x_wconf 88' lang='lat' dir='ltr'><strong>sacra</strong></span> <span class='ocrx_word' id='word_1_127' title='bbox 422 1496 683 1569; x_wconf 81' lang='lat' dir='ltr'><strong>Scriptura</strong></span> <span class='ocrx_word' id='word_1_128' title='bbox 718 1507 767 1551; x_wconf 84' lang='lat' dir='ltr'><strong>et</strong></span> <span class='ocrx_word' id='word_1_129' title='bbox 803 1498 854 1549; x_wconf 93' lang='lat' dir='ltr'><strong>in</strong></span> <span class='ocrx_word' id='word_1_130' title='bbox 889 1497 1155 1550; x_wconf 76' lang='lat' dir='ltr'><strong>traditione</strong></span> <span class='ocrx_word' id='word_1_131' title='bbox 1183 1498 1473 1568; x_wconf 85' lang='lat' dir='ltr'><strong>appellatur.</strong></span> <span class='ocrx_word' id='word_1_132' title='bbox 1552 1493 1685 1563; x_wconf 86' lang='lat' dir='ltr'><strong>Quin</strong></span> <span class='ocrx_word' id='word_1_133' title='bbox 1721 1498 1870 1550; x_wconf 85' lang='lat' dir='ltr'><strong>etiam</strong></span> 
     </span>
     <span class='ocr_line' id='line_1_16' title="bbox 53 1581 1869 1655; baseline 0.002 -24"><span class='ocrx_word' id='word_1_134' title='bbox 53 1581 208 1644; x_wconf 78' lang='lat' dir='ltr'><strong>addit,</strong></span> <span class='ocrx_word' id='word_1_135' title='bbox 247 1599 302 1633; x_wconf 84' lang='lat' dir='ltr'><strong>se</strong></span> <span class='ocrx_word' id='word_1_136' title='bbox 338 1601 438 1634; x_wconf 92' lang='lat' dir='ltr'><strong>non</strong></span> <span class='ocrx_word' id='word_1_137' title='bbox 471 1602 620 1653; x_wconf 88' lang='lat' dir='ltr'><strong>posse</strong></span> <span class='ocrx_word' id='word_1_138' title='bbox 659 1586 932 1655; x_wconf 84' lang='lat' dir='ltr'><strong>approbare</strong></span> <span class='ocrx_word' id='word_1_139' title='bbox 960 1584 1257 1636; x_wconf 88' lang='lat' dir='ltr'><strong>sententiam</strong></span> <span class='ocrx_word' id='word_1_140' title='bbox 1283 1583 1428 1637; x_wconf 89' lang='lat' dir='ltr'><strong>Petri</strong></span> <span class='ocrx_word' id='word_1_141' title='bbox 1454 1584 1513 1637; x_wconf 88' lang='lat' dir='ltr'><strong>de</strong></span> <span class='ocrx_word' id='word_1_142' title='bbox 1539 1583 1748 1649; x_wconf 75' lang='lat' dir='ltr'><strong>Marcu,</strong></span> <span class='ocrx_word' id='word_1_143' title='bbox 1787 1585 1869 1655; x_wconf 89' lang='lat' dir='ltr'><strong>qui</strong></span> 
     </span>
     <span class='ocr_line' id='line_1_17' title="bbox 52 1667 1867 1741; baseline 0.004 -25"><span class='ocrx_word' id='word_1_144' title='bbox 52 1667 381 1720; x_wconf 80' lang='lat' dir='ltr'><strong>universalem</strong></span> <span class='ocrx_word' id='word_1_145' title='bbox 418 1668 681 1738; x_wconf 86' lang='lat' dir='ltr'><strong>primatum</strong></span> <span class='ocrx_word' id='word_1_146' title='bbox 714 1670 847 1721; x_wconf 87' lang='lat' dir='ltr'><strong>inter</strong></span> <span class='ocrx_word' id='word_1_147' title='bbox 883 1670 1081 1722; x_wconf 86' lang='lat' dir='ltr'><strong>eosdem</strong></span> <span class='ocrx_word' id='word_1_148' title='bbox 1114 1670 1391 1739; x_wconf 86' lang='lat' dir='ltr'><strong>Apostolos</strong></span> <span class='ocrx_word' id='word_1_149' title='bbox 1425 1670 1496 1722; x_wconf 91' lang='lat' dir='ltr'><strong>ita</strong></span> <span class='ocrx_word' id='word_1_150' title='bbox 1531 1671 1682 1724; x_wconf 82' lang='lat' dir='ltr'><strong>dividi</strong></span> <span class='ocrx_word' id='word_1_151' title='bbox 1716 1689 1867 1741; x_wconf 88' lang='lat' dir='ltr'><strong>posse</strong></span> 
     </span>
     <span class='ocr_line' id='line_1_18' title="bbox 51 1752 1868 1826; baseline 0.003 -23"><span class='ocrx_word' id='word_1_152' title='bbox 51 1752 265 1816; x_wconf 84' lang='lat' dir='ltr'><strong>censuit,</strong></span> <span class='ocrx_word' id='word_1_153' title='bbox 312 1763 364 1804; x_wconf 94' lang='lat' dir='ltr'><strong>ut</strong></span> <span class='ocrx_word' id='word_1_154' title='bbox 411 1752 468 1806; x_wconf 87' lang='lat' dir='ltr'><strong>S.</strong></span> <span class='ocrx_word' id='word_1_155' title='bbox 510 1753 667 1807; x_wconf 88' lang='lat' dir='ltr'><strong>Petro</strong></span> <span class='ocrx_word' id='word_1_156' title='bbox 712 1755 958 1807; x_wconf 78' lang='lat' dir='ltr'><strong>tribuatur</strong></span> <span class='ocrx_word' id='word_1_157' title='bbox 1001 1755 1193 1825; x_wconf 85' lang='lat' dir='ltr'><strong>quidem</strong></span> <span class='ocrx_word' id='word_1_158' title='bbox 1237 1757 1478 1826; x_wconf 88' lang='lat' dir='ltr'><strong>primatus</strong></span> <span class='ocrx_word' id='word_1_159' title='bbox 1524 1757 1868 1821; x_wconf 79' lang='lat' dir='ltr'><strong>auct01·itatiS‚</strong></span> 
     </span>
     <span class='ocr_line' id='line_1_19' title="bbox 51 1835 1869 1913; baseline 0.004 -24"><span class='ocrx_word' id='word_1_160' title='bbox 51 1848 100 1889; x_wconf 86' lang='lat' dir='ltr'><strong>at</strong></span> <span class='ocrx_word' id='word_1_161' title='bbox 137 1835 192 1890; x_wconf 90' lang='lat' dir='ltr'><strong>S.</strong></span> <span class='ocrx_word' id='word_1_162' title='bbox 222 1836 382 1892; x_wconf 89' lang='lat' dir='ltr'><strong>Paulo</strong></span> <span class='ocrx_word' id='word_1_163' title='bbox 421 1841 676 1894; x_wconf 88' lang='lat' dir='ltr'><strong>doctrinae</strong></span> <span class='ocrx_word' id='word_1_164' title='bbox 711 1843 951 1913; x_wconf 87' lang='lat' dir='ltr'><strong>primatus</strong></span> <span class='ocrx_word' id='word_1_165' title='bbox 989 1861 1090 1895; x_wconf 90' lang='lat' dir='ltr'><strong>non</strong></span> <span class='ocrx_word' id='word_1_166' title='bbox 1126 1851 1356 1912; x_wconf 82' lang='lat' dir='ltr'><strong>negetur.</strong></span> <span class='ocrx_word' id='word_1_167' title='bbox 1421 1841 1527 1896; x_wconf 88' lang='lat' dir='ltr'><strong>Cur</strong></span> <span class='ocrx_word' id='word_1_168' title='bbox 1562 1863 1683 1898; x_wconf 85' lang='lat' dir='ltr'><strong>vero</strong></span> <span class='ocrx_word' id='word_1_169' title='bbox 1721 1845 1869 1897; x_wconf 87' lang='lat' dir='ltr'><strong>istam</strong></span> 
     </span>
     <span class='ocr_line' id='line_1_20' title="bbox 50 1924 1869 2001; baseline 0.006 -27"><span class='ocrx_word' id='word_1_170' title='bbox 50 1924 285 1994; x_wconf 87' lang='lat' dir='ltr'><strong>primatus</strong></span> <span class='ocrx_word' id='word_1_171' title='bbox 329 1928 647 1998; x_wconf 84' lang='lat' dir='ltr'><strong>partitionem</strong></span> <span class='ocrx_word' id='word_1_172' title='bbox 695 1930 782 1982; x_wconf 87' lang='lat' dir='ltr'><strong>abs</strong></span> <span class='ocrx_word' id='word_1_173' title='bbox 828 1948 884 1982; x_wconf 86' lang='lat' dir='ltr'><strong>se</strong></span> <span class='ocrx_word' id='word_1_174' title='bbox 920 1929 1123 2000; x_wconf 87' lang='lat' dir='ltr'><strong>probari</strong></span> <span class='ocrx_word' id='word_1_175' title='bbox 1166 1949 1267 1982; x_wconf 90' lang='lat' dir='ltr'><strong>non</strong></span> <span class='ocrx_word' id='word_1_176' title='bbox 1300 1931 1487 2001; x_wconf 81' lang='lat' dir='ltr'><strong>possit,</strong></span> <span class='ocrx_word' id='word_1_177' title='bbox 1535 1931 1626 1984; x_wconf 87' lang='lat' dir='ltr'><strong>hac</strong></span> <span class='ocrx_word' id='word_1_178' title='bbox 1673 1932 1869 1985; x_wconf 88' lang='lat' dir='ltr'><strong>ratione</strong></span> 
     </span>
     <span class='ocr_line' id='line_1_21' title="bbox 49 2011 1868 2086; baseline 0.007 -26"><span class='ocrx_word' id='word_1_179' title='bbox 49 2011 246 2063; x_wconf 80' lang='lat' dir='ltr'><strong>statuit:</strong></span> <span class='ocrx_word' id='word_1_180' title='bbox 305 2014 410 2065; x_wconf 87' lang='lat' dir='ltr'><strong>Car</strong></span> <span class='ocrx_word' id='word_1_181' title='bbox 461 2018 513 2067; x_wconf 89' lang='lat' dir='ltr'><strong>la</strong></span> <span class='ocrx_word' id='word_1_182' title='bbox 552 2021 799 2083; x_wconf 83' lang='lat' dir='ltr'><strong>fonction</strong></span> <span class='ocrx_word' id='word_1_183' title='bbox 846 2020 1177 2086; x_wconf 74' lang='lat' dir='ltr'><strong>d’enseiyner</strong></span> <span class='ocrx_word' id='word_1_184' title='bbox 1226 2038 1338 2069; x_wconf 66' lang='lat' dir='ltr'><strong>aaa·</strong></span> <span class='ocrx_word' id='word_1_185' title='bbox 1385 2019 1613 2071; x_wconf 85' lang='lat' dir='ltr'><strong>hommes</strong></span> <span class='ocrx_word' id='word_1_186' title='bbox 1666 2022 1742 2071; x_wconf 88' lang='lat' dir='ltr'><strong>les</strong></span> <span class='ocrx_word' id='word_1_187' title='bbox 1789 2040 1868 2072; x_wconf 73' lang='lat' dir='ltr'><strong>ve-</strong></span> 
     </span>
     <span class='ocr_line' id='line_1_22' title="bbox 52 2101 1868 2174; baseline 0.007 -27"><span class='ocrx_word' id='word_1_188' title='bbox 52 2101 176 2150; x_wconf 81' lang='lat' dir='ltr'><strong>rite&#39;s</strong></span> <span class='ocrx_word' id='word_1_189' title='bbox 225 2102 289 2150; x_wconf 80' lang='lat' dir='ltr'><strong>dc</strong></span> <span class='ocrx_word' id='word_1_190' title='bbox 337 2103 390 2151; x_wconf 91' lang='lat' dir='ltr'><strong>la</strong></span> <span class='ocrx_word' id='word_1_191' title='bbox 431 2105 542 2167; x_wconf 86' lang='lat' dir='ltr'><strong>foi,</strong></span> <span class='ocrx_word' id='word_1_192' title='bbox 594 2105 968 2169; x_wconf 80' lang='lat' dir='ltr'><strong>d&#39;interpreter</strong></span> <span class='ocrx_word' id='word_1_193' title='bbox 1017 2106 1071 2155; x_wconf 91' lang='lat' dir='ltr'><strong>la</strong></span> <span class='ocrx_word' id='word_1_194' title='bbox 1096 2107 1295 2171; x_wconf 77' lang='lat' dir='ltr'><strong>parole</strong></span> <span class='ocrx_word' id='word_1_195' title='bbox 1339 2107 1404 2156; x_wconf 89' lang='lat' dir='ltr'><strong>de</strong></span> <span class='ocrx_word' id='word_1_196' title='bbox 1441 2107 1611 2167; x_wconf 86' lang='lat' dir='ltr'><strong>Dieu,</strong></span> <span class='ocrx_word' id='word_1_197' title='bbox 1660 2109 1868 2174; x_wconf 84' lang='lat' dir='ltr'><strong>d&#39;espli-</strong></span> 
     </span>
     <span class='ocr_line' id='line_1_23' title="bbox 53 2185 1868 2255; baseline 0.007 -22"><span class='ocrx_word' id='word_1_198' title='bbox 53 2202 181 2250; x_wconf 85' lang='lat' dir='ltr'><strong>quer</strong></span> <span class='ocrx_word' id='word_1_199' title='bbox 211 2185 284 2235; x_wconf 82' lang='lat' dir='ltr'><strong>les</strong></span> <span class='ocrx_word' id='word_1_200' title='bbox 312 2193 561 2255; x_wconf 72' lang='lat' dir='ltr'><strong>mysteres</strong></span> <span class='ocrx_word' id='word_1_201' title='bbox 589 2189 659 2237; x_wconf 85' lang='lat' dir='ltr'><strong>du</strong></span> <span class='ocrx_word' id='word_1_202' title='bbox 685 2189 859 2247; x_wconf 81' lang='lat' dir='ltr'><strong>salut,</strong></span> <span class='ocrx_word' id='word_1_203' title='bbox 894 2191 1039 2239; x_wconf 81' lang='lat' dir='ltr'><strong>e&#39;tant</strong></span> <span class='ocrx_word' id='word_1_204' title='bbox 1063 2191 1208 2239; x_wconf 85' lang='lat' dir='ltr'><strong>selon</strong></span> <span class='ocrx_word' id='word_1_205' title='bbox 1239 2191 1523 2242; x_wconf 85' lang='lat' dir='ltr'><strong>l&#39;Ecriture</strong></span> <span class='ocrx_word' id='word_1_206' title='bbox 1552 2200 1601 2242; x_wconf 85' lang='lat' dir='ltr'><strong>et</strong></span> <span class='ocrx_word' id='word_1_207' title='bbox 1627 2195 1701 2244; x_wconf 84' lang='lat' dir='ltr'><strong>les</strong></span> <span class='ocrx_word' id='word_1_208' title='bbox 1737 2194 1868 2245; x_wconf 85' lang='lat' dir='ltr'><strong>Con-</strong></span> 
     </span>
     <span class='ocr_line' id='line_1_24' title="bbox 54 2270 1871 2345; baseline 0.007 -27"><span class='ocrx_word' id='word_1_209' title='bbox 54 2270 180 2320; x_wconf 67' lang='lat' dir='ltr'><strong>viles</strong></span> <span class='ocrx_word' id='word_1_210' title='bbox 209 2272 261 2320; x_wconf 88' lang='lat' dir='ltr'><strong>la</strong></span> <span class='ocrx_word' id='word_1_211' title='bbox 291 2274 600 2339; x_wconf 74' lang='lat' dir='ltr'><strong>principale</strong></span> <span class='ocrx_word' id='word_1_212' title='bbox 620 2277 865 2339; x_wconf 80' lang='lat' dir='ltr'><strong>fonction</strong></span> <span class='ocrx_word' id='word_1_213' title='bbox 902 2276 968 2324; x_wconf 88' lang='lat' dir='ltr'><strong>de</strong></span> <span class='ocrx_word' id='word_1_214' title='bbox 996 2275 1354 2342; x_wconf 77' lang='lat' dir='ltr'><strong>l&#39;Episcopat‚</strong></span> <span class='ocrx_word' id='word_1_215' title='bbox 1392 2284 1442 2327; x_wconf 84' lang='lat' dir='ltr'><strong>et</strong></span> <span class='ocrx_word' id='word_1_216' title='bbox 1474 2279 1521 2328; x_wconf 90' lang='lat' dir='ltr'><strong>le</strong></span> <span class='ocrx_word' id='word_1_217' title='bbox 1552 2281 1871 2345; x_wconf 79' lang='lat' dir='ltr'><strong>fomlament</strong></span> 
     </span>
     <span class='ocr_line' id='line_1_25' title="bbox 50 2354 1866 2431; baseline 0.007 -26"><span class='ocrx_word' id='word_1_218' title='bbox 50 2354 114 2405; x_wconf 85' lang='lat' dir='ltr'><strong>de</strong></span> <span class='ocrx_word' id='word_1_219' title='bbox 149 2356 368 2423; x_wconf 73' lang='lat' dir='ltr'><strong>l&#39;Eylt&#39;se</strong></span> <span class='ocrx_word' id='word_1_220' title='bbox 408 2396 419 2407; x_wconf 94' lang='lat'><strong>.</strong></span> <span class='ocrx_word' id='word_1_221' title='bbox 452 2397 464 2407; x_wconf 87' lang='lat'><strong>.</strong></span> <span class='ocrx_word' id='word_1_222' title='bbox 496 2397 507 2408; x_wconf 94' lang='lat'><strong>.</strong></span> <span class='ocrx_word' id='word_1_223' title='bbox 548 2360 849 2426; x_wconf 58' lang='lat' dir='ltr'><strong>depoailler</strong></span> <span class='ocrx_word' id='word_1_224' title='bbox 891 2361 947 2410; x_wconf 90' lang='lat' dir='ltr'><strong>S.</strong></span> <span class='ocrx_word' id='word_1_225' title='bbox 990 2360 1182 2412; x_wconf 85' lang='lat' dir='ltr'><strong>Pierre</strong></span> <span class='ocrx_word' id='word_1_226' title='bbox 1219 2365 1284 2414; x_wconf 87' lang='lat' dir='ltr'><strong>dc</strong></span> <span class='ocrx_word' id='word_1_227' title='bbox 1321 2365 1373 2414; x_wconf 89' lang='lat' dir='ltr'><strong>la</strong></span> <span class='ocrx_word' id='word_1_228' title='bbox 1405 2367 1677 2431; x_wconf 72' lang='lat' dir='ltr'><strong>primaute</strong></span> <span class='ocrx_word' id='word_1_229' title='bbox 1709 2369 1774 2418; x_wconf 86' lang='lat' dir='ltr'><strong>de</strong></span> <span class='ocrx_word' id='word_1_230' title='bbox 1814 2370 1866 2420; x_wconf 90' lang='lat' dir='ltr'><strong>la</strong></span> 
     </span>
     <span class='ocr_line' id='line_1_26' title="bbox 49 2432 1866 2520; baseline 0.008 -30"><span class='ocrx_word' id='word_1_231' title='bbox 49 2442 288 2493; x_wconf 73' lang='lat' dir='ltr'><strong>doctrine</strong></span> <span class='ocrx_word' id='word_1_232' title='bbox 307 2462 453 2510; x_wconf 81' lang='lat' dir='ltr'><strong>pour</strong></span> <span class='ocrx_word' id='word_1_233' title='bbox 480 2464 541 2495; x_wconf 85' lang='lat' dir='ltr'><strong>en</strong></span> <span class='ocrx_word' id='word_1_234' title='bbox 569 2449 763 2497; x_wconf 78' lang='lat' dir='ltr'><strong>rerctir</strong></span> <span class='ocrx_word' id='word_1_235' title='bbox 796 2447 852 2497; x_wconf 91' lang='lat' dir='ltr'><strong>S.</strong></span> <span class='ocrx_word' id='word_1_236' title='bbox 886 2432 1060 2508; x_wconf 81' lang='lat' dir='ltr'><strong>Paul,</strong></span> <span class='ocrx_word' id='word_1_237' title='bbox 1095 2452 1219 2500; x_wconf 85' lang='lat' dir='ltr'><strong>e’est</strong></span> <span class='ocrx_word' id='word_1_238' title='bbox 1243 2469 1276 2500; x_wconf 88' lang='lat' dir='ltr'><strong>a</strong></span> <span class='ocrx_word' id='word_1_239' title='bbox 1301 2469 1422 2501; x_wconf 83' lang='lat' dir='ltr'><strong>mon</strong></span> <span class='ocrx_word' id='word_1_240' title='bbox 1450 2454 1560 2502; x_wconf 77' lang='lat' dir='ltr'><strong>avis</strong></span> <span class='ocrx_word' id='word_1_241' title='bbox 1587 2471 1786 2520; x_wconf 77' lang='lat' dir='ltr'><strong>supper</strong></span> <span class='ocrx_word' id='word_1_242' title='bbox 1815 2457 1866 2506; x_wconf 89' lang='lat' dir='ltr'><strong>la</strong></span> 
     </span>
     <span class='ocr_line' id='line_1_27' title="bbox 44 2531 1867 2607; baseline 0.009 -31"><span class='ocrx_word' id='word_1_243' title='bbox 44 2531 311 2592; x_wconf 75' lang='lat' dir='ltr'><strong>prinaeautc&#39;</strong></span> <span class='ocrx_word' id='word_1_244' title='bbox 337 2549 446 2596; x_wconf 78' lang='lat' dir='ltr'><strong>par</strong></span> <span class='ocrx_word' id='word_1_245' title='bbox 486 2532 534 2581; x_wconf 79' lang='lat' dir='ltr'><strong>le</strong></span> <span class='ocrx_word' id='word_1_246' title='bbox 563 2534 719 2598; x_wconf 79' lang='lat' dir='ltr'><strong>picd,</strong></span> <span class='ocrx_word' id='word_1_247' title='bbox 765 2540 841 2592; x_wconf 87' lang='lat' dir='ltr'><strong>ct,</strong></span> <span class='ocrx_word' id='word_1_248' title='bbox 888 2552 1083 2585; x_wconf 87' lang='lat' dir='ltr'><strong>comme</strong></span> <span class='ocrx_word' id='word_1_249' title='bbox 1121 2537 1223 2587; x_wconf 89' lang='lat' dir='ltr'><strong>l’on</strong></span> <span class='ocrx_word' id='word_1_250' title='bbox 1260 2539 1361 2596; x_wconf 81' lang='lat' dir='ltr'><strong>dit,</strong></span> <span class='ocrx_word' id='word_1_251' title='bbox 1400 2541 1549 2604; x_wconf 83' lang='lat' dir='ltr'><strong>faire</strong></span> <span class='ocrx_word' id='word_1_252' title='bbox 1589 2541 1643 2591; x_wconf 90' lang='lat' dir='ltr'><strong>la</strong></span> <span class='ocrx_word' id='word_1_253' title='bbox 1675 2548 1808 2607; x_wconf 78' lang='lat' dir='ltr'><strong>part</strong></span> <span class='ocrx_word' id='word_1_254' title='bbox 1834 2562 1867 2592; x_wconf 93' lang='lat' dir='ltr'><strong>a</strong></span> 
     </span>
     <span class='ocr_line' id='line_1_28' title="bbox 51 2610 1869 2695; baseline 0.01 -34"><span class='ocrx_word' id='word_1_255' title='bbox 51 2610 239 2663; x_wconf 81' lang='lat' dir='ltr'><strong>I’Aine&#39;.</strong></span> <span class='ocrx_word' id='word_1_256' title='bbox 304 2615 410 2666; x_wconf 86' lang='lat' dir='ltr'><strong>Car</strong></span> <span class='ocrx_word' id='word_1_257' title='bbox 446 2619 488 2667; x_wconf 85' lang='lat' dir='ltr'><strong>il</strong></span> <span class='ocrx_word' id='word_1_258' title='bbox 519 2621 671 2685; x_wconf 70' lang='lat' dir='ltr'><strong>s’ayit</strong></span> <span class='ocrx_word' id='word_1_259' title='bbox 706 2622 777 2669; x_wconf 86' lang='lat' dir='ltr'><strong>ici</strong></span> <span class='ocrx_word' id='word_1_260' title='bbox 813 2621 878 2670; x_wconf 84' lang='lat' dir='ltr'><strong>de</strong></span> <span class='ocrx_word' id='word_1_261' title='bbox 916 2628 1053 2672; x_wconf 87' lang='lat' dir='ltr'><strong>cette</strong></span> <span class='ocrx_word' id='word_1_262' title='bbox 1090 2630 1233 2673; x_wconf 85' lang='lat' dir='ltr'><strong>sorte</strong></span> <span class='ocrx_word' id='word_1_263' title='bbox 1271 2625 1337 2673; x_wconf 88' lang='lat' dir='ltr'><strong>dc</strong></span> <span class='ocrx_word' id='word_1_264' title='bbox 1364 2625 1634 2687; x_wconf 76' lang='lat' dir='ltr'><strong>doctrine,</strong></span> <span class='ocrx_word' id='word_1_265' title='bbox 1674 2631 1766 2695; x_wconf 82' lang='lat' dir='ltr'><strong>qui</strong></span> <span class='ocrx_word' id='word_1_266' title='bbox 1791 2636 1869 2680; x_wconf 81' lang='lat' dir='ltr'><strong>est</strong></span> 
     </span>
     <span class='ocr_line' id='line_1_29' title="bbox 53 2703 1866 2774; baseline 0.01 -27"><span class='ocrx_word' id='word_1_267' title='bbox 53 2715 203 2760; x_wconf 73' lang='lat' dir='ltr'><strong>reeue</strong></span> <span class='ocrx_word' id='word_1_268' title='bbox 221 2719 331 2766; x_wconf 74' lang='lat' dir='ltr'><strong>par</strong></span> <span class='ocrx_word' id='word_1_269' title='bbox 359 2703 411 2752; x_wconf 88' lang='lat' dir='ltr'><strong>la</strong></span> <span class='ocrx_word' id='word_1_270' title='bbox 438 2705 746 2764; x_wconf 76' lang='lat' dir='ltr'><strong>revelation,</strong></span> <span class='ocrx_word' id='word_1_271' title='bbox 772 2713 823 2756; x_wconf 89' lang='lat' dir='ltr'><strong>et</strong></span> <span class='ocrx_word' id='word_1_272' title='bbox 846 2726 951 2758; x_wconf 84' lang='lat' dir='ltr'><strong>non</strong></span> <span class='ocrx_word' id='word_1_273' title='bbox 972 2727 1077 2774; x_wconf 83' lang='lat' dir='ltr'><strong>pas</strong></span> <span class='ocrx_word' id='word_1_274' title='bbox 1104 2707 1256 2760; x_wconf 86' lang='lat' dir='ltr'><strong>d&#39;une</strong></span> <span class='ocrx_word' id='word_1_275' title='bbox 1283 2712 1524 2763; x_wconf 74' lang='lat' dir='ltr'><strong>doctrine</strong></span> <span class='ocrx_word' id='word_1_276' title='bbox 1545 2715 1866 2765; x_wconf 85' lang='lat' dir='ltr'><strong>d&#39;erudition</strong></span> 
     </span>
     <span class='ocr_line' id='line_1_30' title="bbox 49 2785 1862 2866; baseline 0.01 -34"><span class='ocrx_word' id='word_1_277' title='bbox 49 2788 98 2832; x_wconf 86' lang='lat' dir='ltr'><strong>et</strong></span> <span class='ocrx_word' id='word_1_278' title='bbox 124 2785 189 2834; x_wconf 86' lang='lat' dir='ltr'><strong>dc</strong></span> <span class='ocrx_word' id='word_1_279' title='bbox 217 2786 541 2846; x_wconf 77' lang='lat' dir='ltr'><strong>litterature,</strong></span> <span class='ocrx_word' id='word_1_280' title='bbox 569 2793 782 2856; x_wconf 81' lang='lat' dir='ltr'><strong>acquise</strong></span> <span class='ocrx_word' id='word_1_281' title='bbox 799 2811 910 2858; x_wconf 79' lang='lat' dir='ltr'><strong>par</strong></span> <span class='ocrx_word' id='word_1_282' title='bbox 937 2795 1149 2844; x_wconf 70' lang='lat' dir='ltr'><strong>l’e&#39;tudet</strong></span> <span class='ocrx_word' id='word_1_283' title='bbox 1178 2802 1228 2844; x_wconf 88' lang='lat' dir='ltr'><strong>et</strong></span> <span class='ocrx_word' id='word_1_284' title='bbox 1235 2800 1300 2864; x_wconf 88' lang='lat' dir='ltr'><strong>je</strong></span> <span class='ocrx_word' id='word_1_285' title='bbox 1326 2815 1390 2845; x_wconf 80' lang='lat' dir='ltr'><strong>ne</strong></span> <span class='ocrx_word' id='word_1_286' title='bbox 1417 2801 1558 2847; x_wconf 82' lang='lat' dir='ltr'><strong>crois</strong></span> <span class='ocrx_word' id='word_1_287' title='bbox 1577 2817 1683 2863; x_wconf 81' lang='lat' dir='ltr'><strong>pas</strong></span> <span class='ocrx_word' id='word_1_288' title='bbox 1711 2804 1862 2866; x_wconf 83' lang='lat' dir='ltr'><strong>qu’on</strong></span> 
     </span>
     <span class='ocr_line' id='line_1_31' title="bbox 44 2871 1865 2953; baseline 0.011 -35"><span class='ocrx_word' id='word_1_289' title='bbox 44 2871 223 2934; x_wconf 81' lang='lat' dir='ltr'><strong>puisse</strong></span> <span class='ocrx_word' id='word_1_290' title='bbox 259 2873 464 2922; x_wconf 82' lang='lat' dir='ltr'><strong>donner</strong></span> <span class='ocrx_word' id='word_1_291' title='bbox 501 2893 531 2924; x_wconf 91' lang='lat' dir='ltr'><strong>a</strong></span> <span class='ocrx_word' id='word_1_292' title='bbox 566 2875 622 2924; x_wconf 92' lang='lat' dir='ltr'><strong>S.</strong></span> <span class='ocrx_word' id='word_1_293' title='bbox 654 2875 802 2928; x_wconf 87' lang='lat' dir='ltr'><strong>Paul</strong></span> <span class='ocrx_word' id='word_1_294' title='bbox 835 2897 935 2929; x_wconf 83' lang='lat' dir='ltr'><strong>une</strong></span> <span class='ocrx_word' id='word_1_295' title='bbox 964 2882 1236 2945; x_wconf 80' lang='lat' dir='ltr'><strong>primaute&#39;</strong></span> <span class='ocrx_word' id='word_1_296' title='bbox 1270 2881 1301 2930; x_wconf 84' lang='grc' dir='ltr'>ὰ</span> <span class='ocrx_word' id='word_1_297' title='bbox 1330 2882 1539 2949; x_wconf 71' lang='lat' dir='ltr'><strong>l’eyard</strong></span> <span class='ocrx_word' id='word_1_298' title='bbox 1574 2885 1638 2935; x_wconf 89' lang='lat' dir='ltr'><strong>de</strong></span> <span class='ocrx_word' id='word_1_299' title='bbox 1677 2886 1731 2938; x_wconf 86' lang='lat' dir='ltr'><strong>la</strong></span> <span class='ocrx_word' id='word_1_300' title='bbox 1753 2890 1865 2953; x_wconf 81' lang='lat' dir='ltr'><strong>pri-</strong></span> 
     </span>
     <span class='ocr_line' id='line_1_32' title="bbox 49 2957 1863 3035; baseline 0.012 -31"><span class='ocrx_word' id='word_1_301' title='bbox 49 2957 233 3015; x_wconf 86' lang='lat' dir='ltr'><strong>miere,</strong></span> <span class='ocrx_word' id='word_1_302' title='bbox 271 2959 329 3007; x_wconf 90' lang='lat' dir='ltr'><strong>ni</strong></span> <span class='ocrx_word' id='word_1_303' title='bbox 361 2962 515 3025; x_wconf 87' lang='lat' dir='ltr'><strong>qu&#39;on</strong></span> <span class='ocrx_word' id='word_1_304' title='bbox 555 2962 706 3012; x_wconf 76' lang='lat' dir='ltr'><strong>deice</strong></span> <span class='ocrx_word' id='word_1_305' title='bbox 742 2970 928 3014; x_wconf 80' lang='lat' dir='ltr'><strong>mettre</strong></span> <span class='ocrx_word' id='word_1_306' title='bbox 964 2966 996 3015; x_wconf 88' lang='lat' dir='ltr'><strong>l&#39;</strong></span> <span class='ocrx_word' id='word_1_307' title='bbox 999 2972 1153 3017; x_wconf 86' lang='lat' dir='ltr'><strong>autre</strong></span> <span class='ocrx_word' id='word_1_308' title='bbox 1188 2985 1250 3018; x_wconf 89' lang='lat' dir='ltr'><strong>cn</strong></span> <span class='ocrx_word' id='word_1_309' title='bbox 1290 2969 1431 3035; x_wconf 70' lang='lat' dir='ltr'><strong>liyne</strong></span> <span class='ocrx_word' id='word_1_310' title='bbox 1469 2971 1534 3021; x_wconf 87' lang='lat' dir='ltr'><strong>de</strong></span> <span class='ocrx_word' id='word_1_311' title='bbox 1571 2979 1762 3033; x_wconf 83' lang='lat' dir='ltr'><strong>comte,</strong></span> <span class='ocrx_word' id='word_1_312' title='bbox 1800 2993 1863 3025; x_wconf 90' lang='lat' dir='ltr'><strong>en</strong></span> 
     </span>
     <span class='ocr_line' id='line_1_33' title="bbox 43 3042 1860 3122; baseline 0.012 -32"><span class='ocrx_word' id='word_1_313' title='bbox 43 3042 266 3105; x_wconf 84' lang='lat' dir='ltr'><strong>parlant</strong></span> <span class='ocrx_word' id='word_1_314' title='bbox 282 3044 436 3095; x_wconf 84' lang='lat' dir='ltr'><strong>d&#39;une</strong></span> <span class='ocrx_word' id='word_1_315' title='bbox 449 3049 721 3112; x_wconf 77' lang='lat' dir='ltr'><strong>primaute&#39;</strong></span> <span class='ocrx_word' id='word_1_316' title='bbox 739 3047 1087 3119; x_wconf 83' lang='lat' dir='ltr'><strong>Apostolique</strong></span> <span class='ocrx_word' id='word_1_317' title='bbox 1108 3056 1348 3105; x_wconf 75' lang='lat' dir='ltr'><strong>instituee</strong></span> <span class='ocrx_word' id='word_1_318' title='bbox 1360 3074 1471 3122; x_wconf 82' lang='lat' dir='ltr'><strong>par</strong></span> <span class='ocrx_word' id='word_1_319' title='bbox 1484 3056 1637 3109; x_wconf 87' lang='lat' dir='ltr'><strong>Jesus</strong></span> <span class='ocrx_word' id='word_1_320' title='bbox 1665 3060 1860 3112; x_wconf 77' lang='lat' dir='ltr'><strong>Christ.</strong></span> 
     </span>
     <span class='ocr_line' id='line_1_34' title="bbox 48 3123 1863 3213; baseline 0.013 -39"><span class='ocrx_word' id='word_1_321' title='bbox 48 3123 178 3176; x_wconf 86' lang='lat' dir='ltr'><strong>Idest</strong></span> <span class='ocrx_word' id='word_1_322' title='bbox 202 3124 414 3181; x_wconf 86' lang='lat' dir='ltr'><strong>Latine:</strong></span> <span class='ocrx_word' id='word_1_323' title='bbox 444 3133 639 3186; x_wconf 82' lang='lat' dir='ltr'><strong>Manus</strong></span> <span class='ocrx_word' id='word_1_324' title='bbox 667 3139 802 3186; x_wconf 84' lang='lat' dir='ltr'><strong>enim</strong></span> <span class='ocrx_word' id='word_1_325' title='bbox 828 3139 1058 3189; x_wconf 87' lang='lat' dir='ltr'><strong>docendi</strong></span> <span class='ocrx_word' id='word_1_326' title='bbox 1083 3139 1317 3192; x_wconf 69' lang='lat' dir='ltr'><strong>leontines</strong></span> <span class='ocrx_word' id='word_1_327' title='bbox 1343 3146 1589 3195; x_wconf 75' lang='lat' dir='ltr'><strong>veritates</strong></span> <span class='ocrx_word' id='word_1_328' title='bbox 1611 3147 1763 3213; x_wconf 78' lang='lat' dir='ltr'><strong>fidei,</strong></span> <span class='ocrx_word' id='word_1_329' title='bbox 1788 3150 1863 3199; x_wconf 84' lang='lat' dir='ltr'><strong>in-</strong></span> 
     </span>
     <span class='ocr_line' id='line_1_35' title="bbox 47 3218 1862 3299; baseline 0.013 -38"><span class='ocrx_word' id='word_1_330' title='bbox 47 3218 382 3280; x_wconf 82' lang='lat' dir='ltr'><strong>terpretandi</strong></span> <span class='ocrx_word' id='word_1_331' title='bbox 406 3219 621 3271; x_wconf 81' lang='lat' dir='ltr'><strong>verbum</strong></span> <span class='ocrx_word' id='word_1_332' title='bbox 646 3222 782 3283; x_wconf 83' lang='lat' dir='ltr'><strong>Dei,</strong></span> <span class='ocrx_word' id='word_1_333' title='bbox 822 3225 1138 3292; x_wconf 74' lang='lat' dir='ltr'><strong>explicandi</strong></span> <span class='ocrx_word' id='word_1_334' title='bbox 1162 3229 1348 3278; x_wconf 86' lang='lat' dir='ltr'><strong>salutis</strong></span> <span class='ocrx_word' id='word_1_335' title='bbox 1374 3233 1624 3299; x_wconf 71' lang='lat' dir='ltr'><strong>mysteria</strong></span> <span class='ocrx_word' id='word_1_336' title='bbox 1649 3251 1764 3283; x_wconf 89' lang='lat' dir='ltr'><strong>eum</strong></span> <span class='ocrx_word' id='word_1_337' title='bbox 1792 3253 1862 3286; x_wconf 72' lang='lat' dir='ltr'><strong>ecc</strong></span> 
     </span>
     <span class='ocr_line' id='line_1_36' title="bbox 55 3298 1863 3386; baseline 0.014 -39"><span class='ocrx_word' id='word_1_338' title='bbox 55 3298 337 3366; x_wconf 74' lang='lat' dir='ltr'><strong>Scriptura</strong></span> <span class='ocrx_word' id='word_1_339' title='bbox 373 3311 424 3354; x_wconf 83' lang='lat' dir='ltr'><strong>et</strong></span> <span class='ocrx_word' id='word_1_340' title='bbox 456 3305 708 3359; x_wconf 67' lang='lat' dir='ltr'><strong>Cone-iliis</strong></span> <span class='ocrx_word' id='word_1_341' title='bbox 747 3312 817 3360; x_wconf 86' lang='lat' dir='ltr'><strong>sit</strong></span> <span class='ocrx_word' id='word_1_342' title='bbox 848 3314 1154 3379; x_wconf 82' lang='lat' dir='ltr'><strong>principale</strong></span> <span class='ocrx_word' id='word_1_343' title='bbox 1189 3331 1373 3365; x_wconf 82' lang='lat' dir='ltr'><strong>munus</strong></span> <span class='ocrx_word' id='word_1_344' title='bbox 1402 3315 1784 3386; x_wconf 81' lang='lat' dir='ltr'><strong>Episcopatus,</strong></span> <span class='ocrx_word' id='word_1_345' title='bbox 1813 3329 1863 3372; x_wconf 84' lang='lat' dir='ltr'><strong>ct</strong></span> 
     </span>
     <span class='ocr_line' id='line_1_37' title="bbox 43 3387 1861 3472; baseline 0.014 -39"><span class='ocrx_word' id='word_1_346' title='bbox 43 3387 439 3447; x_wconf 79' lang='lat' dir='ltr'><strong>fundamentum</strong></span> <span class='ocrx_word' id='word_1_347' title='bbox 485 3392 785 3455; x_wconf 83' lang='lat' dir='ltr'><strong>Ecclesiae,</strong></span> <span class='ocrx_word' id='word_1_348' title='bbox 826 3435 838 3446; x_wconf 95' lang='lat'><strong>.</strong></span> <span class='ocrx_word' id='word_1_349' title='bbox 870 3435 881 3447; x_wconf 92' lang='lat'><strong>.</strong></span> <span class='ocrx_word' id='word_1_350' title='bbox 914 3436 925 3447; x_wconf 91' lang='lat'><strong>.</strong></span> <span class='ocrx_word' id='word_1_351' title='bbox 979 3400 1211 3450; x_wconf 81' lang='lat' dir='ltr'><strong>adimere</strong></span> <span class='ocrx_word' id='word_1_352' title='bbox 1262 3401 1318 3450; x_wconf 90' lang='lat' dir='ltr'><strong>S.</strong></span> <span class='ocrx_word' id='word_1_353' title='bbox 1362 3401 1527 3454; x_wconf 90' lang='lat' dir='ltr'><strong>Petro</strong></span> <span class='ocrx_word' id='word_1_354' title='bbox 1570 3409 1861 3472; x_wconf 78' lang='lat' dir='ltr'><strong>primatum</strong></span> 
     </span>
     <span class='ocr_line' id='line_1_38' title="bbox 49 3470 1860 3560; baseline 0.013 -42"><span class='ocrx_word' id='word_1_355' title='bbox 49 3470 351 3534; x_wconf 74' lang='lat' dir='ltr'><strong>doetrinae,</strong></span> <span class='ocrx_word' id='word_1_356' title='bbox 374 3497 381 3502; x_wconf 93' lang='lat'><strong>·</strong></span> <span class='ocrx_word' id='word_1_357' title='bbox 407 3484 464 3528; x_wconf 85' lang='lat' dir='ltr'><strong>ut</strong></span> <span class='ocrx_word' id='word_1_358' title='bbox 519 3480 783 3534; x_wconf 84' lang='lat' dir='ltr'><strong>tribuatur</strong></span> <span class='ocrx_word' id='word_1_359' title='bbox 834 3484 889 3534; x_wconf 80' lang='lat' dir='ltr'><strong>S.</strong></span> <span class='ocrx_word' id='word_1_360' title='bbox 935 3485 1135 3543; x_wconf 74' lang='lat' dir='ltr'><strong>Paulo.</strong></span> <span class='ocrx_word' id='word_1_361' title='bbox 1194 3487 1330 3539; x_wconf 74' lang='lat' dir='ltr'><strong>‘idem</strong></span> <span class='ocrx_word' id='word_1_362' title='bbox 1376 3496 1454 3541; x_wconf 82' lang='lat' dir='ltr'><strong>est</strong></span> <span class='ocrx_word' id='word_1_363' title='bbox 1493 3509 1608 3542; x_wconf 70' lang='lat' dir='ltr'><strong>neca</strong></span> <span class='ocrx_word' id='word_1_364' title='bbox 1653 3495 1860 3560; x_wconf 83' lang='lat' dir='ltr'><strong>quidem</strong></span> 
     </span>
    </p>
   </div>
  </div>
 </body>
</html>
