2320 3990
706 243 878 252 ——--
938 227 1078 264 xxix

687 565 1330 754 ;M⁰NirUM‹

584 744 595 766 »l

596 808 645 843 ¹.ss
732 815 795 845 ''fl‘

108 929 496 1014 Illustrissimus
521 955 738 1010 Jacobus
763 953 1020 1024 Benignus
1046 951 1323 1004 Bossuetus
1350 948 1627 1021 Episcopus
1655 947 1930 1001 Meldensis

106 1061 325 1132 pluribus
351 1056 629 1112 nominibus
650 1054 1025 1119 celeberrinms,
1054 1061 1104 1105 et
1128 1051 1260 1105 inter
1286 1049 1603 1105 adversarios
1629 1049 1773 1102 facilc
1794 1049 1930 1121 prin-

108 1179 239 1233 σερε,
267 1161 453 1212 duobus
477 1177 578 1210 non
598 1156 816 1228 exiguae
843 1155 986 1208 molis
1014 1153 1360 1218 voluminibus,
1386 1161 1441 1204 ut
1468 1154 1625 1223 ajunt,
1653 1151 1704 1203 in
1733 1139 1929 1221 quarto,

108 1262 258 1313 multa
296 1258 570 1312 eruditione
607 1258 836 1322 refertiS‚
877 1274 1162 1326 summoque
1197 1253 1356 1308 studio
1396 1253 1696 1317 lucubratis,
1737 1252 1829 1305 hac
1855 1253 1930 1305 in-

109 1361 376 1432 scriptione
415 1361 668 1430 praefixa‚
719 1362 981 1427 Defensio
1020 1360 1401 1409 declarationis
1449 1356 1743 1408 Conventus
1788 1356 1934 1406 Cleri

118 1464 387 1515 Gallicani
413 1481 499 1512 an.
527 1465 708 1512 1682.
786 1461 871 1511 De
900 1460 1283 1510 Ecclesiastiea
1313 1457 1585 1510 Potestate
1608 1455 1689 1525 Ἴ,
1729 1465 1932 1508 senten-

111 1563 229 1613 tiam
279 1561 367 1613 hoc
414 1562 465 1612 in
504 1579 654 1632 opere
690 1560 1007 1612 refellendam
1057 1557 1272 1610 omnium
1319 1557 1568 1609 uberrime
1615 1575 1931 1628 propugnare

110 1661 377 1714 contendit.
430 1658 567 1711 Haec
604 1659 857 1711 volumina
890 1658 1198 1727 frequentius
1239 1658 1497 1726 alleganda
1534 1658 1719 1708 duabus
1759 1657 1933 1709 editio-

110 1763 250 1813 nibus
288 1773 400 1832 post
438 1759 677 1812 Auctoris
717 1769 926 1811 mortem
964 1758 1283 1830 prodierunt:
1335 1758 1544 1829 primum
1579 1755 1930 1828 Luxemburgi

111 1882 190 1914 au.
223 1862 399 1926 1730„
436 1861 547 1913 dein
572 1860 934 1913 Amstelodami
970 1878 1050 1912 an.
1081 1859 1237 1912 1745.
1292 1856 1417 1911 Cum
1453 1877 1574 1911 vero
1613 1859 1933 1912 Amsteloda-

110 1963 294 2015 mensis
328 1961 474 2014 editio
515 1963 575 2014 ad
615 1963 894 2034 exemplum
931 1962 992 2013 ab
1031 1960 1258 2012 Auctore
1295 1961 1561 2030 postremis
1603 1961 1733 2012 curis
1774 1963 1934 2013 resor-

111 2074 293 2115 matum
331 2073 515 2115 exacta
549 2064 807 2132 alleganda
845 2063 1019 2126 fuerit3
1071 2062 1123 2113 in
1161 2062 1250 2114 hac
1290 2071 1454 2113 autem
1482 2061 1578 2113 alia
1604 2062 1795 2126 addita,
1839 2063 1934 2114 alia

113 2163 295 2214 fuerint
333 2172 550 2226 mutata,
601 2163 678 2214 vel
718 2162 867 2214 etiam
911 2171 1190 2231 expuncta,
1237 2162 1473 2213 librorum
1511 2181 1633 2213 vero
1674 2164 1794 2214 ordo
1834 2182 1933 2214 non

113 2263 350 2314 modicum
383 2262 574 2326 variet,
628 2262 767 2332 hujus
805 2271 1096 2333 prospectus
1133 2271 1182 2313 et
1215 2261 1450 2313 librorum
1486 2263 1784 2332 praesertim
1812 2264 1932 2314 ordo

113 2382 219 2415 cum
259 2362 417 2433 prima
457 2362 671 2414 editione
709 2363 914 2414 collatus
959 2362 1036 2414 hic
1072 2364 1420 2433 proponendus
1458 2362 1596 2415 visus
1636 2373 1739 2427 est,
1790 2373 1842 2414 ut
1880 2364 1932 2428 ii,

111 2464 283 2533 quibus
306 2464 412 2515 sola
428 2463 588 2534 prima
614 2462 761 2515 editio
783 2463 1021 2534 suppetit,
1049 2463 1101 2514 in
1129 2482 1189 2516 ea
1215 2465 1441 2516 conferre
1468 2482 1556 2534 pro
1584 2463 1722 2515 libito
1751 2476 1934 2533 queant

110 2573 293 2622 textus,
324 2565 638 2634 allegandOS‚
678 2582 800 2632 quos
834 2566 939 2617 fere
974 2582 1147 2617 omnes
1184 2565 1235 2616 in
1261 2575 1473 2634 utraque
1500 2565 1716 2618 editione
1744 2550 1932 2618 mutato

110 2675 301 2716 tantum
328 2665 561 2716 librorum
589 2663 761 2716 ordine
788 2666 1012 2734 reperire
1039 2664 1221 2718 licebit.

230 2883 265 2937 ⁸)
298 2883 449 2924 Hocce
477 2897 588 2938 opus
614 2882 739 2924 multi
761 2895 995 2937 perperam
1020 2882 1060 2924 J.
1084 2881 1135 2924 B.
1162 2882 1407 2934 Bossueto,
1443 2882 1661 2926 Meldensi
1678 2885 1933 2947 Episcopo,

111 2953 411 3010 adjudicatum
435 2960 483 2998 et
504 2955 656 3013 potius
679 2955 1015 3012 supposititium
1040 2969 1138 2997 esse
1163 2954 1281 2997 haud
1306 2956 1635 2999 contemnendis
1657 2950 1933 3012 contendunt

110 3028 370 3083 rationibus,
387 3029 555 3086 quippe
573 3043 670 3072 cum
685 3025 743 3070 26
757 3042 895 3072 annos
912 3034 1016 3086 post
1030 3028 1163 3072 istius
1181 3033 1363 3072 mortem
1379 3030 1565 3086 primum
1582 3034 1858 3088 apparuerit.
1871 3058 1930 3065 -—-

111 3100 207 3144 Cfr.
225 3101 276 3144 P.
291 3102 528 3159 Sardagua
543 3102 590 3145 S.
607 3103 647 3146 J.
665 3102 824 3149 Theoi.
842 3103 1121 3160 dogmatico-
1133 3103 1359 3159 polemica.
