2320 3990
969 167 1631 230 mim——

371 345 529 391 netur
567 344 620 391 et
653 352 767 390 CUM
815 350 923 399 an
961 350 1149 390 OMNES
1185 339 1624 408 omninno-fideles
1672 357 1833 395 UNIUS
1871 358 1943 396 ΕΤ
1981 355 2229 396 EIUSDEM

372 441 531 494 mpm
558 441 632 476 Εἰ·
659 436 1045 475 commumoms
1070 438 1330 476 uacuus
1355 439 1662 486 confimat
1686 445 1930 485 macl-:sse
1957 445 2075 495 sug
2103 431 2230 482 inde

374 513 582 583 liquido
607 517 768 580 patet
799 511 966 563 aliam
1006 529 1120 564 esse
1155 529 1266 564 non
1284 529 1450 581 posse
1477 514 1713 571 alianum
1744 518 2098 571 ecclesiarum
2122 523 2230 570 tra-

372 603 629 653 ditionem
675 606 728 651 et
757 601 923 669 fidem
961 619 995 652 a
1027 601 1140 669 fide
1191 607 1243 653 et
1279 603 1574 654 traditione
1619 599 1899 658 Romanae
1950 606 2227 658 ecclesiae.

375 688 786 742 Praeter-missis
826 690 1008 757 itaque
1055 690 1220 742 totius
1259 690 1405 742 orbis
1443 690 1793 743 ecclesiarum
1831 691 2231 761 spiscoporum

372 779 666 847 cataloyis‚
693 777 842 829 illius
868 779 1028 830 unius
1054 779 1365 830 continuam
1391 780 1782 831 successionem
1806 797 2120 841 recensere,
2147 799 2231 841 ac,

373 884 511 935 quae
530 882 638 934 per
673 864 815 917 lzunc
851 866 1018 918 veluti
1041 866 1287 918 canalem
1312 870 1549 919 manavit
1585 884 1752 936 usque
1787 868 1864 919 ad
1895 885 2024 927 nos,
2061 869 2231 920 tradi-

371 957 570 1006 tionem
595 950 984 1022 Apostolorum
1023 954 1311 1006 declarare
1349 957 1480 1008 satis
1509 962 1613 1015 est,
1652 961 1712 1007 ut
1737 974 1808 1006 ex
1834 958 2101 1008 communi
2127 974 2230 1007 om-

371 1045 517 1094 nium
544 1043 923 1102 ecclesiarum,
951 1059 1088 1111 quae
1114 1060 1235 1095 cum
1264 1042 1515 1096 Romana
1541 1046 1844 1095 consentire
1873 1043 2092 1103 debent,
2118 1061 2230 1095 sen-

371 1134 538 1183 tentia
566 1137 617 1183 et
641 1131 936 1182 traditione
963 1130 1316 1183 devincantur
1338 1150 1517 1184 omnes
1546 1132 1827 1183 haeretici.
1867 1127 2047 1182 Obiter
2074 1147 2229 1201 porro

370 1217 600 1272 hocloco
629 1216 1127 1270 animadvertendum
1164 1218 1388 1272 maxime
1426 1218 1651 1283 videtur,
1691 1216 1935 1271 ecclesiae
1962 1215 2230 1270 Romanae

371 1304 486 1356 fidei
510 1323 613 1356 non
639 1303 751 1356 ideo
778 1312 973 1355 tantam
999 1303 1101 1356 vim
1126 1302 1392 1358 Irenaeum
1420 1305 1717 1370 attribuere,
1746 1324 1777 1358 a
1803 1323 1902 1374 qua
1927 1304 2230 1358 dissentien-

370 1401 449 1446 tes
475 1390 705 1444 haeresis
739 1399 909 1443 notam
935 1389 1230 1455 incurrant,
1271 1390 1389 1460 quia
1426 1391 1488 1443 ad
1526 1390 1687 1463 ipsam
1723 1391 1951 1460 reliquae
1986 1390 2232 1444 ecclesiae

371 1478 683 1535 conveniunt
707 1478 761 1531 in
788 1477 902 1531 fidei
929 1477 1176 1542 doctrina,
1206 1495 1297 1531 seu
1325 1497 1500 1531 earum
1529 1495 1771 1531 assensus
1798 1478 2060 1533 invenitur
2087 1497 2230 1533 acce-

371 1571 521 1636 dere,
561 1569 650 1623 sed
687 1567 799 1621 ideo
836 1566 1079 1621 Irenaeus
1120 1565 1267 1621 docet
1304 1585 1482 1620 omnes
1523 1565 1764 1620 ecclesias
1803 1566 1855 1618 in
1883 1566 2090 1637 negotio
2117 1566 2228 1620 fidei

372 1657 682 1712 concordare
708 1674 818 1709 cum
847 1654 1106 1719 Romana,
1135 1654 1253 1724 quia
1278 1665 1485 1726 propter
1509 1653 1611 1706 vim
1637 1652 1883 1724 primatus
1910 1672 2122 1707 necesse
2150 1664 2230 1707 est

371 1763 548 1801 omnes
576 1745 637 1798 ad
663 1762 799 1808 eam,
829 1761 920 1796 seu
946 1759 1058 1795 cum
1086 1760 1148 1795 ea
1175 1743 1451 1798 convenire
1478 1741 1530 1794 in
1557 1741 1652 1794 fide
1668 1780 1682 1807 ,
1711 1742 1842 1812 quod
1868 1741 2124 1813 propriam
2149 1742 2227 1796 vel

369 1834 692 1907 praecipuam
724 1831 970 1904 primatus
1005 1829 1107 1884 vim
1144 1829 1370 1883 maxime
1409 1830 1647 1883 declarat.
1701 1827 1844 1882 Haec
1880 1829 1942 1882 ad
1969 1827 2232 1900 explican-

371 1923 482 1977 dam
509 1920 780 1994 genuinam
820 1918 985 1972 sancti
1009 1916 1254 1971 Doctoris
1282 1916 1589 1972 sententiam
1615 1915 1775 1969 fusius
1802 1916 2009 1970 dicenda
2034 1916 2227 1988 putavi.

515 2011 568 2064 6.
608 2007 663 2062 N
667 2008 812 2078 equid
836 2026 960 2063 vero
988 2006 1152 2060 studio
1180 2005 1398 2078 partium
1437 2004 1668 2059 videatur
1694 2005 1976 2076 ingestum,
2015 2005 2231 2057 nonnul-

372 2101 448 2151 los
475 2095 769 2170 Scriptores
797 2093 1109 2148 adversariis
1147 2093 1352 2146 minime
1390 2101 1683 2164 suspectoS,
1720 2092 1806 2162 qui
1842 2092 2066 2145 eamdem
2104 2092 2230 2144 satis

371 2184 572 2240 obviam
607 2181 807 2236 Irenaei
855 2180 1159 2234 sententiam
1206 2179 1260 2231 in
1300 2178 1515 2233 recitato
1564 2189 1716 2233 textu
1765 2178 2230 2252 deprehenderunt,

370 2273 620 2345 subjicere
639 2269 850 2344 juverit.
902 2268 1282 2323 Necessitatem
1309 2267 1506 2338 quidem
1545 2267 1756 2321 unitatis
1782 2267 1834 2320 in
1859 2268 1954 2321 fide
1982 2285 2093 2321 cum
2122 2266 2230 2320 Ro-

370 2379 521 2415 mana
548 2359 763 2415 ecclesia
789 2375 859 2412 ex
887 2358 1062 2411 eodem
1087 2366 1236 2410 textu
1262 2355 1424 2428 palam
1451 2355 1626 2409 deduci
1650 2355 1802 2410 fateri
1835 2355 2004 2409 debuit
2037 2353 2231 2410 Necta-

371 2450 476 2502 rius
512 2447 989 2518 Hierosolymorum
1028 2444 1364 2510 Patriarcha,
1403 2443 1724 2513 quantumvis
1764 2443 2114 2496 schismaticus
2157 2443 2231 2514 (si

370 2537 515 2590 modo
544 2537 652 2607 ejus
680 2543 816 2598 sunt,
846 2551 975 2604 quae
1002 2530 1261 2586 Photiana
1285 2530 1626 2604 typographia
1651 2528 1685 2585 J
1689 2530 1785 2584 asii
1812 2531 1874 2583 ad
1894 2530 2230 2584 Transistra-

371 2643 488 2677 nam
513 2621 730 2676 Daciam
758 2621 965 2693 edidit),
1002 2620 1207 2675 tametsi
1248 2620 1310 2673 ad
1346 2620 1644 2674 elevandam
1682 2618 1994 2672 sanctissimi
2022 2629 2073 2672 et
2100 2618 2230 2672 anti-

371 2710 600 2782 quissimi
626 2709 802 2763 Patris
831 2713 1186 2764 auctoritatem
1225 2709 1274 2761 id
1312 2708 1497 2762 dictum
1530 2707 1898 2772 assentationi,
1938 2724 2028 2760 seu
2065 2706 2230 2762 favori

373 2796 713 2870 adscribat.*)
768 2798 896 2850 Non
922 2802 1143 2860 mirum,
1169 2796 1361 2867 inquit,
1389 2800 1436 2852 si
1461 2799 1506 2850 is
1535 2800 1630 2867 qui
1655 2799 1772 2850 sedi
1801 2796 2082 2848 Romanae
2112 2797 2230 2849 sub-

371 2896 517 2950 erat,
553 2888 853 2941 conabatur
888 2887 991 2939 sibi
1029 2887 1291 2959 subjectos
1330 2886 1407 2938 ad
1437 2889 1743 2954 perfectum
1781 2890 1895 2957 ejus
1922 2884 2230 2952 obsequium

364 2995 673 3046 provocare
690 3014 704 3040 ,
741 2978 870 3045 quia
904 2981 953 3027 et
979 2992 1159 3027 omnes
1185 2975 1407 3042 ubique,
1445 2975 1540 3041 qui
1565 2977 1740 3023 essent
1757 2971 1977 3039 fideles,
2017 2972 2093 3022 acl
2116 2974 2228 3023 uni-

370 3072 531 3117 tatem
557 3067 726 3134 ipsius
745 3070 981 3133 propter
1000 3064 1391 3131 potentiorem,
1417 3065 1476 3111 ut
1502 3060 1602 3119 ait,
1620 3060 2105 3127 principalitatem.
2158 3055 2227 3109 Et

372 3154 636 3223 postquam
673 3149 885 3222 agnovit
918 3150 1012 3202 hoc
1047 3146 1338 3202 testimonio
1373 3145 1662 3200 Romanam
1703 3145 1872 3199 sedem
1910 3144 2227 3199 Alexandri-

372 3258 468 3292 nae
496 3249 547 3293 et
571 3239 928 3292 Antiochenae
954 3234 1227 3309 praeferri,
1269 3233 1520 3289 concludit
1556 3250 1626 3286 ex
1655 3231 1712 3286 S.
1741 3232 1984 3286 Doctoris
2021 3241 2226 3287 senten-

431 3464 470 3518 ““)
506 3464 558 3506 In
592 3463 861 3506 Antirethico
904 3463 967 3504 De
1009 3447 1268 3516 principata
1304 3460 1450 3513 Papae
1483 3460 1760 3502 demonstrat.
1794 3459 1835 3503 4.
1878 3461 1987 3511 apud
2034 3457 2224 3512 Papado-
2295 3472 2298 3474 ’

371 3528 507 3580 polum
541 3525 819 3569 Praenotion.
861 3524 1106 3577 Mystagog.
1139 3534 1327 3576 respons,
1360 3523 1403 3563 6.
1438 3519 1473 3568 δ,
1507 3522 1548 3563 2.
1585 3533 1622 3561 n.
1657 3521 1698 3562 5.
1734 3532 1830 3572 pag.
1864 3520 1966 3560 351.
