2320 3990
714 208 1319 267 *73*

113 366 222 436 GP.
249 398 280 434 a
305 368 512 434 Zenone
537 379 872 452 Imperatore‚
912 388 962 432 et
988 378 1048 430 ab
1076 377 1189 430 aliis
1203 415 1217 442 ‚
1252 392 1377 447 quos
1414 389 1681 429 recensere
1714 391 1815 428 non
1843 395 1932 430 va-

112 477 208 521 cat.
261 465 329 518 Et
353 467 467 520 hinc
487 468 891 535 fundamentum
917 467 1243 519 credentium
1269 461 1546 535 appellatur
1572 461 1632 514 ab
1658 458 1931 534 Euthymio

110 553 163 604 in
189 571 232 606 c.
265 552 348 605 16.
376 552 559 606 Matth.
587 562 638 605 et
665 571 694 605 a
720 551 950 624 Philippo
976 548 1253 604 Caelestini
1278 549 1446 619 legato
1470 548 1523 601 in
1547 545 1931 620 Ephesina‘Sy-

113 639 239 692 nodo
267 649 363 693 act.
391 639 442 692 3.
471 642 715 692 columna
738 641 892 710 fidei.-
930 654 1056 706 quae
1082 634 1250 687 omnia
1282 633 1532 698 indicant,
1562 643 1756 704 petrae
1779 651 1933 690 voca-

111 726 224 778 bulo
250 744 349 780 non
376 726 506 779 aliud
532 725 804 797 significari
829 723 928 776 nisi
952 720 1009 774 S.
1037 719 1183 774 Petri
1208 720 1366 772 fidem.

258 811 342 864 14.
383 810 438 864 S.
467 811 743 866 Eucherius
767 810 1044 882 Episcopus
1069 805 1450 878 LugdunensiS,
1491 824 1579 860 seu
1616 807 1743 860 alius
1769 810 1932 878 quivis

115 908 286 951 auctor
322 899 553 953 homiliae
580 898 630 952 in
657 896 713 951 S.
741 895 888 950 Petri
925 894 1105 947 natali:
1159 894 1436 946 Videamus
1464 897 1643 963 itaque
1682 899 1815 964 quid
1848 900 1931 956 sit,

112 983 181 1036 Et
206 1003 353 1057 super
379 986 504 1039 lianc
529 994 719 1057 petram
746 982 1013 1036 aedificabo
1041 979 1320 1034 Ecclesiam
1349 997 1530 1032 meam.
1590 982 1767 1050 Super
1794 984 1933 1035 hanc

105 1079 340 1138 petram,
376 1091 531 1142 quam
566 1078 623 1123 tu
659 1072 815 1122 modo
844 1071 1073 1122 docuisti
1097 1070 1305 1127 dicens,
1341 1065 1424 1118 Tu
1463 1084 1517 1118 es
1545 1064 1779 1120 Christus
1805 1070 1932 1122 filius

110 1154 207 1209 Dei
232 1156 362 1221 vivi⁷
398 1177 559 1227 super
586 1158 724 1209 lianc
741 1163 983 1226 petram,
1017 1161 1070 1206 et
1093 1172 1256 1222 super
1284 1154 1423 1205 lianc
1452 1156 1609 1222 fidem
1637 1158 1931 1225 aedificabo

114 1245 405 1297 Ecclesiam
429 1264 608 1297 meam.

255 1330 339 1384 15.
391 1328 446 1383 S.
487 1329 710 1403 Cyrillus
757 1328 1135 1382 Alexandrinus
1178 1326 1262 1378 lib.
1290 1327 1342 1379 4.
1390 1331 1455 1380 (Ie
1505 1328 1764 1381 Trinitate
1805 1330 1932 1382 huuc

115 1417 319 1467 cundem
346 1418 505 1469 locum
532 1434 792 1487 exponens
809 1456 821 1480 ‚
865 1416 1108 1474 Petram,
1145 1412 1330 1481 inquit,
1368 1417 1592 1482 opinor,
1619 1417 1759 1467 nihil
1782 1418 1935 1469 aliud

115 1521 268 1570 quam
295 1505 659 1555 inconcussam
686 1507 737 1553 et
755 1504 1108 1570 firmissimam
1146 1501 1400 1567 discipuli
1420 1503 1579 1570 fidem
1609 1507 1839 1564 vocavit,
1879 1507 1930 1555 in

114 1607 217 1656 qua
244 1590 489 1641 Ecclesia
522 1589 724 1640 Christi
758 1591 832 1639 ita
853 1590 1088 1655 fundata
1127 1593 1178 1638 et
1197 1590 1410 1655 firmata
1439 1596 1598 1649 esset,
1634 1597 1692 1642 ut
1727 1610 1831 1642 non
1861 1593 1932 1643 la-

112 1674 344 1734 beretur,
372 1681 424 1725 et
449 1681 584 1725 esset
608 1675 1043 1741 inexpuqnabilis
1070 1676 1368 1738 inferorum
1386 1678 1583 1740 portis.

254 1759 338 1812 16.
378 1757 634 1813 Juvenalis
669 1756 1136 1828 Hierosolymormn
1173 1754 1453 1829 Episcopus
1490 1758 1540 1810 in
1576 1758 1831 1831 Synodica
1874 1765 1932 1814 ad

109 1846 433 1917 presbyteros
470 1855 520 1899 et
553 1843 966 1897 archimandritas
994 1842 1346 1910 Palaestinae,
1395 1847 1522 1899 Cum
1558 1866 1808 1910 siciamus,
1845 1850 1930 1912 ait,

111 1940 161 1984 et
179 1937 384 2001 primus
411 1931 792 2002 Apostolorum
820 1932 1016 1983 Petrus
1044 1934 1272 1985 diccisset
1308 1931 1404 2004 (T.
1436 1933 1551 2005 4.)ε
1591 1932 1675 1986 Tu
1701 1954 1755 1988 es
1784 1934 1932 1989 Chri-

110 2028 215 2070 stus
242 2018 366 2070 filius
392 2017 489 2071 Dei
514 2017 643 2084 vivi3
674 2019 937 2069 Dominus
965 2021 1143 2071 intulit
1169 2023 1373 2072 dicens:
1417 2019 1607 2073 Beatus
1635 2039 1689 2073 es
1717 2032 1810 2075 etc.
1865 2022 1930 2075 Et

112 2123 204 2173 ego
231 2105 337 2157 dico
362 2105 480 2169 tibi,
516 2104 630 2173 quia
654 2114 706 2155 tu
735 2121 789 2156 es
817 2101 1002 2156 Petrus
1030 2115 1080 2156 et
1107 2123 1255 2176 supe1
1282 2107 1409 2159 hanc
1434 2117 1544 2178 pen
1549 2127 1626 2159 am
1654 2118 1749 2161 etc.
1765 2130 1932 2179 ‚2quae

113 2190 172 2240 ad
198 2189 443 2242 laudatam
477 2187 622 2242 Petii
657 2189 1020 2261 plofessionem
1058 2191 1310 2256 1¹·efe1enS‚
1350 2193 1537 2244 subdit:
1580 2196 1755 2262 Super
1795 2198 1932 2249 Ιιαηι·

111 2279 493 2344 confessionem
519 2277 775 2328 roborata
803 2284 880 2328 est
906 2278 1151 2330 Ecclesia
1179 2280 1302 2331 Dei.

256 2363 338 2416 17.
380 2361 729 2415 Theodoretus
756 2362 900 2433 epist.
921 2364 1005 2418 77.
1037 2365 1096 2417 ad
1122 2364 1372 2417 Eulalium
1399 2364 1639 2419 Pei-sicae
1655 2367 1931 2422 Armeniae

109 2446 434 2519 Episcopum:
474 2450 735 2501 Dominus
773 2458 954 2502 noster
990 2450 1375 2520 Apostolorum
1404 2457 1736 2521 principem,
1784 2462 1931 2526 ‹ny’us

108 2539 492 2603 confessionem
528 2537 691 2587 veluti
724 2537 890 2587 basim
924 2541 1207 2607 quamdam
1242 2547 1293 2592 et
1319 2543 1724 2608 fundamentum
1753 2542 1931 2594 Eccle-

108 2625 218 2672 siae
245 2624 511 2691 clefioeerat
536 2629 633 2674 etc.
687 2621 871 2675 Iterum
898 2624 1042 2694 epist.
1074 2625 1194 2680 177.
1234 2626 1294 2678 ad
1318 2625 1566 2679 ,Ioannem
1593 2626 1931 2680 Oeconomum

111 2706 332 2758 recitatis
359 2705 503 2759 Petri
540 2707 708 2760 verbis
753 2708 831 2760 Tu
870 2729 923 2760 es
959 2710 1200 2764 Christus
1235 2722 1330 2765 etc.
1373 2713 1596 2783 subjicit:
1639 2713 1930 2767 Audiamus

112 2800 162 2844 et
194 2793 459 2844 Christum
486 2794 770 2844 Dominum
796 2799 1182 2862 confessionem
1209 2799 1347 2849 Ιιαηο
1373 2804 1793 2867 confirmantem:
1834 2799 1929 2852 Su-

110 2896 197 2948 μοι·
223 2879 349 2931 hanc
376 2878 506 2931 enim
531 2888 722 2949 petram
740 2919 752 2942 ,
781 2883 980 2948 inquit,
1009 2880 1274 2934 aedificabo
1301 2881 1580 2936 Ecclesiam
1606 2903 1783 2937 meam.

257 2965 340 3018 18.
381 2962 436 3017 S.
479 2962 663 3018 Petrus
702 2963 1050 3036 Chrysologus
1090 2985 1239 3019 serm.
1273 2968 1393 3021 1:34.
1449 2970 1507 3022 de
1543 2969 1600 3024 S.
1640 2970 1929 3044 Stephano:

113 3052 305 3103 Petrus
332 3073 365 3103 a
383 3059 545 3120 petra
569 3071 757 3104 nomen
785 3055 1010 3122 adeptus
1038 3062 1130 3116 est,
1158 3058 1280 3124 quia
1304 3059 1510 3123 primus
1536 3063 1728 3112 meruit
1749 3062 1927 3114 Eccle-

111 3139 242 3187 siam
264 3139 395 3206 fi‘dei
411 3141 664 3207 firmitate
686 3141 941 3206 fundare.
995 3138 1052 3192 Si
1079 3159 1167 3212 per
1193 3141 1333 3194 fidem
1360 3140 1545 3196 Petrus
1580 3146 1803 3200 fundavit
1830 3145 1928 3202 Ec-

111 3222 338 3286 clesiam,
366 3221 510 3276 Petri
535 3224 653 3276 fides
679 3222 939 3279 Ecclesiae
964 3236 1106 3297 petra
1133 3237 1181 3279 et
1211 3229 1575 3283 fundamentum
1602 3231 1708 3284 fuit.

256 3309 339 3362 19.
380 3307 436 3361 S.
465 3309 721 3362 Maximus
749 3310 1131 3365 Taurinensis
1119 3332 1168 3364 ιη
1206 3315 1423 3367 eamdem
1461 3317 1604 3388 plane
1630 3322 1928 3375 sententiam

115 3395 241 3445 hom.
269 3394 322 3447 4.
350 3395 408 3447 dc
436 3394 591 3448 Petro
619 3395 891 3468 Apostolo:
934 3400 1098 3451 Petra
1127 3402 1352 3462 (licitur,
1389 3423 1449 3456 eo
1477 3407 1623 3475 quod
1639 3412 1847 3476 primus
1876 3413 1926 3459 ite

113 3483 412 3535 nationibus
433 3485 564 3551 fidei
586 3486 988 3550 fundamentum
1007 3490 1267 3556 posue-rit.
