2314 3984
933 204 1598 278 *affl-‘-

334 371 598 426 catholicis
636 371 826 425 adhaei
826 371 1008 423 endum
1047 370 1116 423 sit
1149 370 1358 426 ratione-
1374 373 1664 446 {primatum
1716 373 1770 426 in
1809 370 1864 426 S
1901 371 2094 440 Petro,
2137 392 2196 428 ac

333 456 483 512 Pctii
507 459 627 512 sede
654 456 886 511 collocat.
1504 478 1549 506 w

406 545 496 599 94.
524 543 726 599 Auctor
753 542 939 617 Operis
967 541 1199 599 Carolini
1225 543 1312 597 lib.
1343 506 1393 597 1.
1423 563 1468 598 c.-
1479 546 1558 600 6.
1560 503 1960 602 exGallicanae
1987 558 2038 602 et
2065 546 2171 602 Ger

332 631 562 686 manicae
587 631 833 686 ecclesiae
859 651 1015 686 sensu
1040 631 1290 699 scribens,
1318 634 1476 686 Haec
1502 651 1638 704 erqo
1660 633 1836 706 (sedes
1847 635 2195 708 Apostolica)‚

330 718 521 789 inquit,
549 728 772 774 sanctae
795 723 930 792 fi'dei
956 723 1333 792 spiritualibus
1360 723 1566 774 munita
1594 725 1778 784 armis,
1805 730 1857 775 et
1881 743 1914 776 a
1935 728 2092 793 fonte
2121 726 2194 777 lu-

332 810 425 874 cis,
455 815 509 860 et
532 810 745 878 oriyine
768 808 1026 871 bonitatis
1052 810 1385 863 salutaribus
1413 812 1613 862 satiata
1637 811 1870 880 fluentis,
1897 818 1948 863 et
1973 811 2196 863 horren-

332 895 417 946 dis
470 895 852 967 atrocibusque
905 896 1188 951 haeresum
1228 898 1436 950 obstitit
1470 899 1754 958 monstris,
1805 904 1859 950 et
1905 899 2196 968 mellifluae

326 984 767 1051 praedicationis
786 985 997 1053 pocula
1037 985 1324 1039 catholicis
1352 1004 1460 1055 per
1497 986 1679 1038 orbem
1715 987 1986 1038 ministrat
2012 987 2197 1040 Eccle-

333 1073 442 1122 siis.
498 1070 642 1124 Nam
668 1072 1002 1125 beatissimus
1033 1073 1398 1145 Hieronymus
1425 1075 1508 1125 vir
1535 1075 1730 1125 divinis
1759 1074 1963 1142 legibus
1993 1082 2044 1126 et
2067 1076 2196 1128 mul-

334 1163 514 1210 tarum
543 1160 851 1229 linyuarum
867 1163 1079 1229 peritia
1106 1163 1376 1222 eruditus,
1403 1163 1528 1213 dum
1554 1160 1984 1214 Bethleemiticis
2021 1182 2195 1214 mora·

333 1252 485 1297 retur
513 1249 568 1298 in
597 1250 778 1309 aruis,
806 1254 857 1299 et
884 1268 917 1299 a
946 1247 1019 1300 B.
1051 1249 1214 1318 Papa
1241 1250 1487 1302 Damaso
1519 1249 1726 1301 Romae
1743 1251 1930 1318 posito
1958 1251 2025 1301 de
2052 1251 2194 1319 diffi-

333 1333 524 1383 cilibus
564 1335 939 1385 consuleretur
977 1337 1408 1403 quaestionibus3
1451 1355 1567 1387 eum
1586 1355 1699 1404 pro
1724 1339 1903 1388 causis
1924 1338 2059 1405 fidei
2082 1340 2195 1389 vice

331 1437 490 1471 versa
516 1421 850 1472 consuluisse
878 1421 1244 1489 diynoscitur,
1273 1428 1326 1474 et
1349 1424 1457 1475 sive
1485 1421 1854 1482 tacendarum,
1880 1425 1991 1474 sive
2019 1424 2195 1476 dicen·

332 1507 528 1558 darum
555 1509 949 1579 hypostaseon,
974 1510 1060 1560 vel
1085 1510 1273 1578 quibus
1301 1512 1356 1561 in
1391 1508 1760 1562 Orientalibus
1777 1511 2031 1578 partibus
2058 1530 2194 1564 com-

331 1597 609 1645 municare
638 1596 859 1656 debeat,
888 1595 1203 1649 humillimis
1232 1598 1504 1668 apicibuS,
1531 1603 1591 1649 ut
1616 1599 1800 1666 apices
1828 1601 2082 1667 accipiat,
2109 1599 2195 1650 de-

324 1689 592 1750 precatur
622 1721 847 1733 ......
915 1682 1067 1734 Unde
1108 1686 1273 1736 datur
1313 1686 1573 1754 intelligi,
1613 1692 1827 1737 sanctos
1865 1692 1917 1737 et
1954 1687 2193 1737 eruditos

332 1773 478 1820 viros
498 1789 606 1837 per
647 1772 889 1821 diversas
932 1772 1118 1821 mundi
1147 1780 1339 1839 partes
1375 1774 1809 1842 praedicationis
1851 1780 1904 1824 et
1937 1775 2194 1825 scientiae

334 1858 589 1926 lampade
617 1864 994 1918 coruscantes,
1039 1877 1148 1909 non
1186 1860 1357 1911 solum
1395 1881 1428 1912 a
1461 1861 1515 1911 S.
1548 1860 1800 1912 Romana
1829 1862 2058 1912 ecclesia
2085 1880 2194 1913 non

332 1948 648 2007 recessisse,·
677 1946 776 1997 sed
802 1947 960 1996 etiam
988 1951 1227 2014 tempore
1254 1950 1586 2000 necessitatis
1625 1949 1690 1999 ob
1712 1949 1848 2018 fidei
1873 1950 2194 2002 corrobora-

333 2036 532 2085 tionem
568 2034 634 2085 ab
678 2053 743 2085 ea
784 2034 1118 2104 adjutorium
1154 2035 1491 2101 implorasse.
1554 2036 1716 2094 Quod
1740 2038 2102 2104 reyulariter,
2135 2045 2196 2090 ut

324 2125 579 2189 praefati
603 2140 812 2181 sumus,
841 2127 893 2171 et
917 2122 1182 2189 exemplis
1211 2122 1519 2185 docuimus,
1561 2141 1740 2174 omnes
1769 2125 2072 2176 catholicae
2109 2127 2194 2176 de-

334 2209 457 2259 bent
483 2209 771 2261 observare
800 2209 1108 2268 Ecclesiae,
1136 2214 1194 2259 ut
1220 2208 1286 2259 ab
1315 2226 1378 2258 ea
1396 2215 1529 2276 post
1556 2208 1823 2261 Christum
1865 2213 1939 2262 ad
1962 2215 2194 2264 munien-

333 2298 457 2347 dam
478 2298 643 2366 fidem
671 2298 1004 2369 adjutorium
1023 2302 1232 2364 petant,
1260 2315 1397 2364 quae
1419 2315 1526 2347 non
1556 2297 1717 2348 habet
1735 2299 1998 2350 maculam
2024 2319 2195 2369 neque

332 2404 540 2453 ruyam,
570 2392 622 2437 et
639 2392 962 2453 portentosa
985 2384 1270 2436 haeresum
1297 2386 1484 2453 capita
1512 2375 1708 2445 calcat,
1737 2391 1788 2436 et
1801 2387 2043 2454 fidelium
2058 2406 2194 2439 men-

334 2480 410 2523 tes
439 2476 491 2523 in
515 2475 625 2541 fide
655 2474 1015 2532 corroborat,
1055 2493 1088 2523 a
1127 2477 1280 2543 cujus
1320 2478 1510 2523 sancta
1547 2479 1599 2522 et
1634 2474 1944 2523 veneranda
1971 2492 2194 2526 commu·

331 2563 510 2620 nione,
537 2561 715 2610 multis
742 2559 1134 2618 recedentibus,
1160 2565 1380 2610 nostrae
1407 2565 1581 2631 tamen
1591 2561 1774 2626 partis
1801 2577 2089 2628 numquam
2115 2580 2194 2612 re-

333 2650 495 2699 cessit
521 2647 789 2708 Ecclesia,
817 2648 915 2699 sed
941 2666 1003 2698 ea
1021 2643 1341 2714 Apostole'ca
1369 2647 1673 2698 eruditione
1701 2648 2013 2710 instruente,
2043 2655 2094 2699 et
2115 2667 2195 2709 ec,

332 2755 364 2786 a
394 2752 498 2804 quo
528 2742 605 2787 est
631 2754 783 2786 omne
810 2736 1010 2787 donum
1037 2737 1294 2803 optimum
1311 2740 1363 2785 et
1391 2753 1542 2785 omne
1561 2735 1743 2785 datum
1750 2737 2077 2803 perfectum,
2103 2739 2194 2787 tri-

331 2824 551 2882 buente,
602 2841 813 2892 semper
851 2824 1089 2891 suscepit
1123 2823 1423 2874 reverenda
1473 2822 1781 2874 chrismata.
1844 2819 2034 2875 Nonne
2071 2822 2194 2876 haec

332 2909 444 2963 fidei
481 2908 945 2979 communionisque
982 2909 1231 2962 unitatem
1271 2928 1380 2962 cum
1419 2909 1538 2962 sede
1574 2907 1872 2980 Apostolica
1924 2909 2193 2962 tenendam

332 2997 656 3069 significant?
709 2997 819 3051 Hoc
849 3007 1014 3050 autem
1041 2995 1384 3049 testinnonium
1411 3006 1554 3049 tanto
1580 2995 1740 3067 pluris
1776 2994 2057 3047 faciendum
2097 3005 2193 3059 est,

332 3095 520 3154 quanto
558 3079 904 3139 Ecclesiarum
945 3082 1142 3137 Galliae
1182 3092 1234 3136 et
1272 3081 1578 3136 Germaniae
1618 3099 1823 3135 sensum
1861 3081 2088 3134 declarat
2133 3101 2191 3135 eo

333 3192 529 3243 quoque
557 3182 811 3246 tempore,
851 3192 948 3245 quo
988 3173 1049 3226 ob
1078 3171 1333 3225 decretum
1372 3169 1555 3242 synodi
1581 3166 1695 3222 Vll.
1727 3177 1907 3221 contra
1932 3166 2193 3222 Iconoma-

333 3262 452 3314 chos
479 3262 615 3316 inter
653 3263 875 3335 ipsarum
912 3259 1129 3334 partium
1165 3256 1447 3331 Episcopos
1484 3266 1536 3311 et
1575 3255 1863 3310 Romanum
1889 3253 2191 3310 Pontificem

332 3349 681 3403 intercedebat
707 3368 810 3403 non
836 3348 964 3403 levis
991 3347 1261 3402 dissensio.
1289 3345 1402 3400 Hac
1429 3355 1595 3398 autem
1622 3344 1673 3396 in
1701 3344 2036 3410 dissensione,
2063 3362 2191 3414 quae

332 3436 384 3489 in
413 3436 604 3507 aliquot
631 3426 792 3492 annos
819 3455 1096 3510 progressa
1123 3446 1232 3502 est,
1258 3434 1372 3491 vide
1400 3453 1463 3488 nc
1491 3432 1757 3487 existimes
1784 3451 1873 3487 eos
1914 3431 2081 3504 reipsa
2106 3432 2192 3485 de-
