2314 3984
670 252 1321 314 ..n-„221—

95 416 254 481 »nimau
278 440 423 495 quam
433 423 694 496 Scriptura
718 441 864 477 sacra
885 424 1174 494 comprobat
1192 423 1517 477 rationemve
1534 420 1635 475 vim
1653 419 1904 492 propriam

95 508 344 563 pontificii
366 509 608 581 primatus
624 550 638 576 ,
665 528 808 580 quem
835 509 895 562 ad
922 509 1160 563 unitatem
1184 526 1287 561 non
1312 496 1903 570 communionisiantum,

93 595 178 648 sed
201 594 511 666 potissimum
534 596 647 649 fidei
671 596 723 648 in
747 596 986 650 miiversa
996 593 1227 649 Ecclesia
1250 592 1599 648 continendam
1625 601 1678 646 et
1701 609 1904 646 conser-

93 680 303 734 vandam
327 681 388 733 ab
413 680 522 752 ipso
551 680 755 735 Christo
781 681 1086 743 institutum,
1114 689 1164 732 et
1188 679 1240 733 vi
1265 688 1380 751 apta
1407 679 1469 731 ad
1493 677 1624 731 hunc
1645 670 1797 732 finem
1817 678 1907 731 ob-

93 765 356 830 tinendum,
382 765 511 819 idest
534 767 584 821 vi
611 775 822 838 cogente
845 764 1135 838 praeditum,
1162 782 1231 818 ex
1258 762 1434 835 (Supr.
1464 762 1609 834 c.9.)
1627 763 1904 834 principiiS,

92 851 265 920 quibus
291 850 568 906 adversarii
606 871 798 923 quoque
833 850 1048 904 calculos
1085 849 1402 914 addiderimt,
1429 849 1800 902 demonstrasse
1831 848 1906 903 wi-

92 937 275 990 demur.
304 935 434 1004 Quid
458 939 682 1011 pluribus
699 954 820 1010 opus
845 945 940 1000 est,
964 944 1020 986 ut
1044 933 1136 987 hoc
1162 943 1387 1005 systema
1413 934 1473 986 ad
1499 944 1639 987 cert-a
1662 934 1907 1006 principia

94 1023 152 1074 ab
178 1022 299 1093 ipsis
325 1024 629 1077 adversariis
651 1038 892 1076 concessa
916 1029 1204 1074 revocatum
1221 1060 1235 1086 ,
1271 1037 1330 1073 ac
1355 1018 1540 1072 exinde
1577 1020 1797 1090 legitime
1823 1021 1908 1072 de-

92 1108 283 1160 ductum
309 1109 680 1178 evolutumque,
719 1125 778 1160 ac
801 1115 905 1158 tmu
930 1104 1218 1177 Scriptura,
1259 1114 1359 1156 tum
1384 1098 1655 1157 traditione
1681 1122 1907 1175 compro-

92 1193 255 1244 batum
272 1230 285 1256 ,
313 1193 512 1244 omnino
539 1202 727 1245 certum
754 1210 812 1245 ac
837 1193 1225 1245 demonstratum
1251 1190 1477 1243 dicatur?
1514 1185 1660 1256 Quod
1686 1190 1728 1242 si
1753 1208 1907 1260 quae-

91 1277 200 1328 dam
226 1296 380 1348 pauca
393 1288 617 1332 veterum
641 1279 792 1343 facta,
820 1287 905 1330 aut
931 1277 1081 1330 etiam
1105 1275 1391 1330 testimonia
1417 1275 1681 1346 systemati
1702 1275 1906 1347 perinde

93 1363 428 1416 demonstrato
454 1364 716 1418 videantur
741 1364 1075 1416 difficultatem
1102 1364 1313 1428 afferre3
1356 1361 1644 1430 quicumque
1671 1361 1907 1431 ejusmodi

95 1458 421 1519 systematum
447 1459 676 1500 naturam
702 1459 752 1501 et
776 1449 876 1502 vim
902 1448 1166 1519 intelligit,
1207 1447 1328 1499 nihil
1353 1446 1648 1501 movebitur.
1701 1446 1909 1501 Verita-

94 1543 193 1585 tum
233 1535 362 1587 enim
388 1534 803 1604 Theologicarum
832 1543 1140 1605 systemata,
1168 1552 1294 1604 quae
1321 1551 1390 1586 ex
1414 1532 1579 1585 multis
1604 1532 1904 1585 testimoniis

94 1619 143 1670 in
182 1638 325 1671 unam
363 1619 662 1673 sententiam
699 1620 1097 1690 conspirantibus
1135 1619 1605 1671 demonstrationem
1644 1618 1906 1690 accipiunt,

95 1715 148 1756 ut
172 1705 512 1757 demonstrata
537 1705 788 1768 dicantur,
833 1705 958 1757 haud
984 1722 1106 1774 opus
1133 1714 1237 1768 est,
1276 1713 1331 1754 ut
1357 1703 1522 1755 omnia
1552 1703 1782 1767 omnino,
1820 1705 1907 1756 sed

94 1790 286 1854 sufficit,
313 1790 357 1842 si
381 1791 525 1861 plura
537 1790 618 1843 vel
642 1790 881 1860 pleraque
907 1788 1194 1842 testimonia
1219 1787 1343 1840 satis
1365 1797 1538 1858 aperta
1565 1797 1616 1840 et
1642 1788 1908 1841 concinen-

94 1875 162 1926 tia
186 1875 391 1948 ifflpsmn
420 1875 741 1927 constituant.
794 1872 935 1942 Quae
962 1885 1124 1927 autem
1150 1893 1306 1945 pauca
1332 1873 1595 1928 videantur
1622 1873 1818 1938 obesse,
1847 1893 1907 1927 ea

95 1970 257 2012 rectus
283 1961 522 2031 ejusmodi
548 1970 874 2030 systematum
901 1960 1193 2014 aestimator
1209 2000 1222 2025 ,
1258 1961 1338 2013 vel
1365 1978 1584 2030 congrue
1611 1959 1908 2029 explicanda

96 2063 235 2110 csse,
263 2055 313 2098 et
339 2064 446 2098 cum
471 2046 579 2116 ipso
608 2055 882 2117 systemate
922 2046 1128 2115 aliisque
1165 2046 1466 2098 testimoniis
1494 2045 1798 2099 concilianda
1825 2065 1907 2098 co-

95 2140 302 2198 gnoscet
338 2130 439 2199 (uti
463 2149 584 2182 sane
597 2130 650 2198 *)
690 2131 915 2202 praestiti
940 2131 991 2182 in
1029 2149 1084 2183 re
1110 2131 1362 2200 praesenti
1389 2132 1547 2200 quoad
1574 2131 1738 2199 aliqua
1763 2151 1909 2201 prae-

103 2319 273 2359 l'atrum
304 2323 572 2371 sententiam,
607 2334 691 2363 non
724 2325 898 2363 multum
931 2322 1178 2362 commoveri
1206 2318 1341 2362 :solent
1365 2322 1539 2361 novellis
1552 2321 1908 2363 scholasticorum

97 2379 383 2430 opinionibus,
416 2393 520 2431 quae
546 2382 582 2421 si
600 2393 731 2421 novae
749 2386 857 2427 sunt,
890 2386 930 2420 et
946 2381 1185 2432 antiquitati
1205 2382 1453 2426 contrariae,
1486 2385 1580 2420 sunt
1612 2382 1908 2434 repudiandae.

211 2450 249 2502 *)
282 2453 343 2490 Ita
375 2465 439 2492 ex.
457 2466 519 2504 gr.
537 2467 599 2493 me
631 2456 875 2494 conciliasse
903 2467 975 2493 seu
1008 2455 1236 2505 explicasse
1269 2454 1451 2492 arbitror
1482 2455 1767 2504 obJectionem‚
1803 2467 1908 2505 quae

96 2510 268 2549 omnium
300 2511 474 2550 maxima
506 2525 554 2551 ae
585 2513 823 2552 difficillima
854 2513 1040 2559 videtur,
1075 2525 1124 2551 ex
1142 2513 1253 2551 sacto
1273 2516 1314 2551 et
1346 2513 1483 2550 verbis
1502 2514 1545 2551 S.
1565 2514 1762 2563 Cypriani
1796 2514 1907 2552 circa

94 2568 300 2608 decretum
332 2571 376 2608 S.
408 2571 603 2622 Stephani
636 2573 774 2623 Papae
807 2572 857 2611 de
889 2572 1194 2611 haereticorum
1227 2571 1487 2622 baptismate,
1521 2583 1596 2611 nec
1628 2583 1709 2610 non
1742 2584 1793 2611 ex
1825 2573 1906 2610 illis

94 2628 135 2667 S.
169 2628 383 2677 Augustini
417 2629 467 2668 de
499 2630 622 2682 facto,
656 2635 698 2670 et
731 2631 867 2670 verbis
898 2631 1076 2680 ejusdem
1103 2630 1315 2681 Cypriani,
1349 2634 1393 2668 ut
1428 2630 1568 2669 videre
1600 2631 1698 2670 licet
1731 2643 1781 2670 ex
1813 2644 1905 2682 cap.

101 2685 163 2722 13.
197 2685 236 2735 §.
267 2685 310 2723 3.
343 2690 384 2724 et
416 2687 458 2728 9.
520 2690 566 2726 Si
601 2701 703 2738 quae
734 2693 870 2727 tamen
903 2689 1036 2728 adhue
1079 2688 1302 2727 difficultas
1343 2688 1450 2738 apud
1493 2689 1670 2739 aliquem
1702 2691 1903 2740 supersit:

95 2744 393 2782 contemnenda
425 2748 466 2783 et
499 2746 613 2784 nihili
646 2747 833 2785 habenda
865 2748 966 2793 erit,
1002 2759 1092 2786 cum
1123 2747 1237 2785 locus
1255 2757 1356 2784 unus
1373 2747 1438 2784 vel
1459 2747 1565 2785 alter
1597 2748 1798 2797 objectus,
1834 2760 1901 2786 ne-

96 2805 217 2851 queat
250 2802 490 2852 infringere,
523 2808 592 2842 aut
625 2804 777 2842 elidere
798 2806 874 2843 vim
891 2806 1140 2855 systematis,
1174 2804 1282 2854 quod
1313 2806 1377 2841 tot
1409 2805 1502 2841 aliis
1534 2806 1783 2844 testimoniis
1817 2818 1906 2845 cum

95 2859 304 2910 scriptura
337 2862 651 2900 concinentibus
680 2863 892 2913 probatum
925 2863 1026 2909 fuit3
1070 2873 1240 2911 cumque
1284 2863 1503 2911 praeterea
1535 2874 1608 2912 per
1640 2875 1780 2902 omnes
1812 2876 1909 2902 con-

92 2920 175 2956 stet
205 2918 450 2968 cyprianum
481 2932 530 2958 ea
561 2921 602 2958 in
634 2922 840 2960 sententia
871 2933 1048 2968 errasse,
1083 2924 1125 2959 et
1156 2920 1250 2958 ideo
1285 2919 1447 2969 quidem
1479 2932 1656 2967 errasse,
1691 2922 1787 2972 quia
1818 2923 1909 2961 uni-

94 2980 219 3015 tatem
252 2989 338 3016 cum
356 2977 557 3028 Stephani
597 2980 805 3018 sententia
845 2991 925 3018 non
973 2980 1120 3018 tenuit.
1182 2979 1331 3016 Nonne
1372 2979 1413 3016 in
1454 2979 1547 3017 aliis
1580 2979 1676 3019 fidei
1709 2981 1908 3020 doctrinis

94 3035 354 3085 complurium
384 3037 550 3075 Patrum
591 3038 815 3076 traditione
858 3036 1045 3088 probatis
1086 3036 1185 3076 nihil
1228 3036 1384 3082 officit,
1429 3038 1463 3075 si
1507 3039 1574 3088 qui
1619 3040 1739 3089 pauci
1771 3044 1909 3079 textus

94 3093 262 3142 alicujus
294 3095 415 3134 etiam
447 3095 636 3142 celebris,
682 3100 724 3135 et
761 3097 919 3146 antiqui
961 3097 1098 3136 Patris
1140 3097 1389 3135 contrarium
1433 3096 1649 3136 videantur
1681 3099 1907 3148 ingerere?

94 3150 240 3188 Nonne
270 3154 503 3203 complexus
535 3155 876 3204 testimoniorum,
909 3167 1014 3206 quae
1046 3167 1095 3194 ex
1114 3155 1306 3194 Patribus
1337 3156 1602 3205 sequentibus
1634 3161 1833 3209 sanetum,
1868 3162 1908 3196 et

94 3208 419 3258 antiquissimum
447 3212 694 3264 Episcopum
725 3214 937 3253 Irenaeum
969 3215 1179 3252 Romanae
1210 3212 1305 3251 fidei
1340 3213 1539 3252 unitatem
1570 3215 1734 3254 omnino
1766 3228 1908 3255 neces-

94 3267 242 3306 sariam
271 3272 442 3318 propter
471 3271 684 3320 primatum
713 3275 797 3311 tam
836 3284 1030 3323 expresse
1070 3271 1341 3311 affirmantem
1383 3273 1674 3319 recitavimus,
1718 3286 1906 3326 quaeque

95 3337 182 3365 cum
214 3326 474 3365 institutione
506 3332 548 3366 et
578 3328 660 3368 tine
687 3330 930 3370 instituendi
961 3331 1170 3382 primatus,
1206 3334 1247 3369 et
1278 3342 1367 3369 cum
1400 3331 1669 3382 Evangelicis
1701 3333 1751 3372 de
1782 3334 1908 3374 Petro

94 3384 221 3432 primo
253 3385 427 3434 primate
458 3386 705 3426 testimoniis
742 3391 1004 3440 conspirant,
1039 3389 1430 3428 demonstrationem
1469 3391 1571 3429 satis
1612 3394 1748 3442 aptam
1793 3393 1906 3432 exhi-

94 3441 195 3486 buit,
226 3453 305 3493 qua
336 3444 486 3483 nullam
517 3447 712 3495 maj0rem
740 3447 780 3486 in
811 3448 906 3487 aliis
938 3460 1018 3487 non
1050 3449 1191 3499 paucis
1223 3447 1483 3496 dogmatibus
1525 3449 1726 3500 quispiam
1770 3453 1907 3502 requi-

95 3504 218 3546 reret,
249 3504 319 3539 aut
353 3502 586 3542 inveniret?
627 3504 802 3554 Objecta
832 3517 883 3546 ex
913 3507 1186 3558 praesumptis
1220 3506 1482 3557 quorumdam
1514 3507 1760 3548 Pontificum
1793 3522 1908 3549 erro-
