2314 3984
770 226 1150 284 ——aol
1243 219 1414 268 '-—

301 430 312 443 ·
338 397 423 452 29.
476 395 546 448 Ut
579 389 747 448 autem'
778 394 977 448 omnino
1016 404 1181 448 certus
1219 411 1278 446 ac
1321 393 1396 446 rei
1435 389 1688 464 praesenti
1720 406 2002 460 congruens

197 484 508 538 evinceretur
527 483 693 553 lapsus
702 478 913 546 Liberii,
927 481 1027 533 tria
1044 481 1107 534 ab
1133 478 1434 535 adversariis
1453 477 1706 550 probanda
1724 486 1895 529 essent
1917 495 2004 547 pe-

195 570 325 622 nitus
346 578 500 623 certa.
524 566 564 619 Ι.
587 577 775 620 certum
794 585 906 621 esse
923 569 1029 639 ejus
1046 567 1254 638 lapsum,
1279 564 1342 618 Π.
1356 573 1543 619 certum
1560 563 1679 617 item
1698 581 1829 628 esse,
1845 563 2003 635 ipsum

193 656 346 708 fuisse
371 656 559 726 lapsum
585 653 634 706 in
663 653 944 706 definitione
963 652 1092 718 fidei,
1120 650 1204 703 ΠΙ.
1229 651 1273 704 si
1298 652 1425 704 idem
1456 650 1623 721 lapsus
1655 649 1837 720 aliquid
1859 668 2004 721 prae-

195 743 326 794 ferre
350 741 577 794 credatur
593 779 606 806 ,
634 741 762 810 quod
787 740 848 792 ad
870 739 982 792 fidei
1005 737 1338 792 definitionem
1362 736 1591 791 revocari
1615 746 1788 806 queat,
1815 746 2003 790 certum

195 836 453 898 praeterea
479 844 592 879 esse
618 825 735 879 nihil
759 824 1123 889 intercessisse,
1153 825 1279 893 quod
1306 842 1336 876 a
1360 842 1483 877 vera
1508 832 1559 876 et
1582 821 1804 893 legitima
1834 822 2005 875 defini-

197 913 332 967 tione
349 913 504 984 ipsum
529 912 764 966 extrahat
784 921 930 982 atque
948 910 1172 982 repellat.
1208 909 1343 962 Num
1369 910 1491 963 haec
1514 908 1616 961 tria
1639 908 1841 961 omnino
1867 918 2005 962 certa

195 1000 255 1051 ab
281 999 583 1053 adversariis
607 998 914 1070 probantur?
937 995 1162 1068 Lapsum
1187 996 1380 1066 quidem
1399 997 1505 1066 ejus
1524 994 1650 1048 satis
1677 1004 1867 1047 certum
1890 1014 2006 1066 pro-

194 1086 303 1138 bari
329 1085 620 1138 existimant
643 1082 940 1136 testimoniis
963 1081 1263 1147 Athanasii,
1290 1079 1488 1145 Hilarii,
1514 1079 1830 1152 Hieronymi,
1857 1079 2004 1151 atque

194 1169 479 1224 Sozomeni.
525 1169 601 1222 At
626 1169 710 1222 alii
735 1168 913 1222 eruditi
936 1167 1159 1220 homines
1185 1166 1313 1220 hunc
1337 1167 1559 1239 lapsum,
1597 1166 1668 1218 uti
1705 1167 1856 1237 vulgo
1893 1186 2006 1220 nar-

195 1267 357 1317 ratur,
382 1274 482 1308 non
507 1255 577 1309 ita
602 1265 789 1308 certum
814 1264 1012 1327 putant,
1047 1263 1101 1306 ut
1137 1254 1197 1307 de
1233 1272 1292 1306 eo
1330 1252 1643 1324 gravissimis
1683 1252 1875 1322 quidem
1899 1272 2005 1305 mo-

197 1343 374 1394 mentis
392 1344 505 1413 jure
531 1341 752 1394 dubitare
778 1359 878 1392 non
903 1341 1078 1411 possit.
1135 1339 1215 1392 Ea
1238 1341 1460 1393 narratio
1477 1381 1490 1406 ,
1529 1359 1626 1410 qua
1650 1338 1926 1391 Bossuetus
1953 1339 2005 1391 in

196 1447 254 1480 eo
276 1430 620 1496 Defensiouis
647 1427 876 1497 exemplo
894 1466 907 1491 ,
935 1427 1062 1495 quod
1087 1426 1245 1497 prima
1271 1425 1483 1479 editione
1508 1424 1718 1498 prodiit,
1745 1423 2002 1478 Liberium

197 1524 309 1585 post
334 1514 538 1566 exilium
563 1514 850 1566 redeuntem
876 1533 908 1564 a
934 1516 1166 1564 maxima
1199 1513 1346 1565 Cleri
1369 1521 1419 1565 et
1435 1515 1634 1582 populi
1650 1519 1813 1580 parte
1833 1517 2004 1581 fuisse

198 1606 477 1672 rejectum,
505 1618 659 1669 eoque
686 1601 788 1664 die,
817 1619 910 1669 quo
936 1599 1019 1651 ille
1045 1597 1258 1650 Romam
1292 1598 1551 1669 ingressus
1590 1608 1697 1663 est,
1714 1599 2005 1652 ‚maximam

198 1686 248 1737 in
270 1684 470 1738 Clerum
488 1684 920 1757 persequutionem
940 1685 1197 1738 exarsisse
1214 1685 1454 1756 prodidit3
1482 1685 1620 1750 haec,
1645 1686 1862 1754 inquam,
1890 1705 2007 1739 nar-

195 1771 324 1823 ratio
352 1781 545 1842 sumpta
566 1771 728 1822 fuerat
753 1788 822 1823 ex
849 1769 1006 1840 (Vide
1033 1769 1298 1824 Tillemon.
1326 1780 1432 1822 not.
1459 1771 1545 1823 59.
1573 1771 1626 1822 in
1650 1771 1865 1842 Arion.)
1892 1791 2005 1844 spu-

195 1857 283 1909 riis
312 1856 456 1910 Actis
481 1854 538 1908 S.
564 1854 770 1909 Eusebii
793 1855 1095 1927 presbyteri,
1123 1875 1248 1925 quae
1275 1875 1382 1910 cum
1408 1856 1611 1910 subinde
1635 1857 1732 1928 ipsi
1755 1857 2005 1911 Bossueto

196 1943 247 1995 in
273 1943 600 2014 suspicionem
625 1942 901 2008 venissent,
930 1939 1071 2012 (Lib.
1100 1942 1152 1995 9.
1183 1943 1245 1994 al.
1276 1943 1361 1995 14.
1391 1961 1434 1995 c.
1461 1942 1580 2014 34.)
1607 1943 1855 2014 integrum
1892 1946 2007 1998 illud

196 2039 338 2100 caput.
354 2069 367 2093 ,
406 2047 500 2098 quo
527 2028 646 2081 haec
670 2038 815 2099 gesta
840 2027 1196 2098 descripserat,
1234 2031 1285 2080 in
1321 2029 1571 2102 plerisque
1595 2049 1716 2083 mss.
1743 2029 2007 2084 Defensio·

199 2115 276 2167 nis
302 2115 543 2186 exemplis
570 2117 633 2166 ab
660 2119 777 2184 ipso
805 2113 1036 2166 Auctore
1062 2117 1318 2167 delectum
1337 2120 1474 2184 fuit,
1501 2116 1676 2186 quippe
1704 2117 1786 2185 qui
1811 2117 2007 2172 intelle-

199 2201 295 2265 xit,
323 2220 382 2254 ea
407 2209 518 2252 acta
544 2203 642 2253 illa
668 2220 801 2261 esse,
828 2220 963 2269 quae
990 2209 1083 2253 aut
1105 2204 1319 2262 uullim,
1345 2209 1439 2253 aut
1461 2205 1700 2270 infirmae
1727 2206 2008 2257 admodum

199 2290 528 2340 auctoritatis
567 2286 690 2357 apud
728 2287 899 2339 doctos
939 2285 1210 2357 habentur,
1247 2287 1319 2339 uti
1351 2287 1564 2339 traditur
1587 2287 1641 2339 in
1666 2307 1797 2343 nova
1819 2288 2008 2344 Defen-

199 2374 353 2425 sionis
378 2372 593 2426 editione
619 2372 737 2424 anni
764 2371 940 2436 1745„
966 2373 1049 2425 ubi
1074 2373 1257 2426 idcirco
1283 2373 1412 2426 idem
1437 2383 1582 2444 caput
1608 2393 1635 2427 e
1659 2375 1795 2442 1000,
1833 2376 1886 2428 in
1912 2397 2006 2447 quo

195 2459 402 2529 primum
428 2468 563 2519 erat,
589 2459 894 2518 submotum,
930 2457 983 2509 in
1007 2457 1345 2529 Appendicem
1382 2461 1617 2530 rejectum
1653 2462 1760 2513 fuit.
1815 2461 2004 2516 Eadem

195 2563 316 2597 vero
344 2545 538 2597 ratione
564 2543 769 2596 delenda
794 2554 939 2596 erant
963 2544 1015 2596 in
1041 2545 1258 2615 ejusdem
1282 2545 1395 2598 libri
1419 2546 1578 2617 capite
1600 2546 1687 2600 33.
1718 2547 1815 2619 (Τ.
1833 2552 1882 2601 2.
1898 2550 2007 2621 Ap-

199 2631 341 2699 pend.
368 2649 481 2700 pag.
511 2629 663 2695 115.)
691 2638 741 2681 et
767 2628 882 2680 alibi
909 2630 1057 2682 etiam
1084 2631 1374 2700 quandoque
1399 2632 1628 2703 inspersa
1644 2672 1657 2697 ,
1684 2652 1809 2702 quae
1833 2634 2005 2688 iisdem

200 2714 325 2767 actis
371 2714 665 2766 innituntur.
741 2711 935 2765 Liberii
983 2715 1176 2783 quidem
1223 2717 1431 2768 reditum
1470 2737 1499 2770 a
1538 2720 1728 2772 cunctis
1763 2719 2007 2773 Romanis

201 2818 387 2851 summo
413 2800 590 2869 gaudio
617 2809 667 2852 et
690 2798 938 2870 plausibus
964 2801 1247 2852 decoratum
1271 2803 1578 2855 tradiderunt
1601 2803 1931 2859 Marcellinus
1959 2818 2008 2860 et

200 2884 469 2937 Faustinus
495 2885 545 2936 in
572 2885 797 2958 precibus
823 2886 884 2938 ad
908 2884 1288 2956 Imperatorem:
1324 2889 1424 2941 Cui
1435 2887 1639 2942 Liberio
1666 2910 1781 2943 cum
1802 2896 2004 2960 qaudio

190 2975 426 3040 populus
457 2972 725 3024 Romanus
753 2975 943 3032 exivit,
969 2972 1090 3024 adeo
1116 2981 1171 3024 ut
1196 2975 1302 3044 ejus
1328 2975 1585 3044 ingressus
1611 2977 1764 3030 veluti
1799 2978 2006 3031 victoris

197 3058 467 3128 triumphus
487 3058 771 3122 videretur,
798 3066 851 3109 ut
886 3056 1225 3130 Hieronymus
1261 3060 1462 3131 scripsit
1496 3061 1549 3112 in
1584 3060 1860 3116 Chronico:
1903 3066 2009 3117 Ro-

197 3163 331 3195 mam
367 3149 518 3212 quasi
555 3149 722 3198 victor
757 3148 986 3197 intravit.
1039 3143 1127 3196 Ex
1166 3144 1256 3198 hoc
1292 3156 1394 3198 tam
1431 3148 1610 3200 festivo
1640 3168 1697 3202 ac
1722 3149 2004 3222 triumphali

200 3227 394 3281 Liberii
418 3228 672 3299 ingressu,
714 3249 809 3300 quo
837 3228 1015 3285 Clerus
1050 3231 1350 3302 populusque
1375 3231 1635 3287 Romanus
1667 3235 1827 3306 ipsum
1853 3255 2004 3290 exce-

198 3314 295 3384 pit,
335 3312 501 3367 Felice
527 3313 979 3387 Pseudo-pontifice
1006 3318 1238 3387 expulso,
1266 3336 1430 3371 nonne
1455 3321 1805 3390 gravissimum
1832 3324 2005 3376 exori-

197 3410 278 3451 tur
304 3410 646 3470 argumentum
671 3401 944 3466 dubitandi,
984 3422 1099 3454 num
1126 3422 1214 3468 ea,
1251 3422 1376 3473 quae
1402 3405 1461 3458 de
1498 3407 1600 3476 ejus
1626 3407 1767 3479 lapsu
1792 3427 2003 3462 narran-

192 3496 300 3551 tur,
328 3487 662 3540 commentitia
687 3487 824 3540 sint?
868 3487 1083 3542 Romani
1110 3490 1239 3542 enim
1265 3489 1523 3545 Nic-aenae
1550 3493 1660 3547 fidei
1686 3496 1890 3565 ejusque
1917 3496 2001 3548 de-
