<?xml version="1.0" encoding="UTF-8"?>
<!DOCTYPE html PUBLIC "-//W3C//DTD XHTML 1.0 Transitional//EN"
    "http://www.w3.org/TR/xhtml1/DTD/xhtml1-transitional.dtd">
<html xmlns="http://www.w3.org/1999/xhtml" xml:lang="en" lang="en">
 <head>
  <title>
</title>
<meta http-equiv="Content-Type" content="text/html;charset=utf-8" />
  <meta name='ocr-system' content='tesseract 3.04.00' />
  <meta name='ocr-capabilities' content='ocr_page ocr_carea ocr_par ocr_line ocrx_word'/>
</head>
<body>
  <div class='ocr_page' id='page_1' title='image "a546178500balluoft_0125.png"; bbox 0 0 2320 3990; ppageno 0'>
   <div class='ocr_carea' id='block_1_1' title="bbox 715 227 1308 288">
    <p class='ocr_par' dir='ltr' id='par_1_1' title="bbox 715 227 1308 288">
     <span class='ocr_line' id='line_1_1' title="bbox 715 227 1308 288; baseline -0.007 -15"><span class='ocrx_word' id='word_1_1' title='bbox 715 227 1308 288; x_wconf 62' lang='lat'><strong><em>-93—</em></strong></span> 
     </span>
    </p>
   </div>
   <div class='ocr_carea' id='block_1_2' title="bbox 103 395 1926 3561">
    <p class='ocr_par' dir='ltr' id='par_1_2' title="bbox 106 395 1926 1911">
     <span class='ocr_line' id='line_1_2' title="bbox 107 395 1926 473; baseline -0.004 -19"><span class='ocrx_word' id='word_1_2' title='bbox 107 405 212 473; x_wconf 74' lang='lat' dir='ltr'><strong><em>ejus</em></strong></span> <span class='ocrx_word' id='word_1_3' title='bbox 235 399 404 454; x_wconf 78' lang='lat' dir='ltr'><strong><em>verbis</em></strong></span> <span class='ocrx_word' id='word_1_4' title='bbox 429 399 491 451; x_wconf 85' lang='lat' dir='ltr'><strong><em>ad</em></strong></span> <span class='ocrx_word' id='word_1_5' title='bbox 515 396 725 452; x_wconf 81' lang='lat' dir='ltr'><strong><em>Patrem</em></strong></span> <span class='ocrx_word' id='word_1_6' title='bbox 747 397 831 452; x_wconf 80' lang='lat' dir='ltr'><strong><em>Jo.</em></strong></span> <span class='ocrx_word' id='word_1_7' title='bbox 863 398 945 451; x_wconf 93' lang='grc'><strong><em>11.</em></strong></span> <span class='ocrx_word' id='word_1_8' title='bbox 974 415 1109 452; x_wconf 78' lang='lat' dir='ltr'><strong><em>vers.</em></strong></span> <span class='ocrx_word' id='word_1_9' title='bbox 1135 396 1228 450; x_wconf 75' lang='lat'><strong><em>42.</em></strong></span> <span class='ocrx_word' id='word_1_10' title='bbox 1284 395 1698 463; x_wconf 79' lang='lat' dir='ltr'><strong><em>Sciebam.quod</em></strong></span> <span class='ocrx_word' id='word_1_11' title='bbox 1719 405 1926 462; x_wconf 80' lang='lat' dir='ltr'><strong><em>semper</em></strong></span> 
     </span>
     <span class='ocr_line' id='line_1_3' title="bbox 108 480 1925 553; baseline -0.005 -13"><span class='ocrx_word' id='word_1_12' title='bbox 108 506 186 540; x_wconf 80' lang='lat' dir='ltr'><strong><em>me</em></strong></span> <span class='ocrx_word' id='word_1_13' title='bbox 221 489 406 548; x_wconf 81' lang='lat' dir='ltr'><strong><em>audis,</em></strong></span> <span class='ocrx_word' id='word_1_14' title='bbox 445 483 600 536; x_wconf 80' lang='lat' dir='ltr'>addit:</span> <span class='ocrx_word' id='word_1_15' title='bbox 649 485 782 544; x_wconf 81' lang='lat' dir='ltr'><strong><em>Quis</em></strong></span> <span class='ocrx_word' id='word_1_16' title='bbox 817 486 1062 538; x_wconf 80' lang='lat' dir='ltr'><strong><em>dubitare</em></strong></span> <span class='ocrx_word' id='word_1_17' title='bbox 1082 491 1277 553; x_wconf 78' lang='lat' dir='ltr'><strong><em>potest,</em></strong></span> <span class='ocrx_word' id='word_1_18' title='bbox 1321 480 1453 553; x_wconf 78' lang='lat' dir='ltr'><strong><em>quin</em></strong></span> <span class='ocrx_word' id='word_1_19' title='bbox 1483 480 1633 532; x_wconf 66' lang='lat' dir='ltr'><strong><em>iltius</em></strong></span> <span class='ocrx_word' id='word_1_20' title='bbox 1655 481 1925 532; x_wconf 77' lang='lat' dir='ltr'><strong><em>orationis</em></strong></span> 
     </span>
     <span class='ocr_line' id='line_1_4' title="bbox 107 565 1925 641; baseline -0.003 -17"><span class='ocrx_word' id='word_1_21' title='bbox 107 577 157 626; x_wconf 73' lang='lat' dir='ltr'><strong><em>ni</em></strong></span> <span class='ocrx_word' id='word_1_22' title='bbox 194 575 248 626; x_wconf 89' lang='lat' dir='ltr'><strong><em>S.</em></strong></span> <span class='ocrx_word' id='word_1_23' title='bbox 278 573 472 625; x_wconf 78' lang='lat' dir='ltr'><strong><em>Petrus</em></strong></span> <span class='ocrx_word' id='word_1_24' title='bbox 523 571 811 623; x_wconf 79' lang='lat' dir='ltr'><strong><em>obtinuerit</em></strong></span> <span class='ocrx_word' id='word_1_25' title='bbox 853 572 1015 641; x_wconf 82' lang='lat' dir='ltr'><strong><em>fidem</em></strong></span> <span class='ocrx_word' id='word_1_26' title='bbox 1049 574 1406 629; x_wconf 73' lang='lat' dir='ltr'><strong><em>constantem,</em></strong></span> <span class='ocrx_word' id='word_1_27' title='bbox 1443 565 1815 626; x_wconf 78' lang='lat' dir='ltr'><strong><em>invincibilem,</em></strong></span> <span class='ocrx_word' id='word_1_28' title='bbox 1851 568 1925 618; x_wconf 87' lang='lat' dir='ltr'><strong><em>in·</em></strong></span> 
     </span>
     <span class='ocr_line' id='line_1_5' title="bbox 106 654 1925 727; baseline -0.003 -16"><span class='ocrx_word' id='word_1_29' title='bbox 106 677 439 718; x_wconf 80' lang='lat' dir='ltr'><strong><em>concussam,</em></strong></span> <span class='ocrx_word' id='word_1_30' title='bbox 488 665 539 709; x_wconf 85' lang='lat' dir='ltr'><strong><em>et</em></strong></span> <span class='ocrx_word' id='word_1_31' title='bbox 576 661 650 709; x_wconf 87' lang='lat' dir='ltr'><strong><em>ita</em></strong></span> <span class='ocrx_word' id='word_1_32' title='bbox 689 655 990 727; x_wconf 66' lang='lat' dir='ltr'><strong><em>copiosam,</em></strong></span> <span class='ocrx_word' id='word_1_33' title='bbox 1026 663 1085 707; x_wconf 80' lang='lat' dir='ltr'><strong><em>ut</em></strong></span> <span class='ocrx_word' id='word_1_34' title='bbox 1107 658 1382 724; x_wconf 77' lang='lat' dir='ltr'><strong><em>sufficeret</em></strong></span> <span class='ocrx_word' id='word_1_35' title='bbox 1420 654 1495 704; x_wconf 84' lang='lat' dir='ltr'><strong><em>ad</em></strong></span> <span class='ocrx_word' id='word_1_36' title='bbox 1530 655 1925 719; x_wconf 78' lang='lat' dir='ltr'><strong><em>confirmandos</em></strong></span> 
     </span>
     <span class='ocr_line' id='line_1_6' title="bbox 106 735 1925 812; baseline -0.003 -16"><span class='ocrx_word' id='word_1_37' title='bbox 106 764 210 796; x_wconf 90' lang='lat' dir='ltr'><strong><em>non</em></strong></span> <span class='ocrx_word' id='word_1_38' title='bbox 231 751 431 796; x_wconf 81' lang='lat' dir='ltr'><strong><em>tantum</em></strong></span> <span class='ocrx_word' id='word_1_39' title='bbox 451 744 670 812; x_wconf 80' lang='lat' dir='ltr'><strong><em>fideles,</em></strong></span> <span class='ocrx_word' id='word_1_40' title='bbox 707 743 804 795; x_wconf 78' lang='lat' dir='ltr'><strong><em>sed</em></strong></span> <span class='ocrx_word' id='word_1_41' title='bbox 836 745 995 795; x_wconf 85' lang='lat' dir='ltr'><strong><em>etiam</em></strong></span> <span class='ocrx_word' id='word_1_42' title='bbox 1031 759 1152 793; x_wconf 82' lang='lat' dir='ltr'><strong><em>suos</em></strong></span> <span class='ocrx_word' id='word_1_43' title='bbox 1184 744 1392 808; x_wconf 85' lang='lat' dir='ltr'><strong><em>fratres</em></strong></span> <span class='ocrx_word' id='word_1_44' title='bbox 1444 735 1734 806; x_wconf 75' lang='lat' dir='ltr'><strong><em>Apostolos</em></strong></span> <span class='ocrx_word' id='word_1_45' title='bbox 1760 746 1814 790; x_wconf 90' lang='lat' dir='ltr'><strong><em>et</em></strong></span> <span class='ocrx_word' id='word_1_46' title='bbox 1826 756 1925 806; x_wconf 83' lang='lat' dir='ltr'><strong><em>pa-</em></strong></span> 
     </span>
     <span class='ocr_line' id='line_1_7' title="bbox 106 825 1925 899; baseline -0.004 -16"><span class='ocrx_word' id='word_1_47' title='bbox 106 831 272 883; x_wconf 85' lang='lat' dir='ltr'><strong><em>stores</em></strong></span> <span class='ocrx_word' id='word_1_48' title='bbox 295 833 475 899; x_wconf 72' lang='lat' dir='ltr'><strong><em>yreyis</em></strong></span> <span class='ocrx_word' id='word_1_49' title='bbox 502 831 857 898; x_wconf 81' lang='lat' dir='ltr'><strong><em>impediendo,</em></strong></span> <span class='ocrx_word' id='word_1_50' title='bbox 879 846 946 879; x_wconf 89' lang='lat' dir='ltr'><strong><em>ne</em></strong></span> <span class='ocrx_word' id='word_1_51' title='bbox 971 827 1274 879; x_wconf 82' lang='lat' dir='ltr'><strong><em>cribrentar</em></strong></span> <span class='ocrx_word' id='word_1_52' title='bbox 1299 845 1330 876; x_wconf 87' lang='lat' dir='ltr'><strong><em>a</em></strong></span> <span class='ocrx_word' id='word_1_53' title='bbox 1353 825 1575 883; x_wconf 80' lang='lat' dir='ltr'><strong><em>satana,</em></strong></span> <span class='ocrx_word' id='word_1_54' title='bbox 1603 842 1740 892; x_wconf 81' lang='lat' dir='ltr'><strong><em>quae</em></strong></span> <span class='ocrx_word' id='word_1_55' title='bbox 1764 825 1925 876; x_wconf 83' lang='lat' dir='ltr'><strong><em>verba</em></strong></span> 
     </span>
     <span class='ocr_line' id='line_1_8' title="bbox 109 908 1925 985; baseline -0.003 -18"><span class='ocrx_word' id='word_1_56' title='bbox 109 920 326 985; x_wconf 84' lang='lat' dir='ltr'><strong><em>mirifice</em></strong></span> <span class='ocrx_word' id='word_1_57' title='bbox 363 919 672 983; x_wconf 82' lang='lat' dir='ltr'><strong><em>referuntur</em></strong></span> <span class='ocrx_word' id='word_1_58' title='bbox 706 916 782 967; x_wconf 84' lang='lat' dir='ltr'><strong><em>ad</em></strong></span> <span class='ocrx_word' id='word_1_59' title='bbox 802 915 926 974; x_wconf 80' lang='lat' dir='ltr'><strong><em>illa,</em></strong></span> <span class='ocrx_word' id='word_1_60' title='bbox 961 913 1146 981; x_wconf 80' lang='lat' dir='ltr'><strong><em>quibus</em></strong></span> <span class='ocrx_word' id='word_1_61' title='bbox 1181 912 1423 964; x_wconf 67' lang='lat' dir='ltr'><strong><em>Christus</em></strong></span> <span class='ocrx_word' id='word_1_62' title='bbox 1462 911 1709 961; x_wconf 72' lang='lat' dir='ltr'><strong><em>diccerat:</em></strong></span> <span class='ocrx_word' id='word_1_63' title='bbox 1748 908 1833 961; x_wconf 89' lang='lat' dir='ltr'><strong><em>Tu</em></strong></span> <span class='ocrx_word' id='word_1_64' title='bbox 1870 928 1925 964; x_wconf 88' lang='lat' dir='ltr'><strong><em>es</em></strong></span> 
     </span>
     <span class='ocr_line' id='line_1_9' title="bbox 110 997 1924 1070; baseline -0.002 -18"><span class='ocrx_word' id='word_1_65' title='bbox 110 1001 291 1055; x_wconf 84' lang='lat' dir='ltr'><strong><em>Petrus</em></strong></span> <span class='ocrx_word' id='word_1_66' title='bbox 335 1011 431 1054; x_wconf 88' lang='lat' dir='ltr'><strong><em>etc.</em></strong></span> <span class='ocrx_word' id='word_1_67' title='bbox 493 1000 615 1070; x_wconf 67' lang='lat' dir='ltr'><strong><em>Eyo&#39;</em></strong></span> <span class='ocrx_word' id='word_1_68' title='bbox 653 1002 884 1052; x_wconf 79' lang='lat' dir='ltr'><strong><em>Simonis</em></strong></span> <span class='ocrx_word' id='word_1_69' title='bbox 921 1017 1108 1050; x_wconf 86' lang='lat' dir='ltr'><strong><em>nomen</em></strong></span> <span class='ocrx_word' id='word_1_70' title='bbox 1146 999 1344 1049; x_wconf 66' lang='lat' dir='ltr'><strong><em>invitavi</em></strong></span> <span class='ocrx_word' id='word_1_71' title='bbox 1381 999 1435 1046; x_wconf 86' lang='lat' dir='ltr'><strong><em>in</em></strong></span> <span class='ocrx_word' id='word_1_72' title='bbox 1460 1013 1650 1047; x_wconf 87' lang='lat' dir='ltr'><strong><em>nomen</em></strong></span> <span class='ocrx_word' id='word_1_73' title='bbox 1680 997 1836 1048; x_wconf 82' lang='lat' dir='ltr'><strong><em>Petri</em></strong></span> <span class='ocrx_word' id='word_1_74' title='bbox 1861 998 1924 1048; x_wconf 94' lang='lat' dir='ltr'><strong><em>ob</em></strong></span> 
     </span>
     <span class='ocr_line' id='line_1_10' title="bbox 106 1084 1925 1156; baseline -0.002 -17"><span class='ocrx_word' id='word_1_75' title='bbox 106 1089 511 1156; x_wconf 74' lang='lat' dir='ltr'><strong><em>siqnificandam</em></strong></span> <span class='ocrx_word' id='word_1_76' title='bbox 534 1086 885 1146; x_wconf 75' lang='lat' dir='ltr'><strong><em>soliditatem,</em></strong></span> <span class='ocrx_word' id='word_1_77' title='bbox 925 1103 1084 1154; x_wconf 81' lang='lat' dir='ltr'><strong><em>quam</em></strong></span> <span class='ocrx_word' id='word_1_78' title='bbox 1108 1084 1206 1135; x_wconf 84' lang='lat' dir='ltr'><strong><em>tibi</em></strong></span> <span class='ocrx_word' id='word_1_79' title='bbox 1237 1085 1358 1135; x_wconf 84' lang='lat' dir='ltr'><strong><em>volo</em></strong></span> <span class='ocrx_word' id='word_1_80' title='bbox 1394 1085 1781 1134; x_wconf 84' lang='lat' dir='ltr'><strong><em>communicare</em></strong></span> <span class='ocrx_word' id='word_1_81' title='bbox 1818 1102 1925 1136; x_wconf 83' lang='lat' dir='ltr'><strong><em>non</em></strong></span> 
     </span>
     <span class='ocr_line' id='line_1_11' title="bbox 107 1170 1925 1241; baseline -0.002 -17"><span class='ocrx_word' id='word_1_82' title='bbox 107 1175 260 1224; x_wconf 82' lang='lat' dir='ltr'><strong><em>modo</em></strong></span> <span class='ocrx_word' id='word_1_83' title='bbox 280 1191 388 1241; x_wconf 85' lang='lat' dir='ltr'><strong><em>pro</em></strong></span> <span class='ocrx_word' id='word_1_84' title='bbox 415 1178 490 1231; x_wconf 87' lang='lat' dir='ltr'><strong><em>te,</em></strong></span> <span class='ocrx_word' id='word_1_85' title='bbox 515 1188 695 1222; x_wconf 83' lang='lat' dir='ltr'><strong><em>verum</em></strong></span> <span class='ocrx_word' id='word_1_86' title='bbox 721 1173 877 1222; x_wconf 83' lang='lat' dir='ltr'><strong><em>etiam</em></strong></span> <span class='ocrx_word' id='word_1_87' title='bbox 895 1189 1004 1239; x_wconf 82' lang='lat' dir='ltr'><strong><em>pro</em></strong></span> <span class='ocrx_word' id='word_1_88' title='bbox 1030 1177 1142 1222; x_wconf 87' lang='lat' dir='ltr'><strong><em>tota</em></strong></span> <span class='ocrx_word' id='word_1_89' title='bbox 1167 1189 1283 1222; x_wconf 85' lang='lat' dir='ltr'><strong><em>mea</em></strong></span> <span class='ocrx_word' id='word_1_90' title='bbox 1310 1170 1585 1229; x_wconf 61' lang='lat' dir='ltr'><strong><em>Ecclesia,</em></strong></span> <span class='ocrx_word' id='word_1_91' title='bbox 1613 1171 1739 1236; x_wconf 82' lang='lat' dir='ltr'><strong><em>quia</em></strong></span> <span class='ocrx_word' id='word_1_92' title='bbox 1765 1187 1925 1237; x_wconf 83' lang='lat' dir='ltr'><strong><em>super</em></strong></span> 
     </span>
     <span class='ocr_line' id='line_1_12' title="bbox 106 1256 1923 1326; baseline -0.001 -17"><span class='ocrx_word' id='word_1_93' title='bbox 106 1261 243 1311; x_wconf 80' lang='lat' dir='ltr'><strong><em>hanc</em></strong></span> <span class='ocrx_word' id='word_1_94' title='bbox 261 1266 472 1326; x_wconf 83' lang='lat' dir='ltr'><strong><em>petram</em></strong></span> <span class='ocrx_word' id='word_1_95' title='bbox 498 1258 617 1309; x_wconf 85' lang='lat' dir='ltr'><strong><em>volo</em></strong></span> <span class='ocrx_word' id='word_1_96' title='bbox 645 1258 796 1308; x_wconf 85' lang='lat' dir='ltr'><strong><em>illam</em></strong></span> <span class='ocrx_word' id='word_1_97' title='bbox 821 1259 1123 1326; x_wconf 82' lang='lat' dir='ltr'><strong><em>aedificare.</em></strong></span> <span class='ocrx_word' id='word_1_98' title='bbox 1178 1256 1308 1308; x_wconf 85' lang='lat' dir='ltr'><strong><em>Volo</em></strong></span> <span class='ocrx_word' id='word_1_99' title='bbox 1329 1259 1380 1306; x_wconf 89' lang='lat' dir='ltr'><strong><em>in</em></strong></span> <span class='ocrx_word' id='word_1_100' title='bbox 1401 1263 1450 1307; x_wconf 84' lang='lat' dir='ltr'><strong><em>te</em></strong></span> <span class='ocrx_word' id='word_1_101' title='bbox 1469 1256 1741 1306; x_wconf 85' lang='lat' dir='ltr'><strong><em>collocare</em></strong></span> <span class='ocrx_word' id='word_1_102' title='bbox 1766 1259 1923 1308; x_wconf 81' lang='lat' dir='ltr'><strong><em>modo</em></strong></span> 
     </span>
     <span class='ocr_line' id='line_1_13' title="bbox 107 1344 1924 1412; baseline -0.001 -16"><span class='ocrx_word' id='word_1_103' title='bbox 107 1348 352 1396; x_wconf 80' lang='lat' dir='ltr'><strong><em>eminenti</em></strong></span> <span class='ocrx_word' id='word_1_104' title='bbox 375 1351 426 1395; x_wconf 88' lang='lat' dir='ltr'><strong><em>et</em></strong></span> <span class='ocrx_word' id='word_1_105' title='bbox 443 1345 715 1412; x_wconf 82' lang='lat' dir='ltr'><strong><em>peculiari</em></strong></span> <span class='ocrx_word' id='word_1_106' title='bbox 735 1346 1196 1411; x_wconf 78' lang='lat' dir='ltr'><strong><em>praedicationem</em></strong></span> <span class='ocrx_word' id='word_1_107' title='bbox 1216 1345 1365 1410; x_wconf 82' lang='lat' dir='ltr'><strong><em>fidei,</em></strong></span> <span class='ocrx_word' id='word_1_108' title='bbox 1392 1360 1528 1408; x_wconf 81' lang='lat' dir='ltr'><strong><em>quae</em></strong></span> <span class='ocrx_word' id='word_1_109' title='bbox 1548 1344 1652 1392; x_wconf 84' lang='lat' dir='ltr'><strong><em>erit</em></strong></span> <span class='ocrx_word' id='word_1_110' title='bbox 1671 1347 1782 1412; x_wconf 74' lang='lat' dir='ltr'><strong><em>ejus</em></strong></span> <span class='ocrx_word' id='word_1_111' title='bbox 1801 1347 1924 1410; x_wconf 83' lang='lat' dir='ltr'><strong><em>fun·</em></strong></span> 
     </span>
     <span class='ocr_line' id='line_1_14' title="bbox 108 1426 1922 1498; baseline -0.001 -16"><span class='ocrx_word' id='word_1_112' title='bbox 108 1434 428 1482; x_wconf 72' lang='lat' dir='ltr'><strong><em>‹lamentumz</em></strong></span> <span class='ocrx_word' id='word_1_113' title='bbox 467 1426 536 1478; x_wconf 92' lang='lat' dir='ltr'><strong><em>Et</em></strong></span> <span class='ocrx_word' id='word_1_114' title='bbox 573 1437 749 1498; x_wconf 85' lang='lat' dir='ltr'><strong><em>portae</em></strong></span> <span class='ocrx_word' id='word_1_115' title='bbox 787 1428 935 1480; x_wconf 87' lang='lat' dir='ltr'><strong><em>inferi</em></strong></span> <span class='ocrx_word' id='word_1_116' title='bbox 972 1446 1073 1479; x_wconf 89' lang='lat' dir='ltr'><strong><em>non</em></strong></span> <span class='ocrx_word' id='word_1_117' title='bbox 1108 1427 1462 1498; x_wconf 73' lang='lat' dir='ltr'><strong><em>praevalebunt</em></strong></span> <span class='ocrx_word' id='word_1_118' title='bbox 1501 1426 1742 1479; x_wconf 87' lang='lat' dir='ltr'><strong><em>adversus</em></strong></span> <span class='ocrx_word' id='word_1_119' title='bbox 1782 1446 1922 1493; x_wconf 77' lang='lat' dir='ltr'><strong><em>ean13</em></strong></span> 
     </span>
     <span class='ocr_line' id='line_1_15' title="bbox 109 1517 1925 1584; baseline -0.001 -16"><span class='ocrx_word' id='word_1_120' title='bbox 109 1519 244 1568; x_wconf 84' lang='lat' dir='ltr'><strong><em>idest</em></strong></span> <span class='ocrx_word' id='word_1_121' title='bbox 262 1518 359 1567; x_wconf 85' lang='lat' dir='ltr'><strong><em>illa</em></strong></span> <span class='ocrx_word' id='word_1_122' title='bbox 371 1519 412 1584; x_wconf 79' lang='lat' dir='ltr'><strong><em>fi</em></strong></span> <span class='ocrx_word' id='word_1_123' title='bbox 418 1533 529 1566; x_wconf 87' lang='lat' dir='ltr'><strong><em>rma</em></strong></span> <span class='ocrx_word' id='word_1_124' title='bbox 551 1517 799 1566; x_wconf 83' lang='lat' dir='ltr'><strong><em>consistet</em></strong></span> <span class='ocrx_word' id='word_1_125' title='bbox 824 1518 1078 1567; x_wconf 80' lang='lat' dir='ltr'><strong><em>adversus</em></strong></span> <span class='ocrx_word' id='word_1_126' title='bbox 1105 1533 1281 1566; x_wconf 83' lang='lat' dir='ltr'><strong><em>omnes</em></strong></span> <span class='ocrx_word' id='word_1_127' title='bbox 1301 1521 1521 1565; x_wconf 82' lang='lat' dir='ltr'><strong><em>satanae</em></strong></span> <span class='ocrx_word' id='word_1_128' title='bbox 1540 1521 1762 1567; x_wconf 82' lang='lat' dir='ltr'><strong><em>conatus</em></strong></span> <span class='ocrx_word' id='word_1_129' title='bbox 1787 1518 1925 1567; x_wconf 83' lang='lat' dir='ltr'><strong><em>adeo</em></strong></span> 
     </span>
     <span class='ocr_line' id='line_1_16' title="bbox 109 1602 1924 1670; baseline -0.001 -15"><span class='ocrx_word' id='word_1_130' title='bbox 109 1611 166 1655; x_wconf 78' lang='lat' dir='ltr'><strong><em>at</em></strong></span> <span class='ocrx_word' id='word_1_131' title='bbox 189 1604 400 1654; x_wconf 82' lang='lat' dir='ltr'><strong><em>concuti</em></strong></span> <span class='ocrx_word' id='word_1_132' title='bbox 423 1619 530 1651; x_wconf 90' lang='lat' dir='ltr'><strong><em>non</em></strong></span> <span class='ocrx_word' id='word_1_133' title='bbox 548 1604 750 1667; x_wconf 82' lang='lat' dir='ltr'><strong><em>possit.-</em></strong></span> <span class='ocrx_word' id='word_1_134' title='bbox 778 1604 924 1668; x_wconf 80' lang='lat' dir='ltr'><strong><em>qnod</em></strong></span> <span class='ocrx_word' id='word_1_135' title='bbox 948 1603 1081 1670; x_wconf 83' lang='lat' dir='ltr'><strong><em>qnid</em></strong></span> <span class='ocrx_word' id='word_1_136' title='bbox 1104 1608 1183 1653; x_wconf 85' lang='lat' dir='ltr'><strong><em>est</em></strong></span> <span class='ocrx_word' id='word_1_137' title='bbox 1206 1602 1373 1660; x_wconf 80' lang='lat' dir='ltr'><strong><em>alind,</em></strong></span> <span class='ocrx_word' id='word_1_138' title='bbox 1398 1602 1504 1651; x_wconf 84' lang='lat' dir='ltr'><strong><em>nisi</em></strong></span> <span class='ocrx_word' id='word_1_139' title='bbox 1527 1603 1588 1652; x_wconf 81' lang='lat' dir='ltr'><strong><em>id</em></strong></span> <span class='ocrx_word' id='word_1_140' title='bbox 1610 1604 1758 1669; x_wconf 82' lang='lat' dir='ltr'><strong><em>quod</em></strong></span> <span class='ocrx_word' id='word_1_141' title='bbox 1777 1602 1924 1653; x_wconf 73' lang='lat' dir='ltr'><strong><em>Chri-</em></strong></span> 
     </span>
     <span class='ocr_line' id='line_1_17' title="bbox 106 1683 1923 1756; baseline 0 -17"><span class='ocrx_word' id='word_1_142' title='bbox 106 1696 213 1739; x_wconf 75' lang='lat' dir='ltr'><strong><em>stus</em></strong></span> <span class='ocrx_word' id='word_1_143' title='bbox 239 1687 456 1754; x_wconf 83' lang='lat' dir='ltr'><strong><em>repetit,</em></strong></span> <span class='ocrx_word' id='word_1_144' title='bbox 494 1683 712 1737; x_wconf 84' lang='lat' dir='ltr'><strong><em>Satanas</em></strong></span> <span class='ocrx_word' id='word_1_145' title='bbox 752 1685 997 1756; x_wconf 75' lang='lat' dir='ltr'><strong><em>expetivit</em></strong></span> <span class='ocrx_word' id='word_1_146' title='bbox 1023 1703 1113 1738; x_wconf 79' lang='lat' dir='ltr'><strong><em>vos</em></strong></span> <span class='ocrx_word' id='word_1_147' title='bbox 1130 1724 1143 1749; x_wconf 87' lang='lat'><strong><em>‚</em></strong></span> <span class='ocrx_word' id='word_1_148' title='bbox 1170 1696 1224 1736; x_wconf 90' lang='lat' dir='ltr'><strong><em>ut</em></strong></span> <span class='ocrx_word' id='word_1_149' title='bbox 1251 1686 1496 1738; x_wconf 81' lang='lat' dir='ltr'><strong><em>cribraret</em></strong></span> <span class='ocrx_word' id='word_1_150' title='bbox 1523 1685 1650 1737; x_wconf 88' lang='lat' dir='ltr'><strong><em>sicut</em></strong></span> <span class='ocrx_word' id='word_1_151' title='bbox 1674 1686 1923 1752; x_wconf 78' lang='lat' dir='ltr'><strong><em>triticuin3</em></strong></span> 
     </span>
     <span class='ocr_line' id='line_1_18' title="bbox 107 1769 1925 1843; baseline 0.001 -20"><span class='ocrx_word' id='word_1_152' title='bbox 107 1772 216 1843; x_wconf 83' lang='lat' dir='ltr'><strong><em>Ego</em></strong></span> <span class='ocrx_word' id='word_1_153' title='bbox 245 1781 438 1835; x_wconf 83' lang='lat' dir='ltr'><strong><em>autem,</em></strong></span> <span class='ocrx_word' id='word_1_154' title='bbox 466 1769 646 1836; x_wconf 79' lang='lat' dir='ltr'><strong><em>Petre‚</em></strong></span> <span class='ocrx_word' id='word_1_155' title='bbox 685 1771 864 1842; x_wconf 82' lang='lat' dir='ltr'><strong><em>rogavi</em></strong></span> <span class='ocrx_word' id='word_1_156' title='bbox 889 1790 978 1842; x_wconf 90' lang='lat' dir='ltr'><strong><em>pro</em></strong></span> <span class='ocrx_word' id='word_1_157' title='bbox 1008 1781 1084 1823; x_wconf 88' lang='lat' dir='ltr'><strong><em>te:</em></strong></span> <span class='ocrx_word' id='word_1_158' title='bbox 1125 1781 1210 1823; x_wconf 86' lang='lat' dir='ltr'><strong><em>tua</em></strong></span> <span class='ocrx_word' id='word_1_159' title='bbox 1248 1770 1368 1824; x_wconf 85' lang='lat' dir='ltr'><strong><em>fides</em></strong></span> <span class='ocrx_word' id='word_1_160' title='bbox 1406 1789 1507 1822; x_wconf 90' lang='lat' dir='ltr'><strong><em>non</em></strong></span> <span class='ocrx_word' id='word_1_161' title='bbox 1534 1770 1756 1836; x_wconf 77' lang='lat' dir='ltr'><strong><em>deficiet,</em></strong></span> <span class='ocrx_word' id='word_1_162' title='bbox 1797 1783 1845 1825; x_wconf 82' lang='lat' dir='ltr'><strong><em>et</em></strong></span> <span class='ocrx_word' id='word_1_163' title='bbox 1873 1783 1925 1824; x_wconf 79' lang='lat' dir='ltr'><strong><em>tu</em></strong></span> 
     </span>
     <span class='ocr_line' id='line_1_19' title="bbox 107 1859 706 1911; baseline 0 -1"><span class='ocrx_word' id='word_1_164' title='bbox 107 1859 342 1911; x_wconf 75' lang='lat' dir='ltr'><strong><em>confirma</em></strong></span> <span class='ocrx_word' id='word_1_165' title='bbox 366 1859 550 1910; x_wconf 83' lang='lat' dir='ltr'><strong><em>fratres</em></strong></span> <span class='ocrx_word' id='word_1_166' title='bbox 577 1868 706 1910; x_wconf 75' lang='lat' dir='ltr'><strong><em>tuos·</em></strong></span> 
     </span>
    </p>

    <p class='ocr_par' dir='ltr' id='par_1_3' title="bbox 103 1942 1926 3561">
     <span class='ocr_line' id='line_1_20' title="bbox 246 1942 1924 2016; baseline 0.002 -21"><span class='ocrx_word' id='word_1_167' title='bbox 246 1944 333 1997; x_wconf 84' lang='lat'><strong><em>57.</em></strong></span> <span class='ocrx_word' id='word_1_168' title='bbox 385 1942 459 1996; x_wconf 83' lang='lat' dir='ltr'><strong><em>Ita</em></strong></span> <span class='ocrx_word' id='word_1_169' title='bbox 495 1962 642 2015; x_wconf 85' lang='lat' dir='ltr'><strong><em>porro</em></strong></span> <span class='ocrx_word' id='word_1_170' title='bbox 682 1944 801 1996; x_wconf 84' lang='lat' dir='ltr'><strong><em>fides</em></strong></span> <span class='ocrx_word' id='word_1_171' title='bbox 828 1943 1001 2009; x_wconf 85' lang='lat' dir='ltr'><strong><em>Petri,</em></strong></span> <span class='ocrx_word' id='word_1_172' title='bbox 1041 1963 1166 2014; x_wconf 87' lang='lat' dir='ltr'><strong><em>quae</em></strong></span> <span class='ocrx_word' id='word_1_173' title='bbox 1201 1943 1463 1997; x_wconf 81' lang='lat' dir='ltr'><strong><em>Ecclesiae</em></strong></span> <span class='ocrx_word' id='word_1_174' title='bbox 1496 1954 1640 2016; x_wconf 86' lang='lat' dir='ltr'><strong><em>petra</em></strong></span> <span class='ocrx_word' id='word_1_175' title='bbox 1677 1956 1726 1997; x_wconf 89' lang='lat' dir='ltr'><strong><em>et</em></strong></span> <span class='ocrx_word' id='word_1_176' title='bbox 1751 1947 1924 1999; x_wconf 84' lang='lat' dir='ltr'><strong><em>sunda-</em></strong></span> 
     </span>
     <span class='ocr_line' id='line_1_21' title="bbox 106 2016 1923 2103; baseline 0.003 -23"><span class='ocrx_word' id='word_1_177' title='bbox 106 2016 320 2083; x_wconf 85' lang='lat' dir='ltr'><strong><em>mentum</em></strong></span> <span class='ocrx_word' id='word_1_178' title='bbox 346 2031 510 2082; x_wconf 87' lang='lat' dir='ltr'><strong><em>futura</em></strong></span> <span class='ocrx_word' id='word_1_179' title='bbox 536 2041 661 2095; x_wconf 85' lang='lat' dir='ltr'><strong><em>erat,</em></strong></span> <span class='ocrx_word' id='word_1_180' title='bbox 689 2031 917 2083; x_wconf 87' lang='lat' dir='ltr'><strong><em>oratione</em></strong></span> <span class='ocrx_word' id='word_1_181' title='bbox 942 2042 991 2084; x_wconf 89' lang='lat' dir='ltr'><strong><em>et</em></strong></span> <span class='ocrx_word' id='word_1_182' title='bbox 1010 2032 1270 2103; x_wconf 86' lang='lat' dir='ltr'><strong><em>promissis</em></strong></span> <span class='ocrx_word' id='word_1_183' title='bbox 1291 2029 1484 2083; x_wconf 80' lang='lat' dir='ltr'><strong><em>Christi</em></strong></span> <span class='ocrx_word' id='word_1_184' title='bbox 1510 2032 1704 2084; x_wconf 85' lang='lat' dir='ltr'><strong><em>stabilis</em></strong></span> <span class='ocrx_word' id='word_1_185' title='bbox 1731 2034 1923 2097; x_wconf 66' lang='lat' dir='ltr'><strong><em>effecta,</em></strong></span> 
     </span>
     <span class='ocr_line' id='line_1_22' title="bbox 107 2116 1924 2186; baseline 0.003 -20"><span class='ocrx_word' id='word_1_186' title='bbox 107 2125 299 2167; x_wconf 79' lang='lat' dir='ltr'><strong><em>eeteros</em></strong></span> <span class='ocrx_word' id='word_1_187' title='bbox 325 2116 530 2186; x_wconf 75' lang='lat' dir='ltr'><strong><em>pariter,</em></strong></span> <span class='ocrx_word' id='word_1_188' title='bbox 558 2117 639 2184; x_wconf 89' lang='lat' dir='ltr'><strong><em>qui</em></strong></span> <span class='ocrx_word' id='word_1_189' title='bbox 666 2117 711 2168; x_wconf 88' lang='lat' dir='ltr'><strong><em>ei</em></strong></span> <span class='ocrx_word' id='word_1_190' title='bbox 739 2117 1170 2182; x_wconf 77' lang='lat' dir='ltr'><strong><em>adhaerescerent,</em></strong></span> <span class='ocrx_word' id='word_1_191' title='bbox 1198 2128 1247 2170; x_wconf 85' lang='lat' dir='ltr'><strong><em>et</em></strong></span> <span class='ocrx_word' id='word_1_192' title='bbox 1266 2118 1618 2183; x_wconf 73' lang='lat' dir='ltr'><strong><em>inniterentur,</em></strong></span> <span class='ocrx_word' id='word_1_193' title='bbox 1646 2120 1770 2171; x_wconf 86' lang='lat' dir='ltr'><strong><em>satis</em></strong></span> <span class='ocrx_word' id='word_1_194' title='bbox 1793 2130 1924 2172; x_wconf 85' lang='lat' dir='ltr'><strong><em>tutos</em></strong></span> 
     </span>
     <span class='ocr_line' id='line_1_23' title="bbox 107 2198 1925 2273; baseline 0.003 -22"><span class='ocrx_word' id='word_1_195' title='bbox 107 2201 286 2253; x_wconf 83' lang='lat' dir='ltr'><strong><em>effecit.</em></strong></span> <span class='ocrx_word' id='word_1_196' title='bbox 339 2200 469 2253; x_wconf 88' lang='lat' dir='ltr'><strong><em>Hinc</em></strong></span> <span class='ocrx_word' id='word_1_197' title='bbox 497 2198 728 2253; x_wconf 88' lang='lat' dir='ltr'><strong><em>Christus</em></strong></span> <span class='ocrx_word' id='word_1_198' title='bbox 767 2220 856 2272; x_wconf 88' lang='lat' dir='ltr'><strong><em>pro</em></strong></span> <span class='ocrx_word' id='word_1_199' title='bbox 884 2201 1028 2255; x_wconf 89' lang='lat' dir='ltr'><strong><em>Petri</em></strong></span> <span class='ocrx_word' id='word_1_200' title='bbox 1054 2204 1145 2255; x_wconf 86' lang='lat' dir='ltr'><strong><em>fide</em></strong></span> <span class='ocrx_word' id='word_1_201' title='bbox 1173 2221 1326 2254; x_wconf 86' lang='lat' dir='ltr'><strong><em>orans</em></strong></span> <span class='ocrx_word' id='word_1_202' title='bbox 1344 2243 1356 2267; x_wconf 70' lang='grc'>,</span> <span class='ocrx_word' id='word_1_203' title='bbox 1397 2222 1485 2273; x_wconf 88' lang='lat' dir='ltr'><strong><em>pro</em></strong></span> <span class='ocrx_word' id='word_1_204' title='bbox 1515 2213 1793 2256; x_wconf 85' lang='lat' dir='ltr'><strong><em>ceterorum</em></strong></span> <span class='ocrx_word' id='word_1_205' title='bbox 1820 2224 1925 2257; x_wconf 88' lang='lat' dir='ltr'><strong><em>om-</em></strong></span> 
     </span>
     <span class='ocr_line' id='line_1_24' title="bbox 109 2285 1924 2360; baseline 0.003 -23"><span class='ocrx_word' id='word_1_206' title='bbox 109 2287 238 2338; x_wconf 88' lang='lat' dir='ltr'><strong><em>nium</em></strong></span> <span class='ocrx_word' id='word_1_207' title='bbox 266 2297 315 2339; x_wconf 87' lang='lat' dir='ltr'><strong><em>et</em></strong></span> <span class='ocrx_word' id='word_1_208' title='bbox 341 2305 430 2356; x_wconf 84' lang='lat' dir='ltr'><strong><em>pro</em></strong></span> <span class='ocrx_word' id='word_1_209' title='bbox 454 2285 714 2340; x_wconf 85' lang='lat' dir='ltr'><strong><em>Ecclesiae</em></strong></span> <span class='ocrx_word' id='word_1_210' title='bbox 739 2287 892 2357; x_wconf 82' lang='lat' dir='ltr'><strong><em>ipsius</em></strong></span> <span class='ocrx_word' id='word_1_211' title='bbox 919 2289 1027 2353; x_wconf 81' lang='lat' dir='ltr'><strong><em>fide,</em></strong></span> <span class='ocrx_word' id='word_1_212' title='bbox 1056 2308 1181 2358; x_wconf 88' lang='lat' dir='ltr'><strong><em>quae</em></strong></span> <span class='ocrx_word' id='word_1_213' title='bbox 1205 2290 1256 2342; x_wconf 91' lang='lat' dir='ltr'><strong><em>in</em></strong></span> <span class='ocrx_word' id='word_1_214' title='bbox 1279 2307 1339 2342; x_wconf 88' lang='lat' dir='ltr'><strong><em>ea</em></strong></span> <span class='ocrx_word' id='word_1_215' title='bbox 1361 2299 1503 2360; x_wconf 86' lang='lat' dir='ltr'><strong><em>petra</em></strong></span> <span class='ocrx_word' id='word_1_216' title='bbox 1526 2308 1583 2341; x_wconf 91' lang='lat' dir='ltr'><strong><em>ac</em></strong></span> <span class='ocrx_word' id='word_1_217' title='bbox 1607 2291 1924 2343; x_wconf 81' lang='lat' dir='ltr'><strong><em>fundamento</em></strong></span> 
     </span>
     <span class='ocr_line' id='line_1_25' title="bbox 106 2372 1923 2445; baseline 0.004 -23"><span class='ocrx_word' id='word_1_218' title='bbox 106 2372 349 2437; x_wconf 76' lang='lat' dir='ltr'><strong><em>subsistit,</em></strong></span> <span class='ocrx_word' id='word_1_219' title='bbox 375 2390 552 2425; x_wconf 90' lang='lat' dir='ltr'><strong><em>orasse</em></strong></span> <span class='ocrx_word' id='word_1_220' title='bbox 576 2372 904 2443; x_wconf 80' lang='lat' dir='ltr'><strong><em>intelligitur3</em></strong></span> <span class='ocrx_word' id='word_1_221' title='bbox 933 2375 1060 2428; x_wconf 86' lang='lat' dir='ltr'><strong><em>unde</em></strong></span> <span class='ocrx_word' id='word_1_222' title='bbox 1084 2375 1282 2428; x_wconf 85' lang='lat' dir='ltr'><strong><em>Auctor</em></strong></span> <span class='ocrx_word' id='word_1_223' title='bbox 1307 2376 1651 2445; x_wconf 82' lang='lat' dir='ltr'><strong><em>quaestionum</em></strong></span> <span class='ocrx_word' id='word_1_224' title='bbox 1679 2395 1748 2429; x_wconf 80' lang='lat' dir='ltr'><strong><em>ex</em></strong></span> <span class='ocrx_word' id='word_1_225' title='bbox 1773 2375 1923 2430; x_wconf 77' lang='lat' dir='ltr'><strong><em>Novo</em></strong></span> 
     </span>
     <span class='ocr_line' id='line_1_26' title="bbox 106 2459 1922 2527; baseline 0.002 -17"><span class='ocrx_word' id='word_1_226' title='bbox 106 2459 435 2512; x_wconf 85' lang='lat' dir='ltr'><strong><em>Testamento</em></strong></span> <span class='ocrx_word' id='word_1_227' title='bbox 463 2469 656 2527; x_wconf 84' lang='lat' dir='ltr'><strong><em>quaest.</em></strong></span> <span class='ocrx_word' id='word_1_228' title='bbox 688 2459 772 2512; x_wconf 80' lang='lat'><strong><em>75.</em></strong></span> <span class='ocrx_word' id='word_1_229' title='bbox 803 2478 902 2512; x_wconf 91' lang='lat' dir='ltr'><strong><em>non</em></strong></span> <span class='ocrx_word' id='word_1_230' title='bbox 929 2460 1031 2512; x_wconf 87' lang='lat' dir='ltr'><strong><em>alia</em></strong></span> <span class='ocrx_word' id='word_1_231' title='bbox 1057 2462 1115 2514; x_wconf 90' lang='lat' dir='ltr'><strong><em>de</em></strong></span> <span class='ocrx_word' id='word_1_232' title='bbox 1142 2480 1294 2514; x_wconf 86' lang='lat' dir='ltr'><strong><em>causa</em></strong></span> <span class='ocrx_word' id='word_1_233' title='bbox 1330 2462 1626 2526; x_wconf 75' lang='lat' dir='ltr'><strong><em>affirmavit,</em></strong></span> <span class='ocrx_word' id='word_1_234' title='bbox 1668 2460 1922 2515; x_wconf 81' lang='lat' dir='ltr'><strong><em>Christum</em></strong></span> 
     </span>
     <span class='ocr_line' id='line_1_27' title="bbox 105 2543 1920 2620; baseline 0.002 -26"><span class='ocrx_word' id='word_1_235' title='bbox 105 2556 328 2598; x_wconf 87' lang='lat' dir='ltr'><strong><em>orantem</em></strong></span> <span class='ocrx_word' id='word_1_236' title='bbox 354 2565 445 2617; x_wconf 89' lang='lat' dir='ltr'><strong><em>pro</em></strong></span> <span class='ocrx_word' id='word_1_237' title='bbox 472 2543 629 2598; x_wconf 85' lang='lat' dir='ltr'><strong><em>Petro</em></strong></span> <span class='ocrx_word' id='word_1_238' title='bbox 657 2564 834 2598; x_wconf 83' lang='lat' dir='ltr'><strong><em>orasse</em></strong></span> <span class='ocrx_word' id='word_1_239' title='bbox 873 2565 962 2617; x_wconf 91' lang='lat' dir='ltr'><strong><em>pro</em></strong></span> <span class='ocrx_word' id='word_1_240' title='bbox 999 2547 1224 2600; x_wconf 88' lang='lat' dir='ltr'><strong><em>omnibus</em></strong></span> <span class='ocrx_word' id='word_1_241' title='bbox 1265 2547 1523 2620; x_wconf 86' lang='lat' dir='ltr'><strong><em>(Append.</em></strong></span> <span class='ocrx_word' id='word_1_242' title='bbox 1553 2556 1674 2598; x_wconf 85' lang='lat' dir='ltr'><strong><em>tom.</em></strong></span> <span class='ocrx_word' id='word_1_243' title='bbox 1704 2547 1755 2600; x_wconf 83' lang='lat'><strong><em>3.</em></strong></span> <span class='ocrx_word' id='word_1_244' title='bbox 1784 2547 1920 2617; x_wconf 84' lang='lat' dir='ltr'><strong><em>Aug.</em></strong></span> 
     </span>
     <span class='ocr_line' id='line_1_28' title="bbox 106 2631 1923 2702; baseline 0.004 -23"><span class='ocrx_word' id='word_1_245' title='bbox 106 2631 197 2681; x_wconf 78' lang='lat' dir='ltr'><strong><em>eol.</em></strong></span> <span class='ocrx_word' id='word_1_246' title='bbox 229 2631 385 2684; x_wconf 81' lang='lat'>1058.</span> <span class='ocrx_word' id='word_1_247' title='bbox 414 2631 493 2702; x_wconf 83' lang='lat' dir='ltr'><strong><em>a.)</em></strong></span> <span class='ocrx_word' id='word_1_248' title='bbox 511 2671 525 2696; x_wconf 86' lang='lat'>‚</span> <span class='ocrx_word' id='word_1_249' title='bbox 553 2633 651 2684; x_wconf 87' lang='lat' dir='ltr'><strong><em>nisi</em></strong></span> <span class='ocrx_word' id='word_1_250' title='bbox 678 2633 791 2701; x_wconf 88' lang='lat' dir='ltr'><strong><em>quia</em></strong></span> <span class='ocrx_word' id='word_1_251' title='bbox 818 2637 1153 2701; x_wconf 79' lang='lat' dir='ltr'><strong><em>manifestum</em></strong></span> <span class='ocrx_word' id='word_1_252' title='bbox 1179 2643 1257 2688; x_wconf 86' lang='lat' dir='ltr'><strong><em>est</em></strong></span> <span class='ocrx_word' id='word_1_253' title='bbox 1281 2639 1334 2687; x_wconf 85' lang='lat' dir='ltr'><strong><em>in</em></strong></span> <span class='ocrx_word' id='word_1_254' title='bbox 1366 2636 1532 2687; x_wconf 82' lang='lat' dir='ltr'><strong><em>Petro</em></strong></span> <span class='ocrx_word' id='word_1_255' title='bbox 1560 2654 1737 2686; x_wconf 84' lang='lat' dir='ltr'><strong><em>omnes</em></strong></span> <span class='ocrx_word' id='word_1_256' title='bbox 1763 2639 1923 2687; x_wconf 85' lang='lat' dir='ltr'><strong><em>eonti-</em></strong></span> 
     </span>
     <span class='ocr_line' id='line_1_29' title="bbox 106 2718 1926 2788; baseline 0.004 -23"><span class='ocrx_word' id='word_1_257' title='bbox 106 2718 246 2766; x_wconf 80' lang='lat' dir='ltr'><strong><em>neri:</em></strong></span> <span class='ocrx_word' id='word_1_258' title='bbox 286 2735 491 2784; x_wconf 79' lang='lat' dir='ltr'><strong><em>semper</em></strong></span> <span class='ocrx_word' id='word_1_259' title='bbox 531 2722 666 2770; x_wconf 90' lang='lat' dir='ltr'><strong><em>enim</em></strong></span> <span class='ocrx_word' id='word_1_260' title='bbox 691 2722 744 2770; x_wconf 85' lang='lat' dir='ltr'><strong><em>in</em></strong></span> <span class='ocrx_word' id='word_1_261' title='bbox 764 2723 1080 2786; x_wconf 79' lang='lat' dir='ltr'><strong><em>praeposito</em></strong></span> <span class='ocrx_word' id='word_1_262' title='bbox 1101 2724 1339 2788; x_wconf 80' lang='lat' dir='ltr'><strong><em>populus</em></strong></span> <span class='ocrx_word' id='word_1_263' title='bbox 1367 2729 1460 2773; x_wconf 83' lang='lat' dir='ltr'><strong><em>aut</em></strong></span> <span class='ocrx_word' id='word_1_264' title='bbox 1483 2724 1807 2788; x_wconf 75' lang='lat' dir='ltr'><strong><em>corripitur,</em></strong></span> <span class='ocrx_word' id='word_1_265' title='bbox 1834 2730 1926 2772; x_wconf 79' lang='lat' dir='ltr'><strong><em>aut</em></strong></span> 
     </span>
     <span class='ocr_line' id='line_1_30' title="bbox 107 2799 1923 2874; baseline 0.003 -24"><span class='ocrx_word' id='word_1_266' title='bbox 107 2802 373 2852; x_wconf 78' lang='lat' dir='ltr'><strong><em>laudatur.</em></strong></span> <span class='ocrx_word' id='word_1_267' title='bbox 433 2799 501 2851; x_wconf 90' lang='lat' dir='ltr'><strong><em>Et</em></strong></span> <span class='ocrx_word' id='word_1_268' title='bbox 527 2803 747 2872; x_wconf 85' lang='lat' dir='ltr'><strong><em>apertius</em></strong></span> <span class='ocrx_word' id='word_1_269' title='bbox 785 2801 842 2854; x_wconf 93' lang='lat' dir='ltr'><strong><em>S.</em></strong></span> <span class='ocrx_word' id='word_1_270' title='bbox 869 2802 978 2855; x_wconf 92' lang='lat' dir='ltr'><strong><em>Leo</em></strong></span> <span class='ocrx_word' id='word_1_271' title='bbox 1020 2802 1214 2873; x_wconf 76' lang='lat' dir='ltr'><strong><em>(Serui.</em></strong></span> <span class='ocrx_word' id='word_1_272' title='bbox 1253 2807 1306 2856; x_wconf 81' lang='lat'><strong><em>4.</em></strong></span> <span class='ocrx_word' id='word_1_273' title='bbox 1348 2807 1413 2855; x_wconf 85' lang='lat' dir='ltr'><strong><em>al.</em></strong></span> <span class='ocrx_word' id='word_1_274' title='bbox 1441 2805 1493 2857; x_wconf 86' lang='lat'><strong><em>3.</em></strong></span> <span class='ocrx_word' id='word_1_275' title='bbox 1532 2823 1581 2855; x_wconf 90' lang='lat' dir='ltr'><strong><em>n.</em></strong></span> <span class='ocrx_word' id='word_1_276' title='bbox 1610 2805 1723 2874; x_wconf 79' lang='lat'>3.):</span> <span class='ocrx_word' id='word_1_277' title='bbox 1779 2807 1923 2857; x_wconf 85' lang='lat' dir='ltr'><strong><em>Com-</em></strong></span> 
     </span>
     <span class='ocr_line' id='line_1_31' title="bbox 105 2886 1922 2958; baseline 0.004 -23"><span class='ocrx_word' id='word_1_278' title='bbox 105 2904 256 2937; x_wconf 77' lang='lat' dir='ltr'><strong><em>mune</em></strong></span> <span class='ocrx_word' id='word_1_279' title='bbox 295 2893 415 2937; x_wconf 80' lang='lat' dir='ltr'><strong><em>erat</em></strong></span> <span class='ocrx_word' id='word_1_280' title='bbox 437 2889 671 2939; x_wconf 82' lang='lat' dir='ltr'><strong><em>omnibus</em></strong></span> <span class='ocrx_word' id='word_1_281' title='bbox 704 2886 976 2956; x_wconf 77' lang='lat' dir='ltr'><strong><em>Apostolis</em></strong></span> <span class='ocrx_word' id='word_1_282' title='bbox 995 2891 1298 2956; x_wconf 80' lang='lat' dir='ltr'><strong><em>periculum</em></strong></span> <span class='ocrx_word' id='word_1_283' title='bbox 1323 2892 1388 2942; x_wconf 83' lang='lat' dir='ltr'><strong><em>de</em></strong></span> <span class='ocrx_word' id='word_1_284' title='bbox 1415 2893 1705 2941; x_wconf 76' lang='lat' dir='ltr'><strong><em>tentatione</em></strong></span> <span class='ocrx_word' id='word_1_285' title='bbox 1736 2895 1922 2958; x_wconf 84' lang='lat' dir='ltr'><strong><em>formi-</em></strong></span> 
     </span>
     <span class='ocr_line' id='line_1_32' title="bbox 107 2973 1920 3046; baseline 0.005 -25"><span class='ocrx_word' id='word_1_286' title='bbox 107 2973 262 3031; x_wconf 82' lang='lat' dir='ltr'><strong><em>dinis,</em></strong></span> <span class='ocrx_word' id='word_1_287' title='bbox 290 2979 341 3023; x_wconf 85' lang='lat' dir='ltr'><strong><em>et</em></strong></span> <span class='ocrx_word' id='word_1_288' title='bbox 366 2975 576 3025; x_wconf 81' lang='lat' dir='ltr'><strong><em>divinae</em></strong></span> <span class='ocrx_word' id='word_1_289' title='bbox 595 2977 949 3041; x_wconf 79' lang='lat' dir='ltr'><strong><em>protectionis</em></strong></span> <span class='ocrx_word' id='word_1_290' title='bbox 976 2978 1189 3027; x_wconf 71' lang='lat' dir='ltr'><strong><em>anxilio</em></strong></span> <span class='ocrx_word' id='word_1_291' title='bbox 1207 2979 1422 3043; x_wconf 81' lang='lat' dir='ltr'><strong><em>pariter</em></strong></span> <span class='ocrx_word' id='word_1_292' title='bbox 1449 2978 1771 3044; x_wconf 59' lang='lat' dir='ltr'><strong><em>indigebant,</em></strong></span> <span class='ocrx_word' id='word_1_293' title='bbox 1798 2997 1920 3046; x_wconf 80' lang='lat' dir='ltr'><strong><em>qno-</em></strong></span> 
     </span>
     <span class='ocr_line' id='line_1_33' title="bbox 103 3059 1925 3131; baseline 0.005 -24"><span class='ocrx_word' id='word_1_294' title='bbox 103 3060 246 3108; x_wconf 85' lang='lat' dir='ltr'><strong><em>niam</em></strong></span> <span class='ocrx_word' id='word_1_295' title='bbox 272 3059 516 3112; x_wconf 80' lang='lat' dir='ltr'><strong><em>diabolus</em></strong></span> <span class='ocrx_word' id='word_1_296' title='bbox 555 3078 731 3112; x_wconf 83' lang='lat' dir='ltr'><strong><em>omnes</em></strong></span> <span class='ocrx_word' id='word_1_297' title='bbox 759 3064 1070 3129; x_wconf 72' lang='lat' dir='ltr'><strong><em>exaqitare,</em></strong></span> <span class='ocrx_word' id='word_1_298' title='bbox 1110 3081 1286 3115; x_wconf 84' lang='lat' dir='ltr'><strong><em>omnes</em></strong></span> <span class='ocrx_word' id='word_1_299' title='bbox 1325 3063 1572 3131; x_wconf 79' lang='lat' dir='ltr'><strong><em>cupiebat</em></strong></span> <span class='ocrx_word' id='word_1_300' title='bbox 1606 3065 1832 3116; x_wconf 82' lang='lat' dir='ltr'><strong><em>elidere:</em></strong></span> <span class='ocrx_word' id='word_1_301' title='bbox 1874 3073 1925 3116; x_wconf 85' lang='lat' dir='ltr'><strong><em>et</em></strong></span> 
     </span>
     <span class='ocr_line' id='line_1_34' title="bbox 107 3146 1920 3220; baseline 0.007 -29"><span class='ocrx_word' id='word_1_302' title='bbox 107 3149 278 3193; x_wconf 86' lang='lat' dir='ltr'><strong><em>tamen</em></strong></span> <span class='ocrx_word' id='word_1_303' title='bbox 305 3147 552 3211; x_wconf 82' lang='lat' dir='ltr'><strong><em>specialis</em></strong></span> <span class='ocrx_word' id='word_1_304' title='bbox 578 3166 612 3197; x_wconf 87' lang='lat' dir='ltr'><strong><em>a</em></strong></span> <span class='ocrx_word' id='word_1_305' title='bbox 637 3146 872 3198; x_wconf 88' lang='lat' dir='ltr'><strong><em>Domino</em></strong></span> <span class='ocrx_word' id='word_1_306' title='bbox 903 3148 1057 3199; x_wconf 87' lang='lat' dir='ltr'><strong><em>Petri</em></strong></span> <span class='ocrx_word' id='word_1_307' title='bbox 1081 3167 1213 3200; x_wconf 81' lang='lat' dir='ltr'><strong><em>cura</em></strong></span> <span class='ocrx_word' id='word_1_308' title='bbox 1238 3152 1552 3216; x_wconf 81' lang='lat' dir='ltr'><strong><em>suscipitur,</em></strong></span> <span class='ocrx_word' id='word_1_309' title='bbox 1592 3157 1644 3201; x_wconf 89' lang='lat' dir='ltr'><strong><em>et</em></strong></span> <span class='ocrx_word' id='word_1_310' title='bbox 1671 3169 1780 3218; x_wconf 83' lang='lat' dir='ltr'><strong><em>pro</em></strong></span> <span class='ocrx_word' id='word_1_311' title='bbox 1811 3153 1920 3220; x_wconf 80' lang='lat' dir='ltr'><strong><em>fide</em></strong></span> 
     </span>
     <span class='ocr_line' id='line_1_35' title="bbox 110 3228 1920 3303; baseline 0.007 -26"><span class='ocrx_word' id='word_1_312' title='bbox 110 3228 264 3279; x_wconf 83' lang='lat' dir='ltr'><strong><em>Petri</em></strong></span> <span class='ocrx_word' id='word_1_313' title='bbox 289 3234 518 3297; x_wconf 78' lang='lat' dir='ltr'><strong><em>proprie</em></strong></span> <span class='ocrx_word' id='word_1_314' title='bbox 554 3234 907 3299; x_wconf 82' lang='lat' dir='ltr'><strong><em>supplicatur,</em></strong></span> <span class='ocrx_word' id='word_1_315' title='bbox 944 3241 1209 3303; x_wconf 82' lang='lat' dir='ltr'><strong><em>tamquam</em></strong></span> <span class='ocrx_word' id='word_1_316' title='bbox 1256 3238 1483 3288; x_wconf 80' lang='lat' dir='ltr'><strong><em>aliorum</em></strong></span> <span class='ocrx_word' id='word_1_317' title='bbox 1522 3243 1687 3287; x_wconf 82' lang='lat' dir='ltr'><strong><em>status</em></strong></span> <span class='ocrx_word' id='word_1_318' title='bbox 1723 3240 1920 3289; x_wconf 85' lang='lat' dir='ltr'><strong><em>certior</em></strong></span> 
     </span>
     <span class='ocr_line' id='line_1_36' title="bbox 107 3316 1918 3392; baseline 0.006 -29"><span class='ocrx_word' id='word_1_319' title='bbox 107 3316 175 3364; x_wconf 84' lang='lat' dir='ltr'><strong><em>sit</em></strong></span> <span class='ocrx_word' id='word_1_320' title='bbox 191 3317 427 3381; x_wconf 70' lang='lat' dir='ltr'><strong><em>futuras,</em></strong></span> <span class='ocrx_word' id='word_1_321' title='bbox 453 3319 500 3367; x_wconf 86' lang='lat' dir='ltr'><strong><em>si</em></strong></span> <span class='ocrx_word' id='word_1_322' title='bbox 521 3335 664 3368; x_wconf 87' lang='lat' dir='ltr'><strong><em>mens</em></strong></span> <span class='ocrx_word' id='word_1_323' title='bbox 686 3322 950 3387; x_wconf 78' lang='lat' dir='ltr'><strong><em>principis</em></strong></span> <span class='ocrx_word' id='word_1_324' title='bbox 978 3324 1112 3371; x_wconf 85' lang='lat' dir='ltr'><strong><em>victa</em></strong></span> <span class='ocrx_word' id='word_1_325' title='bbox 1139 3339 1245 3371; x_wconf 89' lang='lat' dir='ltr'><strong><em>non</em></strong></span> <span class='ocrx_word' id='word_1_326' title='bbox 1267 3324 1455 3388; x_wconf 42' lang='lat' dir='ltr'><strong><em>fueriti</em></strong></span> <span class='ocrx_word' id='word_1_327' title='bbox 1506 3322 1568 3372; x_wconf 88' lang='lat' dir='ltr'><strong><em>In</em></strong></span> <span class='ocrx_word' id='word_1_328' title='bbox 1597 3321 1763 3373; x_wconf 88' lang='lat' dir='ltr'><strong><em>Petro</em></strong></span> <span class='ocrx_word' id='word_1_329' title='bbox 1791 3342 1918 3392; x_wconf 76' lang='lat' dir='ltr'><strong><em>eryo</em></strong></span> 
     </span>
     <span class='ocr_line' id='line_1_37' title="bbox 106 3403 1919 3475; baseline 0.006 -27"><span class='ocrx_word' id='word_1_330' title='bbox 106 3403 333 3452; x_wconf 82' lang='lat' dir='ltr'><strong><em>omnium</em></strong></span> <span class='ocrx_word' id='word_1_331' title='bbox 363 3404 634 3468; x_wconf 77' lang='lat' dir='ltr'><strong><em>fortitudo</em></strong></span> <span class='ocrx_word' id='word_1_332' title='bbox 671 3407 926 3466; x_wconf 72' lang='lat' dir='ltr'><strong><em>neunitnr,</em></strong></span> <span class='ocrx_word' id='word_1_333' title='bbox 964 3413 1014 3457; x_wconf 81' lang='lat' dir='ltr'><strong><em>et</em></strong></span> <span class='ocrx_word' id='word_1_334' title='bbox 1039 3408 1248 3457; x_wconf 76' lang='lat' dir='ltr'><strong><em>(livinae</em></strong></span> <span class='ocrx_word' id='word_1_335' title='bbox 1280 3411 1491 3475; x_wconf 49' lang='lat' dir='ltr'><strong><em>‚cratiae</em></strong></span> <span class='ocrx_word' id='word_1_336' title='bbox 1527 3410 1603 3460; x_wconf 79' lang='lat' dir='ltr'><strong><em>ita</em></strong></span> <span class='ocrx_word' id='word_1_337' title='bbox 1635 3410 1919 3461; x_wconf 79' lang='lat' dir='ltr'><strong><em>ordinatur</em></strong></span> 
     </span>
     <span class='ocr_line' id='line_1_38' title="bbox 109 3487 1920 3561; baseline 0.007 -29"><span class='ocrx_word' id='word_1_338' title='bbox 109 3487 382 3545; x_wconf 66' lang='lat' dir='ltr'><strong><em>ana-ilium,</em></strong></span> <span class='ocrx_word' id='word_1_339' title='bbox 410 3495 467 3539; x_wconf 81' lang='lat' dir='ltr'><strong><em>ut</em></strong></span> <span class='ocrx_word' id='word_1_340' title='bbox 487 3491 731 3555; x_wconf 72' lang='lat' dir='ltr'><strong><em>firmitas,</em></strong></span> <span class='ocrx_word' id='word_1_341' title='bbox 761 3509 894 3559; x_wconf 68' lang='lat' dir='ltr'><strong><em>qveae</em></strong></span> <span class='ocrx_word' id='word_1_342' title='bbox 918 3503 1019 3559; x_wconf 81' lang='lat' dir='ltr'><strong><em>per</em></strong></span> <span class='ocrx_word' id='word_1_343' title='bbox 1044 3492 1310 3544; x_wconf 70' lang='lat' dir='ltr'><strong><em>Christum</em></strong></span> <span class='ocrx_word' id='word_1_344' title='bbox 1339 3494 1504 3546; x_wconf 85' lang='lat' dir='ltr'><strong><em>Petro</em></strong></span> <span class='ocrx_word' id='word_1_345' title='bbox 1525 3495 1797 3554; x_wconf 76' lang='lat' dir='ltr'><strong><em>tribuitur,</em></strong></span> <span class='ocrx_word' id='word_1_346' title='bbox 1818 3513 1920 3561; x_wconf 78' lang='lat' dir='ltr'><strong><em>per</em></strong></span> 
     </span>
    </p>
   </div>
  </div>
 </body>
</html>
