2320 3990
687 230 1294 289 —49—

221 408 271 460 ⁸2.
323 404 482 459 Sicuti
508 421 629 458 vero
656 402 776 456 haec
802 420 900 454 una
925 399 1180 466 Ecclesia,
1221 417 1347 470 quae
1383 397 1613 452 exterior
1647 407 1726 451 est
1751 409 1898 470 atque

81 492 312 557 visibilis,
360 509 448 544 eos
499 490 864 562 complectitur,
912 487 996 558 qui
1034 486 1253 539 eamdem
1301 486 1443 539 fidem
1489 485 1811 557 profitentur,
1851 495 1900 538 et

80 579 248 633 eodem
299 577 520 631 caritatis
564 576 759 630 w‘nculo
805 573 1235 646 conglutinantur3
1281 571 1352 624 ita
1395 573 1503 642 ejus
1537 571 1728 637 unitaS‚
1773 590 1899 642 quae

81 675 235 718 totum
254 662 510 718 Ecclesiae
537 682 714 736 corpus
734 673 784 716 et
803 660 998 731 singula
1015 657 1235 711 membra
1254 657 1454 729 propius
1481 657 1701 729 attingit,
1729 659 1900 732 duplici

81 771 149 806 ex
176 751 336 823 capite
364 750 673 822 potissimum
698 748 903 821 pendet,
944 763 1013 799 ex
1038 744 1132 796 fide
1171 742 1429 808 nimirum,
1469 761 1596 813 quae
1620 763 1720 796 una
1748 756 1824 798 est
1849 746 1900 798 in

81 838 322 902 omnibuS,
351 846 401 890 et
428 855 496 890 ex
523 835 760 899 caritate,
787 835 924 905 cujus
947 830 1143 886 vinculo
1182 847 1355 882 omnes
1391 829 1702 901 colligantur.
1766 830 1901 884 Nam

81 926 208 996 quod
246 923 459 996 (EpheS.
488 941 531 976 c.
559 923 645 975 22.
673 930 723 974 et
749 917 946 973 Coloss.
977 919 1026 983 l,
1055 916 1171 982 18.)
1210 935 1336 969 unus
1372 916 1437 968 sit
1477 913 1711 970 Christus
1756 929 1901 990 caput

82 1010 362 1076 Ecclesiae3
390 1028 482 1062 nec
498 1006 715 1080 proprie,
742 1025 834 1060 nec
859 1004 1089 1078 proxime
1109 1004 1312 1075 respicit
1330 1003 1635 1073 singulorum
1656 1007 1901 1059 membro-

80 1116 187 1148 rum
214 1099 482 1149 unitatem:
509 1094 636 1164 quod
662 1101 826 1145 autem
852 1111 950 1145 una
977 1091 1042 1145 sit
1070 1089 1150 1162 (1.
1181 1087 1302 1143 Cor.
1343 1089 1429 1155 10,
1459 1090 1576 1159 18.)
1615 1109 1900 1145 sacramen-

78 1192 242 1234 torum
279 1179 618 1253 participatio,
653 1179 700 1231 id
737 1198 837 1232 non
874 1179 1116 1231 unitatem
1152 1176 1335 1248 ipsam,
1375 1177 1462 1229 sed
1495 1176 1702 1230 unitatis
1735 1178 1899 1250 potius

79 1268 512 1339 significationem,
541 1277 912 1338 argumentum,
949 1265 1029 1318 vel
1054 1263 1264 1316 medium
1293 1263 1483 1316 innuit:
1520 1263 1745 1333 idemque
1784 1283 1899 1317 cen-

80 1355 283 1407 sendum
318 1355 375 1406 de
403 1353 632 1423 reliquis,
671 1372 798 1422 quae
825 1353 884 1404 ad
909 1352 1149 1406 unitatem
1172 1353 1356 1405 *referri
1382 1353 1560 1404 solent.
1626 1350 1769 1403 Duae
1807 1351 1902 1403 ita-

82 1460 174 1510 que
200 1440 310 1493 fidei
342 1450 391 1493 et
418 1439 641 1492 caritatis
668 1439 885 1491 unitates
920 1457 1008 1491 eae
1035 1448 1174 1503 sunt,
1216 1457 1340 1507 quae
1366 1439 1425 1490 ad
1455 1438 1649 1508 singula
1683 1439 1903 1490 membra

83 1526 281 1598 proprie
309 1535 359 1578 et
383 1525 613 1596 proxime
640 1534 893 1596 spectant,
929 1542 1175 1594 unumque
1202 1543 1270 1577 ex
1297 1525 1521 1578 omnibus
1547 1524 1780 1576 membris
1805 1523 1905 1578 Ec-

81 1611 260 1664 clesiae
299 1629 502 1681 corpuS,
542 1620 592 1662 et
616 1609 892 1663 Ecclesiam
935 1630 1083 1663 unam
1125 1611 1356 1664 efficiunt.
1418 1610 1563 1663 Unde
1604 1610 1902 1664 Ambrosius

79 1695 224 1766 (Lib.
252 1695 303 1748 3.
334 1694 475 1747 Offic.
506 1713 547 1747 c.
578 1694 629 1747 3.
658 1713 707 1746 n.
740 1695 856 1766 19.)
895 1695 1174 1748 Ecclesiam
1215 1697 1382 1748 definit
1421 1702 1902 1765 conyreyationem,

82 1802 216 1852 quae
254 1786 307 1834 in
347 1801 506 1834 unum
544 1801 843 1834 connexum
880 1802 1075 1851 eorpus
1115 1790 1271 1851 utque.
1323 1790 1654 1852 compactum
1704 1788 1904 1837 unitate

76 1872 206 1938 fidei
232 1877 284 1921 et
305 1872 546 1921 caritate’s
574 1872 817 1937 assumit.

222 1957 274 2008 3.
326 1954 552 2008 Ecclesia
590 1973 741 2026 porro
780 1973 878 2008 una
917 1966 991 2008 est
1028 1955 1336 2027 potissimum
1365 1957 1424 2007 ob
1451 1957 1620 2023 fidem,
1661 1970 1903 2028 quatenus

81 2059 251 2093 omnes
277 2039 552 2096 Christiani
578 2061 725 2094 unam
754 2043 1069 2111 eamdemque
1091 2043 1231 2095 fidem
1250 2044 1564 2114 profitentur.
1616 2042 1768 2097 Fides
1788 2064 1904 2117 pro-

82 2127 227 2190 fecto,
254 2137 308 2177 ut
332 2127 458 2178 idem
486 2126 553 2178 ait
578 2127 892 2192 Ambrosius,
922 2127 1066 2197 (Lib.
1089 2129 1136 2178 l.
1167 2127 1225 2179 dc
1251 2127 1412 2180 lucar.
1444 2149 1484 2182 c.
1516 2130 1598 2196 5.)
1629 2134 1904 2185 Ecclesiae

76 2214 481 2279 fundumentmn
520 2221 620 2265 est:
661 2224 709 2266 et
736 2214 826 2267 hoc
851 2214 1215 2264 fundamentum
1233 2252 1245 2276 ‚
1292 2215 1419 2282 quod
1445 2214 1496 2265 in
1524 2215 1729 2285 singulis
1773 2217 1904 2270 aedi-

83 2297 205 2350 ficiis
245 2297 386 2350 debet
425 2317 536 2351 esse
584 2317 759 2364 unum,
816 2300 961 2351 unius
1004 2297 1259 2352 Ecclesiae
1313 2300 1583 2353 aedificium
1630 2303 1903 2368 constituit,

82 2383 330 2454 ipsamque
349 2380 623 2436 Ecclesiam
650 2384 798 2437 efficit
823 2405 986 2437 unam.
1041 2382 1358 2457 Quapropter
1379 2384 1614 2441 Christus
1635 2400 1752 2441 ante
1773 2410 1905 2441 mor-

82 2479 179 2521 tem
205 2488 295 2541 pro
316 2467 571 2523 Ecclesiae
597 2470 786 2526 unitate
800 2471 1008 2524 Patrem
1029 2490 1284 2538 exorans3
1313 2492 1412 2525 non
1432 2493 1523 2545 pro
1546 2475 1664 2526 solis
1685 2476 1905 2546 Aposto-

79 2554 139 2607 lis
166 2574 220 2608 se
247 2573 395 2620 orare
422 2555 567 2621 dixit,
597 2558 682 2609 sed
707 2577 797 2629 pro
823 2559 922 2611 illis
950 2558 1097 2611 etiam
1125 2558 1367 2624 omnibus,
1395 2560 1547 2630 quiin
1570 2579 1624 2613 se
1652 2563 1904 2627 credituri,

80 2639 359 2693 Ecclesiam
385 2642 474 2694 hac
500 2642 611 2694 fidei
638 2644 828 2698 unitate
854 2644 1076 2698 effecturi
1105 2656 1248 2697 erant
1274 2666 1447 2699 unam:
1477 2646 1588 2719 (Jo.
1614 2648 1697 2702 17.
1723 2649 1904 2720 vL’O.)

84 2727 206 2777 Non
225 2746 334 2794 pro
362 2731 435 2779 eis
463 2737 635 2781 autem
660 2750 792 2800 roqo
820 2739 1038 2790 tantum,
1064 2735 1161 2783 sed
1186 2741 1234 2784 et
1251 2753 1359 2801 pro
1389 2738 1491 2794 eis,
1531 2739 1624 2804 qui
1647 2739 1909 2788 credituri

84 2820 206 2864 sunt
219 2832 324 2880 per
363 2815 572 2866 verbum
613 2834 794 2868 eornm
820 2823 875 2869 in
905 2836 1010 2876 me,
1049 2824 1109 2867 ut
1133 2837 1309 2869 omnes
1345 2839 1505 2870 urz-tem
1532 2824 1663 2879 sint,
1691 2825 1828 2873 sicut
1851 2830 1905 2874 tu

86 2898 251 2950 Pater
281 2903 332 2950 in
362 2919 440 2950 me
470 2907 521 2950 et
545 2920 640 2968 eqo
667 2906 719 2952 in
749 2910 822 2962 te,
859 2911 915 2954 ut
942 2910 993 2954 et
1016 2905 1123 2969 ipsi
1159 2906 1211 2952 in
1246 2905 1396 2955 nobis
1433 2924 1591 2956 unum
1626 2910 1743 2958 sint.
1795 2906 1906 2961 Huc

82 2984 353 3055 respiciens
381 2983 569 3037 Paulus
597 2986 778 3056 exigit,
808 2986 1022 3059 (Ephes.
1049 2987 1100 3039 4.
1128 3006 1177 3039 v.
1211 2987 1326 3058 13.)
1353 2998 1406 3040 ut
1434 3009 1776 3046 ocem-ramus
1805 3015 1904 3046 om·

81 3090 172 3123 nes
212 3075 265 3122 in
302 3076 556 3124 unitatem
590 3076 748 3142 fidei,
786 3082 839 3126 et
861 3077 1147 3144 ‹rynite'om's
1181 3076 1286 3144 filii
1310 3075 1420 3126 Dei
1444 3117 1454 3126 .
1481 3118 1491 3127 .
1522 3119 1532 3128 .
1560 3086 1620 3130 ut
1655 3099 1758 3130 non
1782 3087 1903 3151 jam

83 3161 242 3209 simus
294 3161 515 3226 parvuli
560 3160 905 3227 fluctuantes,
971 3170 1022 3213 et
1059 3165 1503 3228 clrcumferamur
1563 3170 1705 3217 omni
1753 3175 1905 3219 vento

83 3246 375 3295 doctrinae.
433 3242 520 3296 Ex
555 3244 647 3299 hac
683 3247 872 3302 unitate
920 3247 1031 3300 fidei
1068 3266 1215 3299 unam
1252 3245 1531 3300 Ecclesiam
1569 3263 1819 3305 noverunt
1858 3264 1908 3306 et

83 3326 285 3382 Patres.
352 3329 695 3385 Tertullianus
731 3337 797 3386 de
836 3335 1362 3402 Praescripiionibus
1418 3352 1589 3388 omnes
1631 3346 1738 3389 toto
1784 3339 1905 3391 orbe

82 3413 281 3467 diffusas
308 3417 541 3470 ecclesias
562 3436 709 3471 unam
730 3420 1005 3492 appellavit,
1030 3429 1295 3491 propterea
1321 3421 1448 3489 quod
1475 3440 1646 3475 omnes
1674 3433 1906 3477 tenentes

84 3500 302 3553 eamdem
337 3502 506 3568 fidem,
544 3525 703 3557 unam
743 3526 919 3559 omnes
951 3508 1187 3575 probant
1210 3509 1476 3560 unitatem.
1546 3506 1671 3561 Pari
1709 3509 1905 3562 ratione

140 3606 187 3641 Ρ.
204 3605 351 3642 Bauer.
371 3607 418 3644 de
434 3610 611 3646 Primatu
629 3616 703 3647 etc.
1526 3609 1563 3662 4
