<?xml version="1.0" encoding="UTF-8"?>
<!DOCTYPE html PUBLIC "-//W3C//DTD XHTML 1.0 Transitional//EN"
    "http://www.w3.org/TR/xhtml1/DTD/xhtml1-transitional.dtd">
<html xmlns="http://www.w3.org/1999/xhtml" xml:lang="en" lang="en">
 <head>
  <title>
</title>
<meta http-equiv="Content-Type" content="text/html;charset=utf-8" />
  <meta name='ocr-system' content='tesseract 3.04.00' />
  <meta name='ocr-capabilities' content='ocr_page ocr_carea ocr_par ocr_line ocrx_word'/>
</head>
<body>
  <div class='ocr_page' id='page_1' title='image "a546178500balluoft_0232.png"; bbox 0 0 2314 3984; ppageno 0'>
   <div class='ocr_carea' id='block_1_1' title="bbox 927 181 1591 255">
    <p class='ocr_par' dir='ltr' id='par_1_1' title="bbox 927 181 1591 255">
     <span class='ocr_line' id='line_1_1' title="bbox 927 181 1591 255; baseline 0.003 -31"><span class='ocrx_word' id='word_1_1' title='bbox 927 181 1591 255; x_wconf 59' lang='lat' dir='ltr'><strong>——mfl—</strong></span> 
     </span>
    </p>
   </div>
   <div class='ocr_carea' id='block_1_2' title="bbox 320 347 2189 3583">
    <p class='ocr_par' dir='ltr' id='par_1_2' title="bbox 324 347 2189 1717">
     <span class='ocr_line' id='line_1_2' title="bbox 331 347 2185 426; baseline 0.003 -23"><span class='ocrx_word' id='word_1_2' title='bbox 331 353 602 405; x_wconf 62' lang='lat' dir='ltr'>itam-edo</span> <span class='ocrx_word' id='word_1_3' title='bbox 612 354 735 414; x_wconf 48' lang='lat' dir='ltr'>‚sita</span> <span class='ocrx_word' id='word_1_4' title='bbox 760 347 1139 405; x_wconf 49' lang='grc' dir='ltr'>καίοι-Βία</span> <span class='ocrx_word' id='word_1_5' title='bbox 1162 349 1621 426; x_wconf 47' lang='lat' dir='ltr'>pon-affigitur,</span> <span class='ocrx_word' id='word_1_6' title='bbox 1662 352 2028 420; x_wconf 72' lang='lat' dir='ltr'><strong>obedientiam,</strong></span> <span class='ocrx_word' id='word_1_7' title='bbox 2054 371 2185 425; x_wconf 83' lang='lat' dir='ltr'>quae</span> 
     </span>
     <span class='ocr_line' id='line_1_3' title="bbox 329 432 2186 514; baseline 0.003 -25"><span class='ocrx_word' id='word_1_8' title='bbox 329 435 582 493; x_wconf 5' lang='lat' dir='ltr'>accunctis</span> <span class='ocrx_word' id='word_1_9' title='bbox 608 433 921 490; x_wconf 73' lang='lat' dir='ltr'>Christianis</span> <span class='ocrx_word' id='word_1_10' title='bbox 937 433 1181 490; x_wconf 83' lang='lat' dir='ltr'>Romano</span> <span class='ocrx_word' id='word_1_11' title='bbox 1196 432 1693 509; x_wconf 64' lang='lat' dir='ltr'>Pontiflnidnlmur,</span> <span class='ocrx_word' id='word_1_12' title='bbox 1722 440 1895 494; x_wconf 87' lang='lat' dir='ltr'>deberi</span> <span class='ocrx_word' id='word_1_13' title='bbox 1917 441 2186 514; x_wconf 70' lang='lat' dir='ltr'><strong>praecipue</strong></span> 
     </span>
     <span class='ocr_line' id='line_1_4' title="bbox 327 521 2186 600; baseline 0.003 -24"><span class='ocrx_word' id='word_1_14' title='bbox 327 523 382 577; x_wconf 92' lang='lat' dir='ltr'>in</span> <span class='ocrx_word' id='word_1_15' title='bbox 405 522 781 576; x_wconf 85' lang='lat' dir='ltr'>delinitionibus</span> <span class='ocrx_word' id='word_1_16' title='bbox 805 523 936 578; x_wconf 86' lang='lat' dir='ltr'>fidei.</span> <span class='ocrx_word' id='word_1_17' title='bbox 987 521 1108 576; x_wconf 83' lang='lat' dir='ltr'>Etsi</span> <span class='ocrx_word' id='word_1_18' title='bbox 1133 523 1268 578; x_wconf 91' lang='lat' dir='ltr'>enim</span> <span class='ocrx_word' id='word_1_19' title='bbox 1294 523 1729 598; x_wconf 60' lang='lat' dir='ltr'>obedientia-aliis.</span> <span class='ocrx_word' id='word_1_20' title='bbox 1748 546 1945 600; x_wconf 88' lang='lat' dir='ltr'>quoque</span> <span class='ocrx_word' id='word_1_21' title='bbox 1969 525 2186 600; x_wconf 87' lang='lat' dir='ltr'>Episco-</span> 
     </span>
     <span class='ocr_line' id='line_1_5' title="bbox 324 607 2184 687; baseline 0.004 -25"><span class='ocrx_word' id='word_1_22' title='bbox 324 610 402 683; x_wconf 89' lang='lat' dir='ltr'>pis</span> <span class='ocrx_word' id='word_1_23' title='bbox 441 619 492 663; x_wconf 90' lang='lat' dir='ltr'>et</span> <span class='ocrx_word' id='word_1_24' title='bbox 520 607 846 684; x_wconf 88' lang='lat' dir='ltr'>Praepositis</span> <span class='ocrx_word' id='word_1_25' title='bbox 870 611 933 666; x_wconf 88' lang='lat' dir='ltr'>ab</span> <span class='ocrx_word' id='word_1_26' title='bbox 962 630 1139 666; x_wconf 89' lang='lat' dir='ltr'>eorum</span> <span class='ocrx_word' id='word_1_27' title='bbox 1166 612 1377 667; x_wconf 89' lang='lat' dir='ltr'>subditis</span> <span class='ocrx_word' id='word_1_28' title='bbox 1403 612 1556 667; x_wconf 77' lang='lat' dir='ltr'>debet</span> <span class='ocrx_word' id='word_1_29' title='bbox 1574 608 1822 687; x_wconf 66' lang='lat' dir='ltr'>impendi,</span> <span class='ocrx_word' id='word_1_30' title='bbox 1863 635 1973 670; x_wconf 88' lang='lat' dir='ltr'>cum</span> <span class='ocrx_word' id='word_1_31' title='bbox 2013 625 2184 670; x_wconf 77' lang='lat' dir='ltr'>tamen</span> 
     </span>
     <span class='ocr_line' id='line_1_6' title="bbox 327 690 2185 774; baseline 0.003 -23"><span class='ocrx_word' id='word_1_32' title='bbox 327 715 388 751; x_wconf 86' lang='lat' dir='ltr'>ea</span> <span class='ocrx_word' id='word_1_33' title='bbox 414 696 574 765; x_wconf 86' lang='lat' dir='ltr'>ratio,</span> <span class='ocrx_word' id='word_1_34' title='bbox 601 718 751 770; x_wconf 88' lang='lat' dir='ltr'>quam</span> <span class='ocrx_word' id='word_1_35' title='bbox 775 697 835 753; x_wconf 90' lang='lat' dir='ltr'>S.</span> <span class='ocrx_word' id='word_1_36' title='bbox 863 697 1056 754; x_wconf 77' lang='lat' dir='ltr'>Petrus</span> <span class='ocrx_word' id='word_1_37' title='bbox 1082 696 1441 774; x_wconf 82' lang='lat' dir='ltr'>Chrysologus</span> <span class='ocrx_word' id='word_1_38' title='bbox 1469 700 1793 766; x_wconf 76' lang='lat' dir='ltr'>indicavitiu</span> <span class='ocrx_word' id='word_1_39' title='bbox 1811 690 2185 758; x_wconf 76' lang='lat' dir='ltr'>controversiis</span> 
     </span>
     <span class='ocr_line' id='line_1_7' title="bbox 326 783 2185 862; baseline 0.003 -24"><span class='ocrx_word' id='word_1_40' title='bbox 326 784 468 848; x_wconf 73' lang='lat' dir='ltr'>fidei«,</span> <span class='ocrx_word' id='word_1_41' title='bbox 504 804 608 840; x_wconf 90' lang='lat' dir='ltr'>non</span> <span class='ocrx_word' id='word_1_42' title='bbox 647 787 715 840; x_wconf 90' lang='lat' dir='ltr'>sit</span> <span class='ocrx_word' id='word_1_43' title='bbox 751 786 863 844; x_wconf 88' lang='lat' dir='ltr'>aliis</span> <span class='ocrx_word' id='word_1_44' title='bbox 889 783 1158 861; x_wconf 82' lang='lat' dir='ltr'>Episcopis</span> <span class='ocrx_word' id='word_1_45' title='bbox 1197 799 1283 842; x_wconf 90' lang='lat' dir='ltr'>aut</span> <span class='ocrx_word' id='word_1_46' title='bbox 1318 786 1957 861; x_wconf 77' lang='lat' dir='ltr'>Praepositis.·communis</span> <span class='ocrx_word' id='word_1_47' title='bbox 1993 793 2185 862; x_wconf 82' lang='lat' dir='ltr'>(neque</span> 
     </span>
     <span class='ocr_line' id='line_1_8' title="bbox 329 872 2186 949; baseline 0.003 -24"><span class='ocrx_word' id='word_1_48' title='bbox 329 872 462 926; x_wconf 89' lang='lat' dir='ltr'>enim</span> <span class='ocrx_word' id='word_1_49' title='bbox 489 873 548 928; x_wconf 90' lang='lat' dir='ltr'>de</span> <span class='ocrx_word' id='word_1_50' title='bbox 576 874 690 928; x_wconf 91' lang='lat' dir='ltr'>aliis</span> <span class='ocrx_word' id='word_1_51' title='bbox 716 874 813 928; x_wconf 90' lang='lat' dir='ltr'>dici</span> <span class='ocrx_word' id='word_1_52' title='bbox 837 884 1027 948; x_wconf 86' lang='lat' dir='ltr'>potest,</span> <span class='ocrx_word' id='word_1_53' title='bbox 1055 873 1114 930; x_wconf 91' lang='lat' dir='ltr'>S.</span> <span class='ocrx_word' id='word_1_54' title='bbox 1131 874 1346 930; x_wconf 87' lang='lat' dir='ltr'>Petrum</span> <span class='ocrx_word' id='word_1_55' title='bbox 1371 875 1425 928; x_wconf 91' lang='lat' dir='ltr'>in</span> <span class='ocrx_word' id='word_1_56' title='bbox 1451 875 1575 949; x_wconf 91' lang='lat' dir='ltr'>ipsis</span> <span class='ocrx_word' id='word_1_57' title='bbox 1601 880 1796 939; x_wconf 73' lang='lat' dir='ltr'>vivere,</span> <span class='ocrx_word' id='word_1_58' title='bbox 1822 885 1876 931; x_wconf 83' lang='lat' dir='ltr'>et</span> <span class='ocrx_word' id='word_1_59' title='bbox 1893 885 2186 948; x_wconf 74' lang='lat' dir='ltr'>praestare</span> 
     </span>
     <span class='ocr_line' id='line_1_9' title="bbox 327 962 2188 1037; baseline 0.002 -24"><span class='ocrx_word' id='word_1_60' title='bbox 327 965 706 1031; x_wconf 76' lang='lat' dir='ltr'><strong><em>quaerentibus</em></strong></span> <span class='ocrx_word' id='word_1_61' title='bbox 722 966 857 1035; x_wconf 81' lang='lat' dir='ltr'>fidei</span> <span class='ocrx_word' id='word_1_62' title='bbox 881 963 1208 1036; x_wconf 82' lang='lat' dir='ltr'>veritatem),</span> <span class='ocrx_word' id='word_1_63' title='bbox 1229 964 1318 1018; x_wconf 88' lang='lat' dir='ltr'>sed</span> <span class='ocrx_word' id='word_1_64' title='bbox 1336 965 1541 1037; x_wconf 85' lang='lat' dir='ltr'>propria</span> <span class='ocrx_word' id='word_1_65' title='bbox 1560 964 1629 1017; x_wconf 89' lang='lat' dir='ltr'>sit</span> <span class='ocrx_word' id='word_1_66' title='bbox 1643 963 1995 1018; x_wconf 88' lang='lat' dir='ltr'>Romanorum</span> <span class='ocrx_word' id='word_1_67' title='bbox 2005 962 2188 1018; x_wconf 88' lang='lat' dir='ltr'>Ponti-</span> 
     </span>
     <span class='ocr_line' id='line_1_10' title="bbox 325 1049 2189 1119; baseline 0.003 -19"><span class='ocrx_word' id='word_1_68' title='bbox 325 1049 470 1103; x_wconf 72' lang='lat' dir='ltr'>fictun</span> <span class='ocrx_word' id='word_1_69' title='bbox 497 1069 849 1105; x_wconf 88' lang='lat' dir='ltr'>successorum</span> <span class='ocrx_word' id='word_1_70' title='bbox 870 1050 1118 1119; x_wconf 85' lang='lat' dir='ltr'>S.Petri;</span> <span class='ocrx_word' id='word_1_71' title='bbox 1147 1051 1263 1106; x_wconf 90' lang='lat' dir='ltr'>hinc</span> <span class='ocrx_word' id='word_1_72' title='bbox 1289 1051 1575 1106; x_wconf 89' lang='lat' dir='ltr'>obedientia</span> <span class='ocrx_word' id='word_1_73' title='bbox 1600 1051 1715 1105; x_wconf 91' lang='lat' dir='ltr'>istis</span> <span class='ocrx_word' id='word_1_74' title='bbox 1743 1051 1911 1106; x_wconf 86' lang='lat' dir='ltr'>debita</span> <span class='ocrx_word' id='word_1_75' title='bbox 1933 1051 1988 1104; x_wconf 92' lang='lat' dir='ltr'>in</span> <span class='ocrx_word' id='word_1_76' title='bbox 2015 1051 2189 1106; x_wconf 87' lang='lat' dir='ltr'>decre-</span> 
     </span>
     <span class='ocr_line' id='line_1_11' title="bbox 325 1137 2183 1212; baseline 0.001 -23"><span class='ocrx_word' id='word_1_77' title='bbox 325 1137 392 1189; x_wconf 91' lang='lat' dir='ltr'>tis</span> <span class='ocrx_word' id='word_1_78' title='bbox 417 1137 560 1205; x_wconf 80' lang='lat' dir='ltr'>fidei,</span> <span class='ocrx_word' id='word_1_79' title='bbox 598 1140 903 1212; x_wconf 82' lang='lat' dir='ltr'>peculiarem</span> <span class='ocrx_word' id='word_1_80' title='bbox 941 1139 1246 1211; x_wconf 88' lang='lat' dir='ltr'>obsequendi</span> <span class='ocrx_word' id='word_1_81' title='bbox 1277 1139 1638 1211; x_wconf 80' lang='lat' dir='ltr'>obligationem</span> <span class='ocrx_word' id='word_1_82' title='bbox 1665 1139 1878 1193; x_wconf 86' lang='lat' dir='ltr'>inducit:</span> <span class='ocrx_word' id='word_1_83' title='bbox 1915 1140 2045 1193; x_wconf 90' lang='lat' dir='ltr'>unde</span> <span class='ocrx_word' id='word_1_84' title='bbox 2073 1158 2183 1192; x_wconf 88' lang='lat' dir='ltr'>cum</span> 
     </span>
     <span class='ocr_line' id='line_1_12' title="bbox 326 1225 2186 1299; baseline 0.001 -21"><span class='ocrx_word' id='word_1_85' title='bbox 326 1225 504 1279; x_wconf 90' lang='lat' dir='ltr'>iisdem</span> <span class='ocrx_word' id='word_1_86' title='bbox 531 1225 892 1294; x_wconf 86' lang='lat' dir='ltr'>Pontificibus,</span> <span class='ocrx_word' id='word_1_87' title='bbox 919 1228 972 1282; x_wconf 88' lang='lat' dir='ltr'>in</span> <span class='ocrx_word' id='word_1_88' title='bbox 999 1229 1179 1299; x_wconf 89' lang='lat' dir='ltr'>quibus</span> <span class='ocrx_word' id='word_1_89' title='bbox 1205 1227 1331 1283; x_wconf 81' lang='lat' dir='ltr'>vivit</span> <span class='ocrx_word' id='word_1_90' title='bbox 1357 1237 1406 1280; x_wconf 90' lang='lat' dir='ltr'>et</span> <span class='ocrx_word' id='word_1_91' title='bbox 1434 1227 1656 1298; x_wconf 88' lang='lat' dir='ltr'>loquitur</span> <span class='ocrx_word' id='word_1_92' title='bbox 1682 1225 1741 1280; x_wconf 89' lang='lat' dir='ltr'>S.</span> <span class='ocrx_word' id='word_1_93' title='bbox 1769 1225 1978 1293; x_wconf 82' lang='lat' dir='ltr'>PetruS,</span> <span class='ocrx_word' id='word_1_94' title='bbox 2006 1245 2186 1280; x_wconf 88' lang='lat' dir='ltr'>neces-</span> 
     </span>
     <span class='ocr_line' id='line_1_13' title="bbox 327 1311 2185 1386; baseline 0.003 -23"><span class='ocrx_word' id='word_1_95' title='bbox 327 1311 464 1365; x_wconf 89' lang='lat' dir='ltr'>saria</span> <span class='ocrx_word' id='word_1_96' title='bbox 490 1323 569 1366; x_wconf 84' lang='lat' dir='ltr'>est</span> <span class='ocrx_word' id='word_1_97' title='bbox 594 1314 763 1368; x_wconf 89' lang='lat' dir='ltr'>unitas</span> <span class='ocrx_word' id='word_1_98' title='bbox 789 1315 936 1382; x_wconf 80' lang='lat' dir='ltr'>fidei3</span> <span class='ocrx_word' id='word_1_99' title='bbox 977 1334 1089 1368; x_wconf 89' lang='lat' dir='ltr'>cum</span> <span class='ocrx_word' id='word_1_100' title='bbox 1114 1314 1226 1368; x_wconf 89' lang='lat' dir='ltr'>aliis</span> <span class='ocrx_word' id='word_1_101' title='bbox 1254 1325 1422 1368; x_wconf 88' lang='lat' dir='ltr'>autem</span> <span class='ocrx_word' id='word_1_102' title='bbox 1447 1313 1720 1386; x_wconf 87' lang='lat' dir='ltr'>Episcopis</span> <span class='ocrx_word' id='word_1_103' title='bbox 1747 1324 1962 1368; x_wconf 88' lang='lat' dir='ltr'>eatenus</span> <span class='ocrx_word' id='word_1_104' title='bbox 1989 1324 2070 1367; x_wconf 90' lang='lat' dir='ltr'>est</span> <span class='ocrx_word' id='word_1_105' title='bbox 2095 1333 2185 1368; x_wconf 91' lang='lat' dir='ltr'>ne-</span> 
     </span>
     <span class='ocr_line' id='line_1_14' title="bbox 327 1398 2186 1472; baseline 0.001 -21"><span class='ocrx_word' id='word_1_106' title='bbox 327 1399 584 1466; x_wconf 88' lang='lat' dir='ltr'>cessaria,</span> <span class='ocrx_word' id='word_1_107' title='bbox 613 1411 864 1472; x_wconf 88' lang='lat' dir='ltr'>quatenus</span> <span class='ocrx_word' id='word_1_108' title='bbox 893 1421 1003 1454; x_wconf 91' lang='lat' dir='ltr'>cum</span> <span class='ocrx_word' id='word_1_109' title='bbox 1031 1401 1125 1454; x_wconf 89' lang='lat' dir='ltr'>fide</span> <span class='ocrx_word' id='word_1_110' title='bbox 1152 1399 1501 1453; x_wconf 86' lang='lat' dir='ltr'>Romanorum</span> <span class='ocrx_word' id='word_1_111' title='bbox 1528 1398 1833 1453; x_wconf 88' lang='lat' dir='ltr'>Pontificum</span> <span class='ocrx_word' id='word_1_112' title='bbox 1859 1401 2186 1466; x_wconf 81' lang='lat' dir='ltr'>concordent,</span> 
     </span>
     <span class='ocr_line' id='line_1_15' title="bbox 325 1486 2186 1559; baseline 0.002 -21"><span class='ocrx_word' id='word_1_113' title='bbox 325 1505 355 1538; x_wconf 88' lang='lat' dir='ltr'>a</span> <span class='ocrx_word' id='word_1_114' title='bbox 381 1505 480 1557; x_wconf 86' lang='lat' dir='ltr'>qua</span> <span class='ocrx_word' id='word_1_115' title='bbox 506 1486 551 1539; x_wconf 91' lang='lat' dir='ltr'>si</span> <span class='ocrx_word' id='word_1_116' title='bbox 577 1487 863 1554; x_wconf 80' lang='lat' dir='ltr'>discedant,</span> <span class='ocrx_word' id='word_1_117' title='bbox 905 1490 1092 1542; x_wconf 87' lang='lat' dir='ltr'>nullum</span> <span class='ocrx_word' id='word_1_118' title='bbox 1128 1487 1340 1541; x_wconf 90' lang='lat' dir='ltr'>unitatis</span> <span class='ocrx_word' id='word_1_119' title='bbox 1378 1497 1429 1540; x_wconf 92' lang='lat' dir='ltr'>et</span> <span class='ocrx_word' id='word_1_120' title='bbox 1467 1486 1832 1540; x_wconf 88' lang='lat' dir='ltr'>communionis</span> <span class='ocrx_word' id='word_1_121' title='bbox 1859 1489 1943 1559; x_wconf 85' lang='lat' dir='ltr'>jus</span> <span class='ocrx_word' id='word_1_122' title='bbox 1982 1488 2186 1555; x_wconf 88' lang='lat' dir='ltr'>habent,</span> 
     </span>
     <span class='ocr_line' id='line_1_16' title="bbox 324 1573 2185 1647; baseline 0.002 -21"><span class='ocrx_word' id='word_1_123' title='bbox 324 1584 380 1632; x_wconf 87' lang='lat' dir='ltr'>ut</span> <span class='ocrx_word' id='word_1_124' title='bbox 413 1573 468 1627; x_wconf 88' lang='lat' dir='ltr'><strong>N</strong></span> <span class='ocrx_word' id='word_1_125' title='bbox 471 1576 690 1642; x_wconf 88' lang='lat' dir='ltr'>estorio,</span> <span class='ocrx_word' id='word_1_126' title='bbox 740 1576 992 1632; x_wconf 84' lang='lat' dir='ltr'>Dioscoro</span> <span class='ocrx_word' id='word_1_127' title='bbox 1009 1619 1022 1645; x_wconf 95' lang='lat'>,</span> <span class='ocrx_word' id='word_1_128' title='bbox 1071 1577 1282 1647; x_wconf 87' lang='lat' dir='ltr'>aliisque</span> <span class='ocrx_word' id='word_1_129' title='bbox 1319 1574 1604 1629; x_wconf 81' lang='lat' dir='ltr'>Romanam</span> <span class='ocrx_word' id='word_1_130' title='bbox 1651 1575 1795 1629; x_wconf 86' lang='lat' dir='ltr'>fidem</span> <span class='ocrx_word' id='word_1_131' title='bbox 1835 1575 2185 1631; x_wconf 82' lang='lat' dir='ltr'>deserentibus</span> 
     </span>
     <span class='ocr_line' id='line_1_17' title="bbox 325 1662 511 1717; baseline 0 -1"><span class='ocrx_word' id='word_1_132' title='bbox 325 1662 511 1717; x_wconf 86' lang='lat' dir='ltr'>evenit.</span> 
     </span>
    </p>

    <p class='ocr_par' dir='ltr' id='par_1_3' title="bbox 320 1751 2187 3583">
     <span class='ocr_line' id='line_1_18' title="bbox 477 1751 2187 1825; baseline 0 -19"><span class='ocrx_word' id='word_1_133' title='bbox 477 1751 562 1806; x_wconf 79' lang='lat'>75.</span> <span class='ocrx_word' id='word_1_134' title='bbox 604 1751 767 1825; x_wconf 88' lang='lat' dir='ltr'>Hujus</span> <span class='ocrx_word' id='word_1_135' title='bbox 809 1754 1005 1825; x_wconf 88' lang='lat' dir='ltr'>quidem</span> <span class='ocrx_word' id='word_1_136' title='bbox 1043 1753 1359 1808; x_wconf 83' lang='lat' dir='ltr'>obedientiae</span> <span class='ocrx_word' id='word_1_137' title='bbox 1394 1751 1640 1817; x_wconf 85' lang='lat' dir='ltr'>debitum,</span> <span class='ocrx_word' id='word_1_138' title='bbox 1689 1751 1749 1804; x_wconf 91' lang='lat' dir='ltr'>de</span> <span class='ocrx_word' id='word_1_139' title='bbox 1795 1771 1893 1821; x_wconf 88' lang='lat' dir='ltr'>quo</span> <span class='ocrx_word' id='word_1_140' title='bbox 1934 1771 2004 1806; x_wconf 83' lang='lat' dir='ltr'>ex</span> <span class='ocrx_word' id='word_1_141' title='bbox 2040 1752 2187 1807; x_wconf 89' lang='lat' dir='ltr'>Petri</span> 
     </span>
     <span class='ocr_line' id='line_1_19' title="bbox 326 1836 2186 1912; baseline 0 -18"><span class='ocrx_word' id='word_1_142' title='bbox 326 1836 638 1912; x_wconf 82' lang='lat' dir='ltr'>Chrysologi</span> <span class='ocrx_word' id='word_1_143' title='bbox 663 1841 954 1895; x_wconf 89' lang='lat' dir='ltr'>testimonio</span> <span class='ocrx_word' id='word_1_144' title='bbox 981 1841 1156 1895; x_wconf 83' lang='lat' dir='ltr'>incidit</span> <span class='ocrx_word' id='word_1_145' title='bbox 1175 1842 1383 1907; x_wconf 87' lang='lat' dir='ltr'>menti0,</span> <span class='ocrx_word' id='word_1_146' title='bbox 1411 1839 1696 1894; x_wconf 85' lang='lat' dir='ltr'>accuratius</span> <span class='ocrx_word' id='word_1_147' title='bbox 1724 1841 2077 1911; x_wconf 83' lang='lat' dir='ltr'>explicandum</span> <span class='ocrx_word' id='word_1_148' title='bbox 2105 1862 2186 1896; x_wconf 91' lang='lat' dir='ltr'>ar—</span> 
     </span>
     <span class='ocr_line' id='line_1_20' title="bbox 323 1926 2186 2001; baseline 0.003 -23"><span class='ocrx_word' id='word_1_149' title='bbox 323 1926 487 1981; x_wconf 85' lang='lat' dir='ltr'>bitror</span> <span class='ocrx_word' id='word_1_150' title='bbox 524 1929 826 2001; x_wconf 88' lang='lat' dir='ltr'>praesertim</span> <span class='ocrx_word' id='word_1_151' title='bbox 864 1949 934 1984; x_wconf 83' lang='lat' dir='ltr'>ex</span> <span class='ocrx_word' id='word_1_152' title='bbox 961 1928 1222 1984; x_wconf 86' lang='lat' dir='ltr'>Gallorum</span> <span class='ocrx_word' id='word_1_153' title='bbox 1260 1928 1595 1994; x_wconf 80' lang='lat' dir='ltr'>testimoniiS,</span> <span class='ocrx_word' id='word_1_154' title='bbox 1636 1946 1765 1998; x_wconf 86' lang='lat' dir='ltr'>quae</span> <span class='ocrx_word' id='word_1_155' title='bbox 1794 1929 2076 1983; x_wconf 74' lang='lat' dir='ltr'>adversarii</span> <span class='ocrx_word' id='word_1_156' title='bbox 2103 1950 2186 1984; x_wconf 91' lang='lat' dir='ltr'>su-</span> 
     </span>
     <span class='ocr_line' id='line_1_21' title="bbox 324 2016 2186 2091; baseline 0.001 -23"><span class='ocrx_word' id='word_1_157' title='bbox 324 2025 498 2087; x_wconf 89' lang='lat' dir='ltr'>specta</span> <span class='ocrx_word' id='word_1_158' title='bbox 525 2035 640 2071; x_wconf 87' lang='lat' dir='ltr'>esse</span> <span class='ocrx_word' id='word_1_159' title='bbox 666 2036 769 2071; x_wconf 92' lang='lat' dir='ltr'>non</span> <span class='ocrx_word' id='word_1_160' title='bbox 796 2029 1023 2091; x_wconf 84' lang='lat' dir='ltr'>possunt.</span> <span class='ocrx_word' id='word_1_161' title='bbox 1075 2017 1188 2073; x_wconf 91' lang='lat' dir='ltr'>Hoc</span> <span class='ocrx_word' id='word_1_162' title='bbox 1215 2019 1451 2082; x_wconf 87' lang='lat' dir='ltr'>debitum,</span> <span class='ocrx_word' id='word_1_163' title='bbox 1481 2016 1610 2086; x_wconf 86' lang='lat' dir='ltr'>quod</span> <span class='ocrx_word' id='word_1_164' title='bbox 1638 2033 1708 2069; x_wconf 82' lang='lat' dir='ltr'>ex</span> <span class='ocrx_word' id='word_1_165' title='bbox 1734 2016 2044 2070; x_wconf 80' lang='lat' dir='ltr'>necessitate</span> <span class='ocrx_word' id='word_1_166' title='bbox 2072 2018 2186 2070; x_wconf 90' lang='lat' dir='ltr'>uni-</span> 
     </span>
     <span class='ocr_line' id='line_1_22' title="bbox 322 2102 2185 2178; baseline 0.002 -23"><span class='ocrx_word' id='word_1_167' title='bbox 322 2103 445 2156; x_wconf 87' lang='lat' dir='ltr'>tatis</span> <span class='ocrx_word' id='word_1_168' title='bbox 471 2104 586 2157; x_wconf 84' lang='lat' dir='ltr'>fidei</span> <span class='ocrx_word' id='word_1_169' title='bbox 613 2123 723 2157; x_wconf 90' lang='lat' dir='ltr'>cum</span> <span class='ocrx_word' id='word_1_170' title='bbox 751 2105 988 2159; x_wconf 90' lang='lat' dir='ltr'>Romana</span> <span class='ocrx_word' id='word_1_171' title='bbox 1026 2107 1144 2160; x_wconf 90' lang='lat' dir='ltr'>sede</span> <span class='ocrx_word' id='word_1_172' title='bbox 1177 2106 1409 2178; x_wconf 89' lang='lat' dir='ltr'>profluit,</span> <span class='ocrx_word' id='word_1_173' title='bbox 1447 2103 1708 2157; x_wconf 89' lang='lat' dir='ltr'>doctrinae</span> <span class='ocrx_word' id='word_1_174' title='bbox 1733 2103 1967 2156; x_wconf 89' lang='lat' dir='ltr'>innititur</span> <span class='ocrx_word' id='word_1_175' title='bbox 1993 2102 2050 2157; x_wconf 90' lang='lat' dir='ltr'>S.</span> <span class='ocrx_word' id='word_1_176' title='bbox 2079 2104 2185 2159; x_wconf 89' lang='lat' dir='ltr'>lre-</span> 
     </span>
     <span class='ocr_line' id='line_1_23' title="bbox 322 2189 2182 2267; baseline 0.002 -25"><span class='ocrx_word' id='word_1_177' title='bbox 322 2190 439 2244; x_wconf 86' lang='lat' dir='ltr'>naci</span> <span class='ocrx_word' id='word_1_178' title='bbox 464 2192 799 2246; x_wconf 86' lang='lat' dir='ltr'>vetustissimi</span> <span class='ocrx_word' id='word_1_179' title='bbox 825 2191 1067 2267; x_wconf 89' lang='lat' dir='ltr'>Episcopi</span> <span class='ocrx_word' id='word_1_180' title='bbox 1094 2191 1374 2259; x_wconf 88' lang='lat' dir='ltr'>Gallicani,</span> <span class='ocrx_word' id='word_1_181' title='bbox 1415 2193 1475 2245; x_wconf 91' lang='lat' dir='ltr'>de</span> <span class='ocrx_word' id='word_1_182' title='bbox 1502 2209 1600 2261; x_wconf 87' lang='lat' dir='ltr'>qua</span> <span class='ocrx_word' id='word_1_183' title='bbox 1635 2189 1804 2243; x_wconf 88' lang='lat' dir='ltr'>multis</span> <span class='ocrx_word' id='word_1_184' title='bbox 1831 2190 2025 2262; x_wconf 84' lang='lat' dir='ltr'>egimus</span> <span class='ocrx_word' id='word_1_185' title='bbox 2054 2192 2100 2260; x_wconf 61' lang='grc' dir='ltr'>ἕ.</span> <span class='ocrx_word' id='word_1_186' title='bbox 2133 2194 2182 2247; x_wconf 92' lang='lat' dir='ltr'>l.</span> 
     </span>
     <span class='ocr_line' id='line_1_24' title="bbox 320 2277 2183 2355; baseline 0.001 -24"><span class='ocrx_word' id='word_1_187' title='bbox 320 2277 410 2331; x_wconf 82' lang='lat' dir='ltr'>Ex</span> <span class='ocrx_word' id='word_1_188' title='bbox 446 2279 538 2333; x_wconf 93' lang='lat' dir='ltr'>hoc</span> <span class='ocrx_word' id='word_1_189' title='bbox 574 2281 747 2334; x_wconf 90' lang='lat' dir='ltr'>eodem</span> <span class='ocrx_word' id='word_1_190' title='bbox 784 2283 924 2335; x_wconf 85' lang='lat' dir='ltr'>sonte</span> <span class='ocrx_word' id='word_1_191' title='bbox 960 2282 1084 2334; x_wconf 91' lang='lat' dir='ltr'>nihil</span> <span class='ocrx_word' id='word_1_192' title='bbox 1135 2283 1264 2355; x_wconf 89' lang='lat' dir='ltr'>apud</span> <span class='ocrx_word' id='word_1_193' title='bbox 1304 2280 1596 2335; x_wconf 87' lang='lat' dir='ltr'>Gallicanos</span> <span class='ocrx_word' id='word_1_194' title='bbox 1646 2279 1988 2349; x_wconf 86' lang='lat' dir='ltr'>frequentius,</span> <span class='ocrx_word' id='word_1_195' title='bbox 2036 2300 2183 2351; x_wconf 84' lang='lat' dir='ltr'>quam</span> 
     </span>
     <span class='ocr_line' id='line_1_25' title="bbox 323 2366 2184 2442; baseline 0.002 -24"><span class='ocrx_word' id='word_1_196' title='bbox 323 2368 659 2422; x_wconf 89' lang='lat' dir='ltr'>obedientiam</span> <span class='ocrx_word' id='word_1_197' title='bbox 698 2368 965 2424; x_wconf 87' lang='lat' dir='ltr'>Romanae</span> <span class='ocrx_word' id='word_1_198' title='bbox 1005 2370 1112 2424; x_wconf 88' lang='lat' dir='ltr'>sedi</span> <span class='ocrx_word' id='word_1_199' title='bbox 1151 2371 1367 2425; x_wconf 87' lang='lat' dir='ltr'>debitam</span> <span class='ocrx_word' id='word_1_200' title='bbox 1394 2367 1650 2442; x_wconf 83' lang='lat' dir='ltr'>profiteri:</span> <span class='ocrx_word' id='word_1_201' title='bbox 1689 2367 1820 2420; x_wconf 89' lang='lat' dir='ltr'>unde</span> <span class='ocrx_word' id='word_1_202' title='bbox 1847 2366 1900 2419; x_wconf 92' lang='lat' dir='ltr'>in</span> <span class='ocrx_word' id='word_1_203' title='bbox 1925 2366 2036 2439; x_wconf 89' lang='lat' dir='ltr'>ipsa</span> <span class='ocrx_word' id='word_1_204' title='bbox 2063 2387 2184 2438; x_wconf 94' lang='lat' dir='ltr'>quo-</span> 
     </span>
     <span class='ocr_line' id='line_1_26' title="bbox 324 2453 2184 2526; baseline 0 -19"><span class='ocrx_word' id='word_1_205' title='bbox 324 2475 418 2526; x_wconf 89' lang='lat' dir='ltr'>que</span> <span class='ocrx_word' id='word_1_206' title='bbox 444 2455 806 2511; x_wconf 90' lang='lat' dir='ltr'>Declaratione</span> <span class='ocrx_word' id='word_1_207' title='bbox 835 2456 1133 2513; x_wconf 86' lang='lat' dir='ltr'>Conventus</span> <span class='ocrx_word' id='word_1_208' title='bbox 1162 2457 1414 2511; x_wconf 89' lang='lat' dir='ltr'>Gallicani</span> <span class='ocrx_word' id='word_1_209' title='bbox 1455 2476 1538 2509; x_wconf 89' lang='lat' dir='ltr'>an.</span> <span class='ocrx_word' id='word_1_210' title='bbox 1571 2456 1728 2509; x_wconf 75' lang='lat'>1689.</span> <span class='ocrx_word' id='word_1_211' title='bbox 1767 2454 2016 2507; x_wconf 88' lang='lat' dir='ltr'>Romanis</span> <span class='ocrx_word' id='word_1_212' title='bbox 2044 2453 2184 2507; x_wconf 91' lang='lat' dir='ltr'>Pon-</span> 
     </span>
     <span class='ocr_line' id='line_1_27' title="bbox 322 2542 2183 2612; baseline 0.001 -18"><span class='ocrx_word' id='word_1_213' title='bbox 322 2542 539 2596; x_wconf 88' lang='lat' dir='ltr'>tificibus</span> <span class='ocrx_word' id='word_1_214' title='bbox 567 2546 748 2596; x_wconf 80' lang='lat' dir='ltr'>debita</span> <span class='ocrx_word' id='word_1_215' title='bbox 777 2546 843 2596; x_wconf 85' lang='lat' dir='ltr'>ab</span> <span class='ocrx_word' id='word_1_216' title='bbox 872 2547 1112 2598; x_wconf 80' lang='lat' dir='ltr'>omnibus</span> <span class='ocrx_word' id='word_1_217' title='bbox 1135 2546 1460 2597; x_wconf 74' lang='lat' dir='ltr'>Christianis</span> <span class='ocrx_word' id='word_1_218' title='bbox 1481 2543 1788 2594; x_wconf 75' lang='lat' dir='ltr'>obedientia</span> <span class='ocrx_word' id='word_1_219' title='bbox 1808 2559 2058 2612; x_wconf 80' lang='lat' dir='ltr'>expresse</span> <span class='ocrx_word' id='word_1_220' title='bbox 2079 2553 2183 2596; x_wconf 89' lang='lat' dir='ltr'>sta-</span> 
     </span>
     <span class='ocr_line' id='line_1_28' title="bbox 324 2629 2184 2702; baseline 0 -20"><span class='ocrx_word' id='word_1_221' title='bbox 324 2630 500 2682; x_wconf 88' lang='lat' dir='ltr'>tuitur.</span> <span class='ocrx_word' id='word_1_222' title='bbox 553 2629 666 2684; x_wconf 89' lang='lat' dir='ltr'>Hoc</span> <span class='ocrx_word' id='word_1_223' title='bbox 700 2630 1017 2684; x_wconf 88' lang='lat' dir='ltr'>obedientiae</span> <span class='ocrx_word' id='word_1_224' title='bbox 1056 2631 1273 2685; x_wconf 89' lang='lat' dir='ltr'>debitum</span> <span class='ocrx_word' id='word_1_225' title='bbox 1302 2631 1436 2702; x_wconf 88' lang='lat' dir='ltr'>juris</span> <span class='ocrx_word' id='word_1_226' title='bbox 1464 2629 1619 2683; x_wconf 88' lang='lat' dir='ltr'>divini</span> <span class='ocrx_word' id='word_1_227' title='bbox 1647 2647 1761 2683; x_wconf 90' lang='lat' dir='ltr'>esse</span> <span class='ocrx_word' id='word_1_228' title='bbox 1788 2629 1954 2683; x_wconf 90' lang='lat' dir='ltr'>docuit</span> <span class='ocrx_word' id='word_1_229' title='bbox 1983 2629 2184 2684; x_wconf 86' lang='lat' dir='ltr'>Gilber-</span> 
     </span>
     <span class='ocr_line' id='line_1_29' title="bbox 321 2715 2183 2792; baseline 0.001 -21"><span class='ocrx_word' id='word_1_230' title='bbox 321 2729 403 2772; x_wconf 89' lang='lat' dir='ltr'>tus</span> <span class='ocrx_word' id='word_1_231' title='bbox 430 2717 714 2792; x_wconf 88' lang='lat' dir='ltr'>Episcopus</span> <span class='ocrx_word' id='word_1_232' title='bbox 743 2718 1122 2785; x_wconf 84' lang='lat' dir='ltr'>TornacensiS,</span> <span class='ocrx_word' id='word_1_233' title='bbox 1165 2719 1249 2790; x_wconf 90' lang='lat' dir='ltr'>qui</span> <span class='ocrx_word' id='word_1_234' title='bbox 1273 2737 1402 2771; x_wconf 91' lang='lat' dir='ltr'>unus</span> <span class='ocrx_word' id='word_1_235' title='bbox 1431 2738 1457 2772; x_wconf 92' lang='lat' dir='ltr'>e</span> <span class='ocrx_word' id='word_1_236' title='bbox 1485 2715 1769 2791; x_wconf 89' lang='lat' dir='ltr'>praecipuis</span> <span class='ocrx_word' id='word_1_237' title='bbox 1797 2718 2017 2788; x_wconf 90' lang='lat' dir='ltr'>ejusdem</span> <span class='ocrx_word' id='word_1_238' title='bbox 2046 2715 2183 2772; x_wconf 87' lang='lat' dir='ltr'>Con-</span> 
     </span>
     <span class='ocr_line' id='line_1_30' title="bbox 322 2803 2183 2879; baseline -0.001 -18"><span class='ocrx_word' id='word_1_239' title='bbox 322 2817 506 2862; x_wconf 86' lang='lat' dir='ltr'>ventus</span> <span class='ocrx_word' id='word_1_240' title='bbox 533 2807 937 2860; x_wconf 88' lang='lat' dir='ltr'>moderatoribus</span> <span class='ocrx_word' id='word_1_241' title='bbox 974 2807 1084 2860; x_wconf 86' lang='lat' dir='ltr'>fuit.</span> <span class='ocrx_word' id='word_1_242' title='bbox 1139 2810 1278 2877; x_wconf 76' lang='lat' dir='ltr'>Ipsis</span> <span class='ocrx_word' id='word_1_243' title='bbox 1318 2806 1554 2879; x_wconf 88' lang='lat' dir='ltr'>(summis</span> <span class='ocrx_word' id='word_1_244' title='bbox 1581 2803 1967 2877; x_wconf 86' lang='lat' dir='ltr'>Pontificibus),</span> <span class='ocrx_word' id='word_1_245' title='bbox 2004 2806 2183 2877; x_wconf 82' lang='lat' dir='ltr'>inquit,</span> 
     </span>
     <span class='ocr_line' id='line_1_31' title="bbox 322 2887 2182 2969; baseline -0.002 -20"><span class='ocrx_word' id='word_1_246' title='bbox 322 2898 543 2950; x_wconf 79' lang='lat' dir='ltr'>obedire</span> <span class='ocrx_word' id='word_1_247' title='bbox 554 2887 694 2969; x_wconf 41' lang='lat' dir='ltr'>jure·</span> <span class='ocrx_word' id='word_1_248' title='bbox 718 2897 899 2948; x_wconf 78' lang='lat' dir='ltr'>divino</span> <span class='ocrx_word' id='word_1_249' title='bbox 937 2916 994 2949; x_wconf 82' lang='lat' dir='ltr'>se</span> <span class='ocrx_word' id='word_1_250' title='bbox 1020 2916 1075 2949; x_wconf 83' lang='lat' dir='ltr'>se</span> <span class='ocrx_word' id='word_1_251' title='bbox 1101 2900 1278 2949; x_wconf 75' lang='lat' dir='ltr'>teneri</span> <span class='ocrx_word' id='word_1_252' title='bbox 1309 2897 1461 2950; x_wconf 75' lang='lat' dir='ltr'>Galli</span> <span class='ocrx_word' id='word_1_253' title='bbox 1480 2895 1814 2964; x_wconf 76' lang='lat' dir='ltr'>praedicant</span> <span class='ocrx_word' id='word_1_254' title='bbox 1850 2913 2014 2962; x_wconf 73' lang='lat' dir='ltr'>supe-r</span> <span class='ocrx_word' id='word_1_255' title='bbox 2042 2901 2182 2946; x_wconf 79' lang='lat' dir='ltr'>tecta</span> 
     </span>
     <span class='ocr_line' id='line_1_32' title="bbox 322 2978 2177 3057; baseline -0.004 -20"><span class='ocrx_word' id='word_1_256' title='bbox 322 2985 404 3057; x_wconf 86' lang='lat' dir='ltr'>(in</span> <span class='ocrx_word' id='word_1_257' title='bbox 442 3004 520 3057; x_wconf 92' lang='lat' dir='ltr'>ep.</span> <span class='ocrx_word' id='word_1_258' title='bbox 562 2985 624 3037; x_wconf 88' lang='lat' dir='ltr'>ad</span> <span class='ocrx_word' id='word_1_259' title='bbox 662 2982 1009 3056; x_wconf 80' lang='lat' dir='ltr'>Steyaertium</span> <span class='ocrx_word' id='word_1_260' title='bbox 1051 2984 1179 3054; x_wconf 89' lang='lat' dir='ltr'>apud</span> <span class='ocrx_word' id='word_1_261' title='bbox 1217 2980 1434 3036; x_wconf 79' lang='lat' dir='ltr'>Charlas</span> <span class='ocrx_word' id='word_1_262' title='bbox 1469 2992 1507 3033; x_wconf 88' lang='lat' dir='ltr'>t.</span> <span class='ocrx_word' id='word_1_263' title='bbox 1537 2982 1589 3034; x_wconf 81' lang='lat'>3.</span> <span class='ocrx_word' id='word_1_264' title='bbox 1633 2981 1692 3033; x_wconf 90' lang='lat' dir='ltr'>de</span> <span class='ocrx_word' id='word_1_265' title='bbox 1730 2978 1963 3031; x_wconf 88' lang='lat' dir='ltr'>Primatu</span> <span class='ocrx_word' id='word_1_266' title='bbox 2002 2978 2070 3030; x_wconf 86' lang='lat' dir='ltr'>R.</span> <span class='ocrx_word' id='word_1_267' title='bbox 2114 2978 2177 3031; x_wconf 93' lang='lat' dir='ltr'>P.</span> 
     </span>
     <span class='ocr_line' id='line_1_33' title="bbox 323 3065 2180 3146; baseline -0.003 -20"><span class='ocrx_word' id='word_1_268' title='bbox 323 3093 438 3146; x_wconf 85' lang='lat' dir='ltr'>pag.</span> <span class='ocrx_word' id='word_1_269' title='bbox 469 3071 658 3143; x_wconf 81' lang='lat'>355.);</span> <span class='ocrx_word' id='word_1_270' title='bbox 699 3091 759 3126; x_wconf 89' lang='lat' dir='ltr'>ac</span> <span class='ocrx_word' id='word_1_271' title='bbox 794 3070 1003 3145; x_wconf 88' lang='lat' dir='ltr'>proinde</span> <span class='ocrx_word' id='word_1_272' title='bbox 1035 3070 1166 3124; x_wconf 89' lang='lat' dir='ltr'>idem</span> <span class='ocrx_word' id='word_1_273' title='bbox 1205 3068 1522 3122; x_wconf 87' lang='lat' dir='ltr'>obedientiae</span> <span class='ocrx_word' id='word_1_274' title='bbox 1560 3065 1777 3120; x_wconf 87' lang='lat' dir='ltr'>debitum</span> <span class='ocrx_word' id='word_1_275' title='bbox 1819 3085 1847 3119; x_wconf 92' lang='lat' dir='ltr'>e</span> <span class='ocrx_word' id='word_1_276' title='bbox 1874 3066 2028 3120; x_wconf 82' lang='lat' dir='ltr'>divini</span> <span class='ocrx_word' id='word_1_277' title='bbox 2046 3068 2180 3139; x_wconf 85' lang='lat' dir='ltr'>juris</span> 
     </span>
     <span class='ocr_line' id='line_1_34' title="bbox 322 3152 2181 3233; baseline -0.004 -19"><span class='ocrx_word' id='word_1_278' title='bbox 322 3162 540 3233; x_wconf 88' lang='lat' dir='ltr'>primatu</span> <span class='ocrx_word' id='word_1_279' title='bbox 566 3159 816 3232; x_wconf 82' lang='lat' dir='ltr'>originem</span> <span class='ocrx_word' id='word_1_280' title='bbox 842 3158 1002 3224; x_wconf 87' lang='lat' dir='ltr'>ducit,</span> <span class='ocrx_word' id='word_1_281' title='bbox 1043 3157 1126 3229; x_wconf 92' lang='lat' dir='ltr'>qui</span> <span class='ocrx_word' id='word_1_282' title='bbox 1166 3176 1273 3211; x_wconf 90' lang='lat' dir='ltr'>cum</span> <span class='ocrx_word' id='word_1_283' title='bbox 1303 3157 1364 3210; x_wconf 89' lang='lat' dir='ltr'>oh</span> <span class='ocrx_word' id='word_1_284' title='bbox 1395 3156 1639 3209; x_wconf 88' lang='lat' dir='ltr'>unitatem</span> <span class='ocrx_word' id='word_1_285' title='bbox 1666 3152 1930 3208; x_wconf 83' lang='lat' dir='ltr'>Ecclesiae</span> <span class='ocrx_word' id='word_1_286' title='bbox 1957 3155 2181 3207; x_wconf 88' lang='lat' dir='ltr'>forman-</span> 
     </span>
     <span class='ocr_line' id='line_1_35' title="bbox 322 3241 2178 3319; baseline -0.004 -19"><span class='ocrx_word' id='word_1_287' title='bbox 322 3249 434 3301; x_wconf 90' lang='lat' dir='ltr'>dam</span> <span class='ocrx_word' id='word_1_288' title='bbox 463 3248 938 3319; x_wconf 86' lang='lat' dir='ltr'>custodiendamque</span> <span class='ocrx_word' id='word_1_289' title='bbox 964 3245 1115 3301; x_wconf 84' lang='lat' dir='ltr'>fuerit</span> <span class='ocrx_word' id='word_1_290' title='bbox 1143 3264 1174 3298; x_wconf 85' lang='lat' dir='ltr'>a</span> <span class='ocrx_word' id='word_1_291' title='bbox 1200 3243 1408 3302; x_wconf 88' lang='lat' dir='ltr'>Christo</span> <span class='ocrx_word' id='word_1_292' title='bbox 1437 3242 1727 3308; x_wconf 79' lang='lat' dir='ltr'>institutus,</span> <span class='ocrx_word' id='word_1_293' title='bbox 1767 3242 1839 3295; x_wconf 88' lang='lat' dir='ltr'>ita</span> <span class='ocrx_word' id='word_1_294' title='bbox 1866 3242 1928 3294; x_wconf 93' lang='lat' dir='ltr'>ob</span> <span class='ocrx_word' id='word_1_295' title='bbox 1957 3241 2178 3295; x_wconf 90' lang='lat' dir='ltr'>eamdem</span> 
     </span>
     <span class='ocr_line' id='line_1_36' title="bbox 321 3328 2178 3403; baseline -0.005 -14"><span class='ocrx_word' id='word_1_296' title='bbox 321 3336 566 3389; x_wconf 89' lang='lat' dir='ltr'>unitatem</span> <span class='ocrx_word' id='word_1_297' title='bbox 604 3336 701 3390; x_wconf 88' lang='lat' dir='ltr'>illis</span> <span class='ocrx_word' id='word_1_298' title='bbox 740 3336 911 3390; x_wconf 88' lang='lat' dir='ltr'>deberi</span> <span class='ocrx_word' id='word_1_299' title='bbox 945 3333 1282 3388; x_wconf 88' lang='lat' dir='ltr'>obedientiam</span> <span class='ocrx_word' id='word_1_300' title='bbox 1317 3331 1596 3385; x_wconf 85' lang='lat' dir='ltr'>Bossuetus</span> <span class='ocrx_word' id='word_1_301' title='bbox 1638 3340 1812 3403; x_wconf 87' lang='lat' dir='ltr'>aperte</span> <span class='ocrx_word' id='word_1_302' title='bbox 1840 3329 2102 3384; x_wconf 89' lang='lat' dir='ltr'>constituit</span> <span class='ocrx_word' id='word_1_303' title='bbox 2126 3328 2178 3381; x_wconf 90' lang='lat' dir='ltr'>in</span> 
     </span>
     <span class='ocr_line' id='line_1_37' title="bbox 323 3418 2179 3494; baseline -0.004 -17"><span class='ocrx_word' id='word_1_304' title='bbox 323 3423 507 3478; x_wconf 86' lang='lat' dir='ltr'>celebri</span> <span class='ocrx_word' id='word_1_305' title='bbox 537 3426 898 3494; x_wconf 72' lang='lat' dir='ltr'>Expositz&#39;one</span> <span class='ocrx_word' id='word_1_306' title='bbox 926 3422 1186 3478; x_wconf 84' lang='lat' dir='ltr'>doctrinae</span> <span class='ocrx_word' id='word_1_307' title='bbox 1214 3418 1566 3485; x_wconf 83' lang='lat' dir='ltr'>Christianae,</span> <span class='ocrx_word' id='word_1_308' title='bbox 1594 3419 1675 3472; x_wconf 87' lang='lat' dir='ltr'>ubi</span> <span class='ocrx_word' id='word_1_309' title='bbox 1706 3429 1957 3488; x_wconf 86' lang='lat' dir='ltr'>tamquam</span> <span class='ocrx_word' id='word_1_310' title='bbox 1987 3427 2179 3472; x_wconf 88' lang='lat' dir='ltr'>certum</span> 
     </span>
     <span class='ocr_line' id='line_1_38' title="bbox 323 3505 2179 3583; baseline -0.004 -18"><span class='ocrx_word' id='word_1_311' title='bbox 323 3513 528 3583; x_wconf 80' lang='lat' dir='ltr'>dogma,</span> <span class='ocrx_word' id='word_1_312' title='bbox 558 3511 606 3564; x_wconf 89' lang='lat' dir='ltr'>in</span> <span class='ocrx_word' id='word_1_313' title='bbox 637 3512 747 3583; x_wconf 88' lang='lat' dir='ltr'>(lib.</span> <span class='ocrx_word' id='word_1_314' title='bbox 778 3513 831 3567; x_wconf 81' lang='lat'>3.</span> <span class='ocrx_word' id='word_1_315' title='bbox 862 3531 906 3567; x_wconf 92' lang='lat' dir='ltr'>c.</span> <span class='ocrx_word' id='word_1_316' title='bbox 933 3513 1020 3567; x_wconf 78' lang='lat'>12.</span> <span class='ocrx_word' id='word_1_317' title='bbox 1050 3509 1282 3583; x_wconf 88' lang='lat' dir='ltr'>Append.</span> <span class='ocrx_word' id='word_1_318' title='bbox 1312 3519 1361 3563; x_wconf 90' lang='lat' dir='ltr'>et</span> <span class='ocrx_word' id='word_1_319' title='bbox 1389 3509 1593 3562; x_wconf 84' lang='lat' dir='ltr'>dissert.</span> <span class='ocrx_word' id='word_1_320' title='bbox 1624 3505 1904 3579; x_wconf 41' lang='lat' dir='ltr'>praevia&amp;</span> <span class='ocrx_word' id='word_1_321' title='bbox 1923 3505 2043 3577; x_wconf 82' lang='lat'>93.)</span> <span class='ocrx_word' id='word_1_322' title='bbox 2077 3508 2179 3559; x_wconf 82' lang='lat' dir='ltr'>Dc-</span> 
     </span>
    </p>
   </div>
  </div>
 </body>
</html>
