2314 3984
745 237 1398 296 ——369—

159 424 358 461 causam
382 407 513 461 dedit
536 406 934 460 distinctionibus
959 406 1093 461 inter
1111 403 1299 460 'Sedem
1323 401 1670 477 Apostolicam
1695 410 1747 456 et
1771 398 1981 456 Praesi-

156 494 380 559 dentem‚
414 493 549 548 inter
582 491 990 547 infallibilitatem
1026 492 1178 547 seriei
1220 509 1311 545 seu
1346 487 1707 556 successioniS,
1745 506 1805 542 ac
1842 488 1979 541 illam

157 579 462 651 singulorum
497 578 814 632 Pontificum.
867 579 941 633 Ut
975 589 1142 633 autem
1175 576 1481 651 praesumpti
1517 592 1722 629 errores
1756 574 1859 628 vim
1893 575 1980 628 de-

155 666 534 719 monstrationis
567 666 868 719 constitutae
893 664 1162 729 eliderent,
1199 673 1253 718 et
1285 671 1463 719 contra
1494 662 1655 734 ipsam
1688 660 1982 717 evincerent

155 752 362 822 aliquid,
388 753 482 804 duo
509 761 680 805 essent
703 750 1025 824 praestanda.

295 837 335 890 I.
363 837 600 903 ErroreS,
628 838 711 908 qui
736 835 1014 910 opponendi
1039 834 1325 900 credantur,
1353 835 1591 889 deberent
1606 834 1811 908 probari
1836 854 1980 888 erro-

156 942 239 977 res
265 924 376 978 fidei
400 924 472 977 ita
498 924 646 989 certi,
683 933 739 976 ut
773 923 911 976 nulla
945 938 1167 992 congrua
1199 920 1617 993 interpretatione
1651 931 1860 993 possent
1884 939 1980 975 ex-

155 1010 328 1081 plicari
353 1020 501 1080 atque
526 1010 736 1063 defendi.
787 1007 847 1062 Si
883 1027 982 1078 qua
1019 1006 1149 1061 enim
1177 1025 1401 1078 congrua
1427 1009 1624 1061 ratione
1651 1008 1902 1080 explicari
1927 1016 1979 1061 et

155 1095 367 1166 intelligi
391 1105 563 1166 queat,
591 1095 716 1165 quod
744 1095 907 1148 errori
931 1094 1184 1157 tribuitur,
1213 1110 1301 1146 cur
1325 1111 1416 1166 pro
1443 1103 1580 1148 certo
1608 1112 1783 1146 errore
1807 1094 1980 1145 tradu-

154 1191 325 1247 catur,
366 1199 475 1234 cum
509 1199 579 1233 ex
616 1190 758 1234 certa
794 1181 971 1251 regula
1005 1179 1057 1232 in
1094 1178 1238 1232 dubio
1277 1198 1370 1251 pro
1406 1179 1665 1251 superiore
1691 1197 1888 1251 semper
1912 1180 1980 1232 sit

154 1267 588 1339 praesumendum,
626 1284 720 1319 nec
745 1265 797 1318 in
823 1266 1121 1320 deteriorem
1147 1276 1342 1336 partem
1367 1266 1434 1319 sit
1461 1265 1819 1338 accipiendum,
1847 1267 1976 1336 quod

154 1354 206 1404 in
233 1353 483 1407 saniorem
509 1371 710 1406 sensum
736 1352 978 1423 explicari
1010 1352 1203 1424 possit?
1253 1351 1307 1403 Id
1343 1361 1508 1404 autem
1542 1362 1684 1405 tanto
1719 1353 1879 1424 magis
1906 1352 1979 1404 di-

154 1439 359 1491 cendum
376 1479 390 1504 ,
427 1440 511 1491 ubi
536 1439 594 1492 de
620 1438 749 1491 thesi
777 1438 969 1509 agitur,
1010 1457 1136 1509 quae
1163 1456 1232 1491 ex
1258 1437 1410 1491 certis
1436 1437 1690 1510 principiis
1706 1478 1720 1504 ,
1757 1458 1849 1493 nec
1875 1458 1978 1492 non

154 1543 223 1577 ex
250 1523 442 1579 Christi
467 1526 728 1597 promissis
756 1544 814 1579 ac
838 1525 1107 1587 traditione
1131 1523 1344 1577 Patrum
1382 1524 1726 1578 demonstrata
1750 1526 1977 1580 videtur:

155 1612 396 1681 siquidem
423 1622 598 1665 contra
624 1611 1098 1666 demonstrationem
1124 1611 1258 1663 nulla
1283 1611 1494 1682 objectio
1515 1629 1604 1683 per
1623 1629 1678 1664 se
1698 1610 1978 1666 insolubilis

153 1707 318 1768 potest
351 1698 595 1764 inveniri,
634 1700 756 1752 adeo
794 1709 850 1751 ut
888 1698 931 1750 si
969 1707 1173 1769 praesto
1209 1715 1310 1749 non
1348 1707 1580 1750 occurrat
1615 1716 1740 1752 vera
1777 1699 1977 1765 solutio,

153 1802 255 1836 non
279 1784 464 1837 idcirco
500 1785 667 1857 reipsa
703 1786 877 1839 deesse
914 1784 1119 1837 dicenda
1145 1783 1238 1848 sit,
1289 1802 1381 1836 nec
1408 1783 1466 1836 de
1494 1802 1582 1849 e0,
1621 1785 1750 1854 quod
1775 1786 1978 1838 demon-

153 1880 364 1923 stratum
390 1879 492 1935 est,
519 1871 585 1923 sit
610 1872 945 1924 dubitandum.

296 1956 357 2009 11.
397 1955 543 2024 Quod
576 1956 621 2009 si
655 1967 823 2010 certus
863 1968 997 2011 esset
1032 1967 1083 2010 et
1118 1956 1320 2010 evidens
1360 1974 1503 2009 error
1529 1956 1581 2008 in
1607 1956 1822 2010 materia
1845 1957 1975 2023 fidei,

155 2042 273 2094 nihil
297 2052 465 2096 tamen
490 2053 697 2096 nostrae
721 2044 851 2098 thesi
877 2062 934 2096 ac
959 2042 1375 2096 demonstrationi
1413 2043 1639 2107 obesset,
1679 2043 1723 2095 si
1760 2054 1976 2114 nequeat

155 2128 301 2180 simul
325 2129 528 2199 probari
553 2147 665 2182 esse
692 2148 914 2183 errorem
939 2130 990 2181 in
1016 2129 1302 2182 definitione
1325 2127 1454 2180 fidei.
1494 2125 1620 2181 Cum
1647 2129 1778 2182 enim
1805 2141 1975 2184 aucto-

154 2214 280 2266 ritas
305 2213 550 2267 Romanis
576 2214 904 2270 Pontificibus
941 2217 1127 2268 tributa
1161 2215 1227 2268 sit
1259 2215 1319 2267 ad
1356 2214 1725 2267 custodiendam
1751 2216 1802 2267 in
1829 2217 1975 2269 dissi-

153 2300 247 2352 diis
274 2300 515 2354 unitatem
540 2301 676 2365 fidei,
702 2301 868 2354 unitas
893 2322 1015 2356 vero
1042 2302 1153 2354 fidei
1178 2302 1231 2354 in
1257 2301 1473 2354 dissidiis
1501 2319 1590 2354 seu
1615 2303 1973 2356 controversiis

152 2386 286 2438 circa
321 2387 462 2439 fidem
499 2388 558 2439 ab
585 2384 845 2441 Ecclesiae
871 2388 1184 2461 Praepositis
1222 2407 1323 2440 non
1349 2387 1446 2439 alia
1471 2387 1667 2441 ratione
1693 2388 1973 2442 vindicetur

152 2471 248 2523 nisi
275 2489 516 2543 expresse
543 2472 815 2525 definiendo
831 2514 844 2537 ,
882 2475 994 2543 quid
1020 2475 1099 2526 vel
1126 2475 1420 2527 credendum
1446 2475 1526 2527 vel
1552 2474 1879 2527 damnandum
1906 2477 1973 2529 sit

151 2575 221 2610 ex
246 2557 485 2610 catholico
513 2558 773 2628 dogmate3
800 2559 943 2629 idque
969 2560 1040 2611 ita
1067 2577 1313 2631 expresse
1330 2570 1478 2630 atque
1495 2560 1740 2632 praecise,
1767 2571 1822 2613 ut
1849 2562 1973 2614 obli·

121 2683 128 2691 .
152 2643 288 2713 gatio
315 2644 635 2708 assentiendi,
660 2645 967 2714 unitatisque
986 2648 1320 2717 praestandae
1341 2665 1407 2699 ex
1429 2646 1551 2716 ipsis
1577 2648 1844 2700 verborum
1870 2650 1973 2701 for-

150 2730 293 2781 mulis
328 2729 638 2795 innotescat,
676 2731 906 2800 quidquid
946 2741 1097 2784 extra
1134 2731 1411 2802 hujusmodi
1437 2731 1774 2784 definitionum
1801 2734 1972 2786 termi-

151 2834 244 2867 nos
271 2826 375 2879 est,
413 2834 504 2868 nec
543 2816 665 2868 satis
692 2817 931 2888 exprimit
957 2818 1170 2870 debitum
1197 2816 1403 2868 unitatis
1419 2856 1433 2881 ‚
1474 2816 1601 2868 sicut
1627 2835 1727 2868 non
1754 2821 1971 2871 refertur

151 2901 212 2953 ad
245 2902 391 2955 finem
428 2902 697 2973 primatuS,
744 2904 817 2956 ita
854 2922 946 2957 nec
982 2921 1048 2956 ex
1086 2922 1146 2956 ea
1184 2902 1483 2956 auctoritate
1518 2902 1758 2973 primatus
1786 2905 1970 2958 editum

149 2987 245 3040 dici
274 2998 470 3060 potest,
522 2989 598 3042 cui
635 2989 999 3043 infallibilitatis
1034 2989 1389 3062 praerogativa
1423 2988 1688 3041 tribuenda
1727 2990 1810 3042 sit.
1871 2989 1969 3059 Qui

149 3072 276 3126 hanc
301 3074 669 3128 restrictionem
693 3076 1056 3130 infallibilitatis
1085 3077 1144 3129 ad
1171 3077 1305 3129 solas
1333 3074 1644 3127 definitiones
1679 3076 1790 3129 fidei
1814 3078 1969 3131 veluti

148 3178 330 3214 novam
367 3171 516 3230 atque
559 3162 827 3216 violentam
873 3165 1002 3218 male
1041 3163 1267 3227 audiunt,
1317 3160 1465 3214 velim
1501 3160 1817 3214 considerent
1852 3162 1966 3216 duo.

147 3245 322 3298 Primo
348 3246 746 3303 animadvertant
768 3250 823 3303 in
847 3261 1058 3321 utroque
1082 3247 1387 3320 Evangelico
1413 3255 1584 3312 textu,
1621 3247 1705 3317 qui
1729 3248 1966 3320 duplicem

149 3329 339 3385 Christi
362 3333 738 3403 promissionem
766 3348 884 3391 ante
909 3347 1232 3391 memoratam
1259 3332 1509 3397 continet,
1545 3350 1827 3388 sermonem
1855 3354 1967 3389 esse

149 3417 209 3470 de
233 3418 483 3473 varietate
508 3420 791 3492 opinionum
814 3423 867 3476 in
892 3424 1102 3478 materia
1127 3422 1272 3486 fidei,
1306 3438 1431 3489 quae
1455 3419 1697 3474 unitatem
1723 3421 1967 3475 discinde-

149 3513 256 3569 ret3
307 3515 359 3558 et
390 3506 443 3557 in
480 3516 692 3577 utroque
736 3508 855 3563 item
891 3514 1248 3585 promissiones
1287 3505 1483 3563 Christi
1526 3507 1780 3577 respicere
1824 3508 1966 3560 fidem

208 3596 255 3631 P.
287 3596 438 3634 Bauer.
473 3597 523 3634 de
553 3599 728 3635 Primam
761 3604 837 3637 etc.
1521 3593 1591 3645 ⁵24
