2314 3984
738 215 1386 274 —211—

167 388 459 447 Romanum·
471 385 645 455 »fidem
660 384 800 440 mdis
815 381 1175 451 Apostolicae,
1201 387 1253 436 et
1264 382 1519 435 ecclesiae
1534 378 1978 449 Romanaefidem

159 475 365 539 integra
390 475 443 521 et
457 471 712 538 perfecta
738 469 1008 521 soliditate
1035 474 1299 528 constare,
1323 484 1464 520 acne
1477 480 1723 535 remquam?
1745 465 1978 535 deficiat,

158 562 304 612 certa
330 555 551 609 Domini
566 555 961 623 pollicitatione
979 557 1260 624 firmatam.
1322 551 1526 621 Nempe
1567 551 1706 623 hanc
1725 552 1886 622 fldem
1911 552 1977 603 ab

160 642 443 711 Episcopis
469 642 544 692 ad
568 640 1045 708 Metropolitanos,
1080 636 1146 689 ab
1173 637 1255 691 his
1283 638 1362 689 ad
1385 637 1773 698 Patriarcboes,
1810 657 1842 689 a
1871 637 1976 690 Pa-

158 727 408 780 triorchis
434 728 508 778 ad
534 726 745 795 Papam
769 727 906 778 mitti
928 722 1233 792 oportebat,
1258 729 1318 775 ut
1340 725 1568 775 omnium
1593 725 1978 790 confessionem

160 831 292 865 unus
319 815 622 881 exciperet,
657 831 722 864 ac
738 830 850 881 pro
872 811 1205 878 confessione
1224 809 1358 876 fidei
1379 811 1788 860 communionem
1817 812 1976 861 annni-

160 899 252 952 bus
277 901 627 967 unitatemque
652 898 983 967 rependeret.
1005 894 1164 947 Hanc
1180 896 1574 962 professionem
1601 895 1782 946 eodem
1806 897 1975 956 initio,

160 986 345 1036 eadem
370 985 730 1043 conclusione,
767 983 965 1035 additis
991 981 1209 1033 subinde
1235 979 1541 1032 haeresibus
1568 987 1726 1048 atque
1751 981 1974 1032 haereti-

158 1073 251 1130 cis,
277 1072 370 1138 qui
391 1073 498 1122 suis
523 1068 842 1138 temporibus
862 1067 1158 1119 Ecclesiam
1185 1065 1604 1126 conturbassent,
1621 1084 1727 1133 per
1753 1073 1973 1135 sequuta

156 1156 369 1206 saecula
398 1157 795 1222 frequentatam
832 1155 1035 1205 scimus.
1092 1151 1254 1204 Hanc
1291 1154 1371 1203 uti
1409 1151 1608 1203 Sancto
1650 1151 1973 1203 Hormisdae

160 1239 375 1308 Papae,
406 1239 707 1307 Sanctaque
735 1236 1003 1308 Ayapeto,
1049 1256 1113 1290 ac
1149 1236 1379 1289 Nicolao
1419 1237 1456 1287 Ι.
1498 1254 1674 1290 omnes
1712 1237 1976 1305 Episcopi

149 1328 417 1391 fecerant,·
445 1327 518 1375 ita
545 1326 726 1377 iisdem
754 1326 922 1376 verbis
942 1325 1310 1375 Hadriano‘II.
1329 1323 1518 1387 Papae
1533 1322 1751 1374 Nicolai
1774 1341 1973 1374 succes·

156 1413 268 1461 sori
285 1413 490 1478 factam
514 1412 567 1461 in
593 1410 820 1462 concilio
863 1410 1001 1461 VIII.
1031 1411 1361 1460 oecumenico
1391 1409 1621 1476 leyimuS.
1666 1408 1818 1460 Haec
1844 1427 1971 1477 crya

158 1496 345 1564 ubique
391 1498 613 1565 diffusa,
652 1496 887 1548 omnibus
923 1496 1147 1546 saeculis
1169 1500 1505 1562 propagata,
1546 1494 1609 1545 ab
1637 1497 1972 1546 oecumenico

157 1583 381 1633 concilio
409 1589 749 1642 consecrata,
776 1585 890 1650 quis
917 1587 1139 1645 respuat
1171 1579 1543 1631 Christianus?
1589 1578 1745 1630 Tanti
1772 1578 1871 1631 viri
1897 1588 1971 1631 te-

155 1665 436 1717 stimonium
463 1683 520 1717 eo
547 1665 598 1716 in
625 1684 776 1736 opere
802 1663 1094 1728 exhibitum,
1122 1683 1216 1733 quo
1239 1664 1621 1717 declarationem
1650 1662 1788 1717 Cleri
1815 1663 1972 1716 Galli-

154 1750 264 1803 cani
290 1749 638 1803 defendendam
666 1750 865 1814 sumsit,
895 1749 1294 1803 adversariorum
1319 1767 1464 1802 nemo
1492 1749 1752 1820 repudiare
1768 1789 1782 1814 ,
1809 1759 1864 1801 ut
1889 1769 1972 1802 al·-

155 1835 348 1900 bitror,
378 1836 583 1889 auserit.
634 1833 693 1889 Si
733 1845 897 1889 autem
924 1835 1087 1888 nullus
1115 1833 1432 1888 Christianus
1459 1835 1584 1887 hanc
1609 1835 1972 1905 professionem

154 1920 355 1972 unitatis
382 1921 491 1974 fidei
518 1931 567 1974 et
594 1922 948 1975 communionis
977 1940 1083 1974 cum
1111 1919 1342 1974 Romana
1379 1920 1495 1973 sede
1523 1921 1582 1973 ab
1609 1920 1844 1974 universa
1871 1920 1970 1975 Ec-

154 2006 306 2059 clesia
332 2007 670 2060 confirmatam
696 2017 860 2079 potest
885 2026 1152 2079 respuere,
1181 2027 1346 2060 nonne
1372 2007 1627 2077 utriusque
1647 2007 1854 2060 unitatis
1883 2027 1969 2059 ne-

156 2091 365 2144 cessitas
394 2091 794 2145 manifestissime
821 2092 1145 2162 sequitur?*)

275 2250 317 2301 ¹⁸)
351 2252 583 2302 Appendam
616 2252 694 2292 hac
726 2254 765 2292 in
799 2266 844 2293 re
876 2254 987 2294 aliud
1015 2253 1177 2293 omnino
1211 2253 1432 2292 concinens
1465 2254 1826 2302 commentarium,
1862 2255 1969 2306 quod

155 2309 287 2348 eidem
321 2310 533 2358 formulae,
565 2323 636 2350 seu
669 2313 915 2363 professioni
938 2313 1115 2364 subiecit
1146 2313 1250 2353 alius
1281 2313 1521 2352 Gallicanus
1553 2313 1815 2352 doctissimus
1847 2314 1970 2366 Epis-

155 2379 282 2419 copus
313 2369 559 2415 Franciscus
588 2371 820 2411 Fenelonus
851 2372 1115 2423 Metropolita
1145 2373 1454 2411 Cameracensis
1499 2372 1540 2410 in
1575 2373 1773 2423 pastorali
1819 2374 1970 2412 instru-

155 2427 294 2466 ctione
327 2427 410 2468 diei
440 2428 513 2467 29.
543 2429 652 2470 Junii
684 2431 780 2470 anni
814 2430 944 2474 1714.
978 2432 1078 2472 Post
1108 2432 1286 2470 recitata
1317 2431 1510 2470 laudatae
1540 2431 1811 2483 professionis
1843 2433 1971 2471 verba

153 2484 257 2524 haec
289 2486 378 2532 ille,
413 2498 516 2538 quae
547 2489 608 2526 sic
642 2500 692 2528 ex
723 2490 885 2529 Gallico
931 2502 1120 2529 sermone
1163 2490 1290 2529 latine
1330 2491 1563 2530 reddimus:
1608 2489 1782 2530 Utinam
1828 2495 1968 2531 actum

156 2547 240 2584 tam
269 2546 512 2594 solemnem,
553 2559 635 2598 quo
677 2546 884 2601 Episcopi
923 2548 1186 2589 schismatici
1229 2549 1287 2589 ad
1328 2550 1538 2589 unitatem
1579 2549 1799 2598 redibant,
1848 2562 1968 2590 nemo

155 2602 339 2653 accipiat
372 2607 586 2656 tamquam
615 2618 726 2656 vaga
759 2611 797 2647 et
830 2609 1068 2658 ampullosa
1101 2608 1243 2647 inanis
1286 2609 1475 2660 obsequii
1514 2609 1639 2648 verba
1659 2639 1668 2656 ,
1716 2622 1825 2660 quae
1858 2609 1968 2648 nihil

155 2661 394 2710 praecisum
426 2675 475 2702 ac
505 2664 661 2702 serium
691 2664 948 2715 significent.
993 2668 1152 2715 Agitur
1183 2666 1252 2706 hic
1284 2668 1333 2706 de
1362 2668 1642 2720 promissione
1672 2667 1777 2708 Filii
1815 2668 1887 2708 Dei
1922 2669 1967 2706 S.

160 2719 282 2759 l‘etro
308 2720 448 2770 facta,
482 2734 589 2772 quae
622 2725 809 2774 quotidie
839 2725 949 2775 ipst's
981 2736 1119 2764 rerum
1149 2726 1359 2775 probatur
1390 2725 1621 2776 effectibus.
1658 2728 1840 2772 Quinam
1871 2739 1968 2766 vero

156 2780 255 2816 sunt
288 2775 491 2824 ejusmodi
523 2778 729 2830 effectus?
792 2781 904 2821 Idest
936 2783 1039 2834 quia
1072 2783 1117 2820 in
1151 2783 1246 2822 sede
1279 2785 1526 2834 Apostolica
1559 2785 1820 2825 inviolabilis
1861 2797 1968 2825 sem-

155 2846 233 2885 per
265 2835 470 2876 calholica
502 2838 743 2878 custoditur
772 2840 939 2888 religio.
1006 2839 1117 2879 Idest
1149 2841 1251 2891 quia
1283 2840 1387 2881 haec
1421 2841 1634 2891 Ecclesia,
1667 2847 1717 2882 vt
1748 2845 1970 2884 audiemus

155 2907 205 2933 ex
237 2894 439 2935 Bossueto
473 2895 689 2947 Episcopo
722 2897 957 2947 Meldensi‚
989 2910 1155 2949 semper
1187 2902 1246 2939 est
1277 2901 1412 2950 vtrgo,
1446 2911 1611 2951 semper
1643 2902 1795 2941 Petrus
1827 2904 1966 2954 loque-

155 2955 224 2992 tur
253 2954 297 2991 in
330 2966 409 2993 sua
442 2955 655 3004 cathedra,
689 2960 730 2996 et
764 2957 959 2998 Romana
982 2955 1095 3006 siclos
1125 2970 1290 3008 semper
1321 2963 1380 2998 est
1412 2957 1527 3008 fides
1559 2956 1787 3002 Ecclesiae.
1853 2961 1968 3000 Idest

156 3011 326 3062 quando
356 3013 404 3051 in
437 3011 529 3060 ejus
562 3015 856 3055 communione
887 3017 983 3068 quis
1008 3020 1163 3065 manet,
1195 3017 1407 3066 integram
1439 3022 1479 3058 et
1509 3019 1742 3069 perfectam
1773 3020 1967 3059 solidita-

155 3073 231 3109 tem
268 3070 536 3112 Christianae
569 3074 791 3124 retigionis
823 3077 948 3116 tenet.
1013 3075 1129 3115 Idest
1160 3076 1268 3116 nihil
1299 3077 1472 3128 differre
1503 3079 1615 3122 inter
1644 3091 1734 3127 eos,
1767 3079 1840 3129 qui
1870 3080 1965 3129 pri-

153 3130 308 3167 vantur
339 3131 628 3172 communione
660 3131 876 3174 Ecclesiae
907 3133 1162 3184 catholicae,
1196 3139 1236 3176 et
1267 3148 1337 3175 eos
1369 3137 1442 3189 qui
1471 3137 1694 3178 sententiis
1744 3147 1829 3176 non
1864 3149 1966 3178 con-

153 3185 344 3226 sentiunt
373 3189 543 3228 omnino
576 3202 669 3230 cum
701 3192 844 3232 eadem
873 3193 984 3236 sede.
1024 3193 1151 3234 Immo
1185 3194 1436 3246 quicumque
1468 3195 1724 3235 contradicit
1742 3195 1965 3236 Romanae

143 3241 265 3291 fidei,
299 3256 406 3295 quae
437 3250 498 3286 est
529 3253 718 3290 centrum
735 3252 984 3292 traditionis
1010 3253 1257 3301 communis,
1290 3254 1544 3295 contradicit
1575 3254 1802 3295 traditioni
1834 3257 1967 3296 totius

153 3301 395 3343 Ecclesiae:
429 3316 449 3344 e
481 3310 629 3348 contra
661 3311 913 3363 quicumque
943 3311 1096 3351 unitur
1138 3312 1358 3353 doctrinae
1397 3311 1524 3360 hujus
1556 3312 1770 3354 Ecclesiae
1799 3326 1965 3366 semper

151 3361 349 3411 virginis,
381 3373 503 3402 suam
522 3360 655 3411 fidem
683 3369 793 3408 nulli
825 3370 1066 3410 discr-‘mini
1099 3371 1288 3420 exponit.
1334 3370 1449 3411 Haec
1478 3372 1702 3421 promissio
1735 3376 1965 3424 quantum-

151 3419 215 3459 vis
243 3422 458 3469 generalis
488 3424 528 3462 et
560 3423 778 3474 absoluta,
808 3427 920 3470 nihil
949 3430 1232 3477 temerarium,
1264 3429 1375 3469 nihil
1405 3431 1647 3471 exorbitans
1678 3433 1866 3472 continet
1896 3444 1964 3471 re-

151 3478 234 3517 late
266 3479 321 3519 ad
356 3478 594 3532 Episcopos
626 3483 766 3534 ipsos,
809 3488 886 3538 qui
929 3488 984 3528 ad
1016 3486 1107 3535 ejus
1135 3488 1490 3539 subscriptionem
1521 3491 1804 3540 cogebantur,
1840 3494 1886 3530 ut
1920 3494 1964 3531 in

1513 3558 1617 3612 14*
