2320 3990
993 240 1167 247 ·-——·
1246 226 1393 263 XXIV

464 379 504 432 §-
535 377 592 421 11.
639 375 912 421 Tertulliani
934 375 1237 420 testimonium
1261 376 1445 422 ductum
1461 394 1518 423 ex
1532 380 1811 425 necessitate
1828 383 2125 427 conveniendi

402 453 500 482 cum
523 437 614 482 fide
630 436 936 481 Ecclesiarmn
949 436 1310 494 Apostolicarmn
1321 470 1335 494 ,
1364 450 1487 496 quae
1494 441 1815 486 necessitatem
1832 442 2001 487 evincit
2016 458 2124 488 con-

398 498 610 542 veniendi
624 511 723 541 cum
736 496 825 540 fide
842 497 1112 555 praesertim
1126 498 1354 542 Romanae
1373 503 1420 542 et
1435 498 1725 556 Apostolicae
1740 501 1994 548 Ecclesiae.
2030 518 2143 562 pag..
2159 501 2244 548 108

461 590 501 642 g.
531 587 608 630 111.
654 586 778 630 Loca
795 587 843 630 S.
862 586 1102 645 Cypriani,
1135 603 1252 646 quae
1268 588 1489 632 unitatem
1505 590 1823 635 communionis
1839 596 1888 635 et
1902 591 2011 636 fidei
2026 607 2126 636 cum

400 650 446 690 S.
467 646 594 690 Petri
611 647 848 703 cathedra,
880 662 962 691 seu
978 663 1145 693 summo
1161 649 1384 693 Pontifice
1402 649 1704 693 necessariam
1721 651 1978 696 adstruunt.
2024 652 2127 696 Dif-

399 708 575 751 ficultas
592 722 649 751 ex
664 709 930 765 quaestione
947 708 1003 752 de
1020 709 1243 768 baptismo
1269 711 1326 753 ab
1343 724 1397 752 eo
1415 710 1570 754 habita
1587 725 1686 754 cum
1703 711 1872 755 Sancto
1889 711 2123 770 Stephano

396 768 525 826 Papa
541 768 772 812 excutitur
773 800 2115 817 .............................................
2162 772 2247 815 llo

460 860 500 914 ξ.
532 858 606 902 IV.
653 856 927 913 Firmiliani‚
957 858 1168 915 Paciani,
1201 867 1249 904 et
1265 859 1428 919 Optati
1453 859 1726 904 testimonia.
1771 860 2127 918 Donatistarum,

397 918 673 976 aliorumque
690 924 895 962 veterum
920 919 1301 965 schismaticorum
1328 921 1750 980 haereticorumque
1775 923 2030 966 sententiae
2048 938 2125 966 ex·
2189 980 2249 1025 20

396 993 564 1036 pensae
568 1010 2118 1026 ....................................................
2163 981 2177 1024 l

459 1071 500 1123 g.
533 1071 587 1111 V.
651 1069 935 1113 Testimonia
974 1070 1168 1115 Eusebii
1212 1070 1536 1127 Vercellensis,
1585 1071 1802 1129 Gregorii
1832 1072 2125 1124 Nazianzeni,

397 1130 578 1187 Satyri,
610 1130 856 1184 Ambrosii,
892 1137 939 1174 et
964 1131 1153 1175 Concilii
1179 1132 1506 1190 Aquilejensis‚
1538 1133 1612 1176 cui
1637 1133 1756 1176 idem
1789 1133 1836 1178 S.
1865 1133 2124 1176 Ambrosius

397 1191 610 1247 praefuit.
659 1190 896 1243 Quomodo
920 1191 996 1249 jus
1014 1193 1332 1237 communionis
1350 1207 1374 1236 e
1392 1193 1595 1236 Romana
1610 1194 1718 1237 sede
1737 1193 1949 1237 dimanet.
1983 1227 1992 1236 .
2013 1226 2023 1236 .
2045 1227 2053 1236 .
2073 1225 2084 1236 .
2103 1226 2113 1236 .
2162 1191 2243 1235 127

458 1283 497 1335 ξ.
531 1281 604 1324 VI.
651 1282 835 1326 Damasi
854 1283 1034 1340 Papae,
1067 1282 1318 1327 Theodosii
1339 1282 1651 1340 Imperatoris,
1686 1291 1734 1329 et
1759 1282 1966 1327 Flaviani
1994 1299 2124 1342 pres-

394 1341 546 1396 byteri
564 1342 848 1394 Antiocheni‚
883 1357 936 1385 ac
962 1349 1123 1399 postea
1138 1343 1360 1400 Episcopi
1381 1343 1655 1387 testimonia.
1702 1343 1898 1388 Additur
1923 1344 2122 1388 testimo·

396 1401 515 1444 nium
540 1402 779 1446 concinens
805 1417 860 1446 ex
878 1401 1121 1446 Aureliano
1137 1403 1368 1460 Augusto,
1401 1403 1458 1446 ab
1474 1403 1678 1446 Eusebio
1705 1410 1754 1446 et
1778 1403 1943 1447 Rufino
1968 1403 2123 1447 lauda-

394 1469 500 1504 tum.
547 1461 786 1506 Prudentii
807 1468 971 1520 poetae
998 1478 1172 1506 versus.
1200 1493 2114 1506 ...............................
2161 1461 2245 1505 132

458 1539 497 1591 g.
527 1537 620 1582 Vll.
660 1537 928 1595 Hieronymi
946 1538 1218 1581 testimonia.
1250 1541 1576 1595 Argumentum
1595 1536 1779 1581 ductum
1797 1553 1853 1580 ex
1869 1537 2126 1582 necessaria

395 1598 569 1642 unitate
588 1612 686 1641 cum
702 1599 830 1642 Petri
850 1599 1065 1642 cathedra
1079 1631 1089 1649 ,
1125 1613 1212 1655 quo
1233 1599 1473 1642 cathedrae
1497 1597 1720 1641 vocabulo
1746 1598 1878 1641 fidem
1894 1599 2122 1641 Romanae

396 1658 515 1701 sedis
533 1674 558 1700 a
571 1660 617 1700 S.
631 1659 769 1702 Petro
788 1661 978 1716 ejusque
997 1658 1335 1702 successoribus
1353 1659 1567 1702 traditam
1585 1657 1831 1714 significari
1849 1658 2120 1702 ostenditur.

396 1719 604 1762 Ecclesia
638 1719 858 1762 catholica
885 1726 932 1761 et
956 1719 1068 1762 fides
1099 1718 1346 1762 catholicae
1364 1718 1600 1761 Ecclesiae
1619 1718 1741 1761 dicta
1758 1724 1830 1761 est
1847 1719 2048 1762 Romana
2065 1719 2121 1761 ob

397 1780 612 1823 unitatem
639 1779 904 1837 praesertim
930 1779 1036 1822 fidei
1053 1795 1151 1823 cum
1169 1780 1368 1823 Romana
1386 1779 1606 1823 catholico
1626 1778 1790 1836 cuique
1807 1779 2122 1822 necessariam.
2161 1776 2235 1820 141

457 1871 495 1922 ξ.
531 1869 645 1911 Vffl.
707 1870 754 1913 S.
787 1868 1031 1925 Augustini
1069 1868 1325 1912 testimonia
1357 1869 1696 1926 expenduntur,
1745 1869 1822 1913 illa
1854 1869 2123 1926 praesertim

396 1944 511 1986 quae
536 1930 581 1973 in
610 1930 736 1972 libris
764 1936 919 1972 contra
944 1929 1209 1973 Donatistas
1237 1929 1420 1987 scriptis
1446 1930 1751 1973 invenitmtur.
1796 1931 2122 1987 Argumentum

396 1997 587 2033 sumtum
614 2006 668 2033 ex
690 1996 798 2033 nota
813 1989 1048 2033 Ecclesiae
1064 1990 1133 2033 uti
1148 1990 1409 2047 Apostolica
1437 1990 1628 2044 dicitur,
1659 1997 1884 2048 quatenus
1911 2005 2121 2034 necessa-

395 2051 502 2093 riam
530 2051 725 2094 adstruit
753 2051 971 2094 unitatem
996 2050 1104 2094 fidei
1130 2066 1229 2094 cum
1253 2052 1453 2094 Romana
1478 2051 1739 2108 Apostolica
1766 2051 1898 2106 sede3
1942 2052 2121 2109 aliaque

395 2113 580 2155 aliorum
597 2112 784 2155 Patrum
811 2112 858 2154 iu
887 2111 1073 2155 eandem
1101 2127 1194 2154 rem
1220 2111 1480 2156 testimonia
1504 2112 1799 2169 proferuntur
1802 2143 2110 2155 ...........
2159 2109 2241 2153 147

456 2204 494 2255 ᾗ.
525 2202 605 2243 ΙΧ.
655 2201 755 2244 Alia
780 2201 980 2257 ejusdem
996 2201 1240 2257 Augustini
1263 2199 1521 2243 testimonia
1543 2215 1599 2243 ex
1616 2200 1801 2258 scriptis
1817 2207 1978 2244 contra
1993 2201 2123 2244 Pela-

394 2262 550 2320 gianos
570 2276 649 2318 pro
670 2262 846 2304 unitate
863 2261 970 2304 fidei
989 2276 1084 2304 cum
1104 2262 1318 2304 Romana.
1366 2261 1696 2304 validissimum
1713 2267 2026 2318 argumentum
2042 2261 2121 2304 du·

394 2330 514 2366 ctum
533 2337 587 2364 ex
604 2322 915 2379 antiquissimo
932 2337 1054 2365 more
1073 2322 1302 2364 referendi
1319 2335 1480 2364 causas
1495 2321 1603 2364 fidei
1621 2321 1679 2363 ad
1695 2322 1939 2364 Romanam
1955 2322 2120 2364 sedem.

394 2383 694 2427 Innocentiil.
724 2383 860 2427 trium
886 2382 1175 2425 conciliorum
1203 2382 1406 2435 Africae,
1438 2387 1486 2424 et
1512 2381 1699 2424 aliorum
1714 2382 1902 2425 Patrum
1926 2382 2122 2425 auctori-

394 2452 528 2487 tates.
576 2443 702 2487 Loca
717 2443 959 2499 Augustini
987 2458 1042 2486 ex
1066 2442 1193 2486 libris
1211 2442 1266 2485 de
1284 2442 1509 2499 baptismo
1527 2442 1710 2498 objecta
1726 2442 2022 2499 explicantur,
2045 2442 2125 2486 ubi

392 2506 511 2548 inter
529 2504 616 2547 alia
634 2504 915 2560 disquiritur,
947 2518 1050 2546 num
1066 2504 1112 2545 in
1130 2503 1397 2560 quaestione
1415 2502 1470 2545 de
1487 2502 1711 2559 baptismo
1730 2509 1858 2546 extra
1873 2502 2123 2546 Ecclesiam

394 2571 612 2622 percepto
631 2565 890 2621 Stephanus
908 2563 1102 2607 ediderit
1126 2564 1311 2621 proprie
1330 2563 1494 2606 dictam
1512 2562 1818 2606 definitionem
1834 2563 1941 2607 fidei
1946 2594 2112 2606 ......
2162 2559 2242 2604 155

455 2658 496 2710 ἓ.
530 2655 587 2699 X.
633 2653 811 2710 Pelagii
828 2653 1136 2711 Caelestiique
1162 2659 1331 2697 textus.
1378 2653 1702 2711 Argumentum
1725 2653 1908 2696 ductum
1933 2669 1989 2696 ex
2006 2653 2121 2696 anti-

395 2732 482 2774 quo
526 2730 648 2758 more
680 2715 952 2772 subjiciendi
983 2730 1124 2772 opera
1155 2714 1424 2772 praesertim
1457 2714 1713 2772 dogmatica
1742 2715 1971 2758 Romanae
2002 2713 2123 2758 sedis

388 2777 560 2834 judicio
565 2805 2112 2818 ....................................................
2162 2771 2244 2815 175

455 2856 494 2907 g.
530 2852 607 2895 XI.
657 2851 939 2895 Testimonia
957 2851 1006 2893 S.
1026 2850 1186 2908 Cyrilli
1203 2851 1423 2908 Episcopi
1439 2850 1756 2905 Alexandrini,
1788 2850 1953 2908 synodi
1968 2849 2122 2907 Ephe-

393 2915 519 2956 sinae
554 2911 892 2965 oecumenicae,
927 2910 1175 2955 Caelestini
1203 2913 1234 2955 I.
1273 2911 1484 2956 Auctoris
1510 2911 1824 2968 capitulorum
1855 2911 1912 2953 de
1945 2910 2122 2963 Gratia,

394 2982 441 3017 et
467 2973 606 3031 Xysti
630 2973 703 3016 ΠΙ.
745 3000 2113 3015 ..............................................
2159 2966 2241 3010 177

456 3051 496 3103 g.
529 3049 630 3092 XII.
690 3047 973 3091 Testimonia
989 3047 1038 3090 S.
1055 3046 1223 3089 Leonis
1239 3045 1411 3102 Magni.
1439 3075 2112 3087 .......................
2159 3042 2244 3087 182

458 3127 498 3178 ᾗ.
532 3124 652 3167 ΧΠΙ.
691 3123 761 3165 De
792 3124 934 3180 gestis
963 3122 1084 3166 circa
1108 3121 1405 3180 dogmaticam
1422 3119 1588 3163 Leonis
1616 3119 1852 3177 epistolam
1869 3119 1926 3162 ad
1942 3119 2121 3162 Flavia-

395 3201 496 3228 num
522 3183 788 3242 praesertim
816 3185 863 3227 in
891 3183 1078 3228 concilio
1107 3181 1477 3226 Calchedonensi.
1534 3179 1683 3232 Quale
1709 3194 1894 3223 examen
1922 3179 2122 3235 ejusdem

395 3246 614 3302 epistolae
640 3246 686 3288 in
715 3260 768 3287 eo
785 3245 1063 3298 institutum,
1097 3250 1146 3287 et
1162 3257 1279 3301 quae
1297 3255 1514 3285 concessa
1529 3240 1717 3284 libertas
1736 3241 1972 3291 examinis,
2002 3240 2121 3282 Pon--

396 3306 564 3349 tificiae
592 3306 878 3349 auctoritatis
905 3305 1015 3349 nihil
1041 3303 1374 3363 praejudicans.
1437 3301 1767 3346 Testimonium
1791 3301 1985 3344 Anatolii
2011 3300 2123 3358 Epi-

395 3366 523 3423 scopi
549 3366 1053 3423 Constantinopolitani.
1081 3391 2115 3408 ...................................
2162 3358 2245 3402 186

456 3444 496 3495 g.
530 3441 650 3483 XIV.
700 3439 1029 3484 Testimonium
1045 3442 1095 3485 S.
1111 3438 1240 3484 Petri
1257 3436 1541 3496 Chrysologi.
1604 3437 1925 3494 Argumentum
1943 3433 2123 3479 ductum

394 3500 764 3606 egltqgedientia,
797 3515 928 3558 quam
954 3502 1155 3546 Romano
1181 3499 1394 3544 Pontifici
1427 3498 1583 3541 deberi
1617 3498 1751 3541 etiam
1779 3497 2030 3542 adversarii
2058 3497 2120 3539 fa·
2163 3553 2240 3598 ¹97
