2314 3984
910 208 1568 266 -300—

1133 449 1182 519 §-
1211 448 1351 507 vui.

563 551 734 605 Lapsus
763 553 866 595 item
898 554 1066 596 Liberii
1095 566 1184 597 non
1209 556 1303 607 fuit
1332 558 1486 610 lapsus
1517 557 1783 610 definitionis
1803 558 1928 612 fidei.

460 638 548 694 28.
602 638 839 713 Seposito
878 640 1048 713 itaque
1086 640 1145 696 S.
1188 641 1335 698 Petri
1368 645 1513 717 lapsu
1534 685 1549 712 ,
1591 646 1676 717 qui
1699 656 1778 700 tot
1802 646 2086 700 nominibus
2112 647 2165 699 in

313 728 574 800 praesenti
600 729 898 800 quaestione
925 730 1127 784 obtrudi
1152 750 1254 785 uon
1281 742 1486 805 poterat
1505 774 1519 800 ,
1546 734 1823 801 videamuS,
1850 753 1969 787 num
1994 735 2164 807 lapsus

313 814 523 871 Liberio
550 826 602 871 et
626 815 856 871 Honorio
897 818 1125 872 attributi
1164 820 1327 892 aptius
1364 820 1684 893 ingerantur.
1738 819 1797 875 Si
1833 830 2023 875 certum
2063 839 2166 874 non

312 915 450 959 esset
476 924 547 960 ex
573 904 839 979 Scriptura
873 924 934 960 ac
969 908 1245 963 traditione
1279 910 1624 964 necessariam
1662 928 1778 964 csse
1803 909 2023 962 omnium
2048 908 2166 962 fide-

313 993 431 1046 lium
457 994 703 1048 unitatem
729 1013 840 1048 cum
865 995 976 1063 fide,
1005 1016 1151 1068 quam
1179 996 1403 1052 Romani
1427 997 1704 1053 Pontifices
1732 997 1880 1051 Petri
1905 1015 2165 1051 successo-

312 1101 396 1135 res
423 1100 494 1136 ex
519 1082 683 1136 officio
710 1083 957 1156 primatus
985 1085 1194 1152 docent,
1236 1095 1288 1140 61
1331 1087 1513 1141 docent
1539 1087 1734 1159 quidem
1761 1086 1812 1138 in
1835 1085 2165 1140 dissensioni-

308 1171 400 1224 bus
426 1171 568 1238 fidei,
605 1181 660 1224 ut
700 1190 770 1224 ex
810 1169 1005 1226 Christi
1041 1176 1278 1229 mandato
1317 1175 1539 1247 ejusdem
1574 1173 1785 1228 unitatis
1817 1175 1951 1227 bono
1988 1193 2165 1229 veram

309 1259 592 1312 doctrinam
617 1259 962 1326 declaranteS,
991 1263 1290 1317 confirment
1314 1265 1504 1316 fratres
1539 1263 1593 1316 in
1631 1263 1756 1330 fide3
1797 1262 2013 1315 dubitari
2046 1280 2163 1334 pos-

309 1355 413 1411 set,
442 1364 561 1398 num
587 1346 787 1416 quidam
814 1365 1020 1400 errores
1060 1349 1307 1420 aliquibus
1346 1349 1682 1403 Pontificibus
1718 1350 1950 1422 impacti,
1991 1359 2165 1403 essent

307 1433 418 1489 veri
445 1453 650 1488 errores
678 1434 820 1501 fidei,
849 1445 935 1488 aut
962 1435 1305 1490 definitionum
1331 1437 1474 1503 fidei,
1514 1438 1576 1490 ob
1613 1455 1738 1508 quos
1777 1437 1948 1490 unitas
1974 1437 2052 1490 his
2078 1437 2164 1490 ad-

307 1522 470 1576 hiberi
494 1542 589 1577 nec
612 1523 804 1596 possit,
832 1542 926 1578 nec
953 1525 1148 1578 debeat.
1201 1525 1277 1578 At
1303 1544 1412 1579 cum
1438 1524 1525 1577 illa
1552 1524 1762 1578 unitatis
1788 1525 2069 1580 necessitas
2094 1545 2163 1579 ex

306 1611 736 1684 propositionibus
775 1622 894 1667 ante
930 1613 1220 1668 constitutis
1256 1613 1323 1667 sit
1348 1613 1552 1667 omnino
1581 1624 1751 1682 certa,
1788 1613 2055 1668 manifeste
2082 1632 2163 1668 se—

307 1701 505 1771 quitur,
535 1701 817 1755 doctrinam
853 1701 995 1768 fidei,
1036 1722 1185 1773 quam
1223 1701 1447 1755 Romani
1472 1700 1749 1757 Pontifices
1768 1706 1887 1776 jure
1913 1703 2162 1776 primatus

307 1789 604 1843 definientes
630 1789 867 1855 tradunt,
895 1809 998 1843 non
1018 1809 1169 1863 posse
1197 1790 1364 1844 errori
1391 1791 1649 1864 deputari3
1691 1810 1748 1845 ac
1773 1791 1982 1864 proinde
2021 1810 2162 1844 erro-

307 1896 391 1932 res
427 1877 551 1951 ipsis
591 1878 873 1951 adscriptos
907 1897 1011 1931 non
1039 1898 1154 1933 esse
1181 1897 1385 1933 errores
1410 1878 1463 1931 in
1489 1879 1613 1943 fide,
1652 1879 1734 1933 vel
1762 1879 1806 1932 ei
1834 1880 1947 1933 fidci
1974 1880 2160 1933 doctri-

306 1985 403 2020 nae
430 1985 534 2019 non
561 1985 675 2020 esse
704 1968 1072 2033 accensendOS,
1100 1985 1228 2039 quae
1255 1967 1316 2019 ad
1341 1967 1455 2021 fidei
1493 1966 1810 2020 definitiones
1827 1969 1943 2039 jure
1977 1977 2028 2021 61
2053 1968 2161 2020 offi-

306 2055 383 2108 cio
410 2055 655 2127 primatus
682 2055 735 2108 in
760 2056 945 2109 bonum
981 2055 1194 2108 unitatis
1235 2055 1397 2108 editas
1437 2055 1702 2109 referenda
1729 2055 1818 2122 sit,
1859 2057 1946 2110 sed
1973 2057 2035 2109 ad
2062 2056 2162 2110 alia

305 2142 470 2215 capita
495 2143 779 2216 pertinere,
806 2144 859 2197 in
886 2144 1064 2215 quibus
1092 2144 1220 2198 316111
1245 2162 1347 2197 11011
1374 2144 1582 2197 debetur
1609 2162 1720 2197 cum
1747 2143 1870 2216 ipsis
1898 2143 2159 2198 Pontifici-

304 2231 395 2284 bus
420 2231 619 2299 unitas,
660 2234 1070 2303 quemadmodum
1110 2233 1318 2286 debetur
1356 2231 1409 2285 in
1437 2232 1669 2286 doctrina
1706 2232 1849 2300 fidei3
1878 2252 1971 2287 nec
1997 2234 2158 2287 locum

303 2320 490 2373 habent
518 2319 712 2376 Christi
737 2321 1132 2393 promissioneS,
1162 2340 1290 2392 quae
1319 2321 1462 2374 fidem
1489 2320 1794 2393 respiciunt3
1830 2322 1903 2375 ita
1929 2341 2157 2376 errorem

302 2407 516 2479 aliquem
542 2428 693 2481 posse
720 2410 906 2464 eisdem
934 2410 1198 2480 aliquando
1221 2411 1430 2463 subesse
1450 2428 1552 2461 non
1574 2419 1652 2462 est
1670 2408 1996 2480 impossibile.
2025 2410 2158 2464 Hinc

300 2506 415 2568 post
441 2498 731 2568 probatam,
773 2515 862 2550 seu
897 2498 1066 2569 potius
1094 2500 1493 2551 demonstratam
1527 2496 1884 2550 necessitatem
1911 2501 2019 2570 ejus
2045 2498 2156 2551 uni-

300 2583 448 2650 tatis,
476 2595 531 2636 ut
558 2585 739 2657 objecti
765 2603 969 2638 errores
996 2585 1097 2640 vim
1126 2585 1370 2638 haberent
1396 2584 1627 2637 idoneam
1645 2624 1658 2649 ,
1693 2584 1976 2638 adversarii
2002 2586 2155 2640 certis

301 2673 613 2726 documentis
640 2675 992 2727 demonstrare
1019 2675 1290 2739 deberent,
1332 2690 1419 2727 eos
1447 2690 1562 2725 esse
1590 2681 1758 2725 certos
1799 2691 2002 2727 errores
2038 2675 2155 2728 defi-

301 2760 547 2814 nitionum
574 2761 706 2828 fidei,
734 2762 795 2816 de
810 2762 989 2833 quibus
1008 2761 1352 2815 tantummodo
1373 2760 1426 2813 in
1443 2759 1849 2833 praesentiarum
1869 2770 1948 2814 est
1966 2779 2167 2833 sermm

298 2847 496 2903 Contra
535 2860 727 2904 certam
765 2851 978 2905 unitatis
1012 2850 1398 2916 necessitatem,
1436 2868 1564 2920 quae
1606 2859 1796 2903 certam
1822 2849 2154 2903 inerrantium

297 2941 500 2992 omnino
529 2939 805 3011 efflagitat,
832 2939 1116 3013 probabiles
1141 2948 1338 2992 tantum
1364 2938 1759 3010 conjectationes
1775 2978 1790 3004 ‚
1829 2956 1956 3007 quae
1983 2948 2150 2990 certos

297 3027 640 3081 definitionum
667 3047 871 3083 errores
908 3047 1011 3082 non
1049 3027 1428 3090 demonstrent,
1463 3025 1841 3096 haudquaquam
1879 3025 2146 3078 sufficiunt.

298 3115 511 3189 Semper
537 3116 671 3170 enim
705 3117 1004 3189 praevalere
1040 3115 1169 3188 apud
1196 3113 1468 3168 catholicos
1506 3114 1652 3167 debet
1687 3113 1773 3165 illa
1810 3113 2020 3167 unitatis
2059 3133 2148 3168 ne-

298 3204 541 3270 cessitaS,
570 3205 647 3258 6111
675 3214 726 3258 61
751 3203 1018 3278 Scriptura
1044 3213 1095 3258 et
1120 3201 1325 3256 traditio
1353 3200 1686 3273 apertissimis
1711 3201 2019 3255 testimoniis
2047 3204 2149 3255 suf-

296 3294 586 3363 stagnatur,
635 3303 686 3347 et
736 3312 805 3347 ex
850 3313 947 3365 qua
985 3292 1248 3346 Romanae
1297 3289 1563 3343 cathedrae
1601 3289 1928 3343 infallibilitas
1956 3287 2149 3344 Christi

295 3380 559 3453 promissis
588 3400 646 3434 ac
673 3381 885 3435 Patrum
911 3380 1182 3434 traditione
1207 3368 1391 3431 innixa
1416 3378 1489 3431 ita
1524 3378 1864 3449 consequitur,
1891 3389 1947 3431 ut
1971 3398 2063 3452 per
2090 3398 2145 3433 36

297 3487 353 3522 36
380 3487 584 3522 errores
610 3469 723 3523 fidei
762 3488 863 3522 non
889 3469 1095 3523 omnino
1123 3477 1292 3523 certos
1320 3485 1379 3521 ac
1405 3467 1779 3521 demonstratos
1807 3487 1837 3520 a
1864 3465 2144 3522 Pontificiis

297 3556 666 3611 definitionibus
693 3575 904 3630 prorsus
931 3557 1182 3612 excludat.
