2320 3990
852 265 1028 272 ——.—
1139 252 1180 287 ¹
1293 265 1469 274 —ffl—

371 403 431 460 7.
491 399 863 458 Temeraria
886 420 957 459 ea
980 403 1212 480 dicitur,
1261 422 1404 478 quae
1428 407 1636 480 absque
1672 408 1839 482 gravi
1872 407 2083 465 funda-

235 511 419 563 mento
477 507 534 562 in
592 506 825 561 materia
883 503 1011 562 fidei
1069 511 1125 564 et
1169 523 1384 562 morum
1429 507 1766 566 adversatur
1810 513 2084 567 communi

235 610 669 668 orthodoxorum
693 606 1121 686 Theologorum
1149 611 1459 666 sententiae
1480 650 1498 686 7
1546 628 1745 670 eamve
1770 614 2082 690 impugnat.

365 713 426 770 8.
481 711 904 790 Scandalosa,
955 702 1096 788 quae
1135 715 1189 769 in
1220 714 1462 770 >materia
1497 711 1624 768 fidei
1651 717 1707 770 et
1730 733 1944 772 morum
1975 734 2081 773 oc-

234 818 515 872 casionem
553 816 773 871 errandi
812 815 938 893 dat,
989 820 1046 890 et
1090 816 1320 891 proinde
1361 818 1555 872 ruinae
1601 818 1939 895 spiritualis⁷
1987 821 2080 876 vel

232 918 518 976 avocando
545 935 579 973 a
602 920 864 974 virtutum
890 917 1181 997 exercitio,
1220 919 1315 975 vel
1340 918 1410 975 ad
1435 926 1725 995 peccatum
1749 922 2079 979 inclinando.

362 1022 422 1078 9.
473 1020 735 1077 Piarum
762 1018 1016 1076 aurium
1039 1020 1379 1100 offensiva7
1428 1040 1571 1098 quae
1609 1043 1835 1080 sensum
1872 1027 2078 1082 absur-

230 1126 357 1182 dum
380 1125 582 1202 habet,
624 1143 658 1180 a
683 1126 954 1181 communi
979 1124 1209 1183 Patrum
1235 1130 1290 1182 et
1316 1124 1795 1184 scholasticorum
1818 1127 2078 1202 loquendi

227 1246 379 1285 more
430 1228 851 1301 abhorrentem3
910 1229 1141 1304 proinde
1187 1232 1308 1305 pias
1359 1248 1526 1286 aures
1579 1231 1840 1308 offendit,
1889 1236 2077 1307 utpote

226 1331 545 1388 indecorum
570 1332 697 1405 quid
721 1308 1013 1406 proferens
1042 1333 1111 1390 de
1134 1332 1260 1390 Deo
1289 1339 1344 1389 et
1368 1331 1610 1391 Sanctis,

359 1434 460 1490 10.
508 1432 676 1488 Male
699 1453 931 1490 sonans
942 1475 963 1507 9
991 1453 1133 1509 quae
1157 1437 1292 1492 licet
1315 1437 1526 1491 nullam
1550 1438 1857 1493 haereseos
1884 1440 2075 1512 suspi-

225 1540 439 1594 cionem
464 1538 721 1613 ingerat,
759 1542 945 1593 tamen
970 1538 1139 1593 habet
1163 1540 1337 1594 verba
1360 1540 1702 1615 incongrua,
1745 1557 1778 1594 a
1804 1542 2077 1596 communi

220 1641 451 1698 Patrum
478 1646 533 1697 et
557 1638 1035 1697 Scholasticorum
1065 1642 1324 1716 loquendi
1350 1660 1503 1698 more
1531 1643 1905 1698 abhorrentia.

362 1744 460 1799 11.
516 1741 902 1817 Simplicium
933 1743 1290 1815 seductiva,
1341 1762 1483 1818 quae
1510 1746 1608 1800 sub
1636 1747 1824 1820 specie
1851 1747 2073 1819 pietatis

223 1865 472 1903 errorem
508 1850 710 1922 tegens
753 1851 883 1920 apta
909 1850 995 1900 est
1019 1845 1090 1900 ad
1116 1848 1396 1922 simplices
1422 1846 1665 1903 fidelium
1691 1852 1904 1904 mentes
1932 1866 2071 1922 per-

221 1950 535 2007 vertendas,

355 2054 452 2110 12.
507 2051 960 2130 ›S'chi.‹›²matica7
1011 2071 1152 2128 quae
1204 2055 1351 2109 viam
1400 2056 1579 2129 aperit
1627 2054 1698 2110 ad
1745 2054 2072 2111 seditionem

220 2163 275 2213 et
300 2158 627 2213 divisionem
666 2158 731 2212 ab
758 2155 1022 2213 Ecclesia
1041 2198 1058 2233 7
1107 2158 1202 2213 vel
1228 2175 1370 2231 quae
1397 2159 1579 2214 turbat
1604 2157 1853 2214 ordinem
1881 2163 1935 2214 et
1959 2176 2069 2233 pa-

218 2278 340 2316 cem
365 2257 695 2337 Ecclesiae,
745 2259 939 2316 fideles
966 2261 1031 2316 ab
1056 2258 1285 2315 Unitate
1310 2260 1624 2316 retrahens,

357 2364 455 2420 13.
507 2362 860 2441 Injariosa7
912 2381 1052 2437 quae
1080 2365 1284 2434 statui,
1333 2363 1428 2418 vel
1454 2368 1643 2419 certae
1669 2381 1947 2438 personae
1973 2365 2067 2418 in-

208 2467 416 2539 juriam
454 2467 589 2522 facit
603 2486 619 2539 3
670 2472 725 2523 et
763 2469 810 2522 si
838 2466 963 2522 Deo
991 2466 1085 2522 vel
1112 2463 1335 2522 Sanctis
1347 2504 1368 2537 ,
1417 2469 1544 2520 tunc
1584 2472 1670 2523 est
1710 2465 2068 2541 blasphema

217 2574 272 2625 et
307 2567 520 2643 impia.

349 2670 424 2727 Et
447 2674 590 2728 istae
617 2674 867 2750 quidem,
911 2674 1129 2729 omissis
1169 2674 1408 2749 cete1·iS‚
1453 2689 1526 2727 cx
1550 2674 1847 2729 verborum
1872 2676 2066 2727 tenore

214 2775 380 2831 facile
427 2776 840 2853 intelligendIS‚
890 2778 1193 2833 consuetae
1243 2779 1368 2830 sunt
1405 2792 1711 2846 censurae,
1762 2792 1898 2848 quas
1940 2772 2066 2829 Ec-

215 2879 422 2956 clesia,
470 2897 570 2954 pro
610 2879 834 2937 diverso
873 2898 998 2935 cum
1033 2878 1139 2935 fide
1179 2879 1540 2954 oppositionis
1578 2877 1761 2954 gradu
1787 2877 2065 2952 diversaS‚

216 2984 494 3038 erroribus
521 2982 819 3038 inurendas
847 2982 1112 3038 adhibere
1138 2981 1303 3035 solet.
1370 2979 1532 3035 Unde
1557 2981 1664 3035 hoc
1691 2978 1913 3035 tandem
1937 2978 2064 3033 luce

214 3083 522 3140 meridiana
570 3084 775 3139 clarius
826 3087 1094 3159 apparet,
1144 3086 1486 3156 quantopere
1539 3086 1594 3137 et
1634 3098 1798 3155 quam
1833 3082 2066 3155 turpiter

216 3204 406 3243 omnes
440 3187 532 3242 isti
568 3185 1016 3257 hallucinentur,
1066 3186 1156 3260 qui
1186 3182 1553 3241 omnimodam
1578 3184 1883 3254 sentiendi,
1933 3185 2064 3258 opi-

215 3289 415 3367 nandi,
465 3307 531 3345 ac
566 3288 879 3365 disputandi
913 3290 1227 3346 libertatem
1258 3289 1359 3344 sibi
1398 3289 1715 3361 competere
1756 3290 2063 3361 autumant,

214 3394 429 3467 quoties
470 3409 743 3466 expressa
770 3391 1071 3450 Ecclesiae
1098 3389 1414 3448 definitione
1439 3407 1547 3446 non
1573 3395 1936 3447 coerceantur
1963 3406 2063 3444 seu

214 3494 599 3570 impediantur.
