2314 3984
689 253 1341 328 *ma-—

110 429 387 496 lffltfiori.
415 422 543 479 Cum
567 423 966 479 mrsubinde
994 423 1123 475 lecta
1146 420 1323 473 fuisset
1332 417 1778 490 Leonissepistola,
1801 437 1930 472 com·

109 511 209 568 oit'u'
231 509 416 564 Patres
437 509 612 578 statim
638 527 747 562 eam
774 510 906 561 nullo
933 507 1163 561 imit-itum
1189 504 1426 560 examine
1451 504 1656 575 perinde
1692 522 1928 576 moelie-

110 606 251 662 runt‚
288 614 346 649 nc
380 597 424 648 si
463 614 494 648 a
532 591 589 648 S.
619 593 775 647 Petro
802 594 1048 666 Apostolu
1067 589 1607 661 2edita.fi1isset--(Col.
1638 590 1796 644 1235.
1822 590 1920 662 eL).

111 682 402 736 Anatliema
429 685 505 742 ei,
533 686 624 750 qui
647 701 751 734 non
779 685 855 734 ita
880 681 1068 733 eredit.
1126 678 1323 730 Petrus
1353 696 1461 746 per
1485 676 1717 728 Leonem
1749 679 1830 729 ita.
1852 678 1926 729 lo-

109 776 306 839 quutus·
325 775 414 820 ρει.
465 766 606 819 Nihil
629 786 720 839 pro
744 764 1150 838 Apostoliearum
1174 762 1512 815 definitionum
1539 762 1839 816 auctoritate
1862 762 1930 815 il-

110 854 330 918 lustrius,
353 853 443 906 boc
465 853 719 924 generalis
742 850 938 906 concilii
957 847 1261 912 testimonio,
1285 848 1413 917 quod
1432 845 1490 900 S.
1508 846 1717 900 Petrum
1739 847 1793 900 in
1819 847 1923 900 suis

109 938 475 992 suecessoribus
501 939 890 992 definientemset
912 936 1193 1005 loquentem
1220 934 1449 1004 agnoscit
1474 931 1618 1003 (Col.
1637 934 1794 987 1403.
1821 934 1921 1005 b-.),

112 1024 182 1078 ita
218 1035 269 1076 ut
303 1025 364 1078 ab
399 1043 458 1078 eo
496 1024 808 1086 discordare,
842 1031 928 1074 aut
960 1021 1019 1074 de
1056 1019 1270 1073 definitis
1297 1019 1586 1072 abdubitare
1610 1039 1710 1072 non
1749 1021 1922 1072 liceat:

112 1110 236 1163 unde
261 1118 312 1164 et
336 1109 609 1164 actione4.
633 1106 819 1160 Patres
842 1107 1022 1160 iterum
1048 1107 1415 1160 clamaverunt:
1451 1107 1557 1164 Qui
1579 1124 1685 1156 non
1711 1125 1924 1158 consen-

109 1198 172 1246 tit
195 1197 451 1263 epistolae
487 1197 805 1247 sanctissimi
838 1195 1099 1263 Episcopi
1123 1193 1348 1254 Leonis,
1374 1193 1674 1245 haereticus
1700 1199 1790 1244 est.
1842 1188 1923 1241 En

109 1297 382 1333 consensus
407 1290 458 1332 et
483 1279 693 1332 unitatis
721 1280 1014 1332 necessitas.

249 1365 336 1420 69.
366 1365 636 1419 Tractatus
663 1365 916 1434 quidemet
930 1384 1147 1418 examen
1161 1365 1354 1434 aliquod
1369 1365 1584 1435 ejusdem
1595 1364 1835 1435 epistolae
1848 1363 1925 1415 in-

110 1451 331 1503 stitutum
342 1452 431 1503 fuit
446 1453 535 1504 sub
548 1452 692 1504 finem
704 1452 948 1504 secundae
962 1451 1174 1503 actionis
1189 1450 1287 1522 (T.
1302 1451 1354 1504 4.
1371 1449 1528 1506 Cone.
1546 1450 1639 1502 col.
1657 1449 1812 1502 1239.
1825 1449 1923 1517 b.),

110 1538 464 1590 dubitantibus
493 1540 818 1608 Illyricianis
845 1545 898 1589 et
909 1538 1252 1598 Palaestinis,
1278 1555 1378 1589 non
1404 1537 1532 1607 quod
1542 1535 1729 1588 licitum
1756 1535 1924 1587 crede—

110 1632 246 1674 retur
270 1623 329 1675 de
355 1642 416 1676 ea
441 1624 664 1675 dubitare
680 1662 694 1687 ‚
721 1623 807 1676 sed
834 1631 891 1676 ut
915 1627 1005 1692 qui
1029 1625 1341 1676 dubitabant
1365 1627 1697 1675 docerentur.
1723 1619 1924 1674 Novum

109 1725 322 1760 examen
347 1707 439 1760 hoe
464 1708 669 1760 consilio
695 1710 875 1759 factnun
902 1709 1048 1760 etiam
1077 1709 1210 1761 circa
1222 1726 1395 1760 sacras
1410 1706 1698 1777 Scripturas
1722 1716 1773 1759 et
1794 1707 1926 1760 circa

109 1791 418 1845 definitiones
431 1793 739 1862 generalium
754 1793 1087 1856 conciliormn,
1114 1792 1237 1844 nihil
1246 1810 1506 1863 supremae
1529 1792 1740 1843 istorum
1756 1801 1926 1844 aucto-

113 1876 248 1928 ritati
263 1878 586 1948 praejudicat,
597 1889 650 1930 ut
663 1879 941 1932 monuimus
953 1898 1086 1931 nimi.
1103 1879 1191 1932 59.
1207 1876 1334 1931 Cum
1349 1879 1408 1931 (le
1419 1877 1649 1930 docendis
1664 1887 1715 1930 et
1728 1878 1925 1932 convin-

111 1961 276 2014 cendis
301 1962 632 2016 dubitantibus
658 1974 742 2016 aut
767 1965 1156 2036 repugnantibus
1184 1965 1366 2035 agitur,
1393 1982 1494 2016 non
1521 1983 1583 2017 ea
1608 1964 1924 2027 auctoritate,

112 2065 237 2115 quae
262 2047 313 2098 in
340 2050 733 2104 controversiam
759 2050 911 2114 cadit,
939 2052 1170 2104 utendum
1196 2060 1290 2115 est,
1320 2051 1405 2103 sed
1430 2069 1499 2102 ex
1526 2050 1635 2102 aliis
1662 2051 1924 2103 momentis

113 2141 162 2183 et
189 2135 562 2187 auctoritatibus
578 2137 701 2205 apud
725 2136 861 2205 ipsos
874 2137 1073 2188 minime
1100 2136 1255 2188 dubiis
1282 2137 1535 2189 doctrinae
1563 2138 1780 2206 ejusdem
1807 2155 1924 2188 con-

115 2218 344 2270 sonantia
369 2229 446 2271 est
471 2221 765 2273 declaranda
786 2260 800 2285 ,
828 2230 877 2273 et
902 2222 1212 2274 difficultates
1228 2261 1241 2286 ,
1270 2222 1313 2274 si
1338 2241 1462 2290 quae
1488 2222 1780 2292 impediant,
1809 2230 1924 2272 sunt

114 2303 444 2374 disjiciendae.
472 2305 546 2358 Ita
572 2315 621 2359 et
646 2304 702 2358 S.
726 2305 835 2359 Leo
863 2308 923 2359 ad
949 2309 1330 2378 compescendos
1355 2308 1548 2379 priores
1575 2308 1808 2360 tumultus
1835 2308 1924 2359 sub

116 2387 398 2442 Theodosio
426 2391 678 2444 excitatos
706 2393 1030 2446 auctoritates
1056 2391 1266 2446 Patrum
1294 2394 1555 2457 collectaS,
1595 2411 1721 2462 quae
1746 2393 1798 2444 in
1825 2392 1926 2446 edi-

114 2474 244 2528 tione
271 2476 588 2539 conciliorum
612 2477 850 2548 epistolae
876 2481 936 2531 ad
959 2478 1256 2533 Flavianum
1282 2479 1454 2550 subjici
1481 2481 1645 2531 solent
1684 2477 1806 2549 (Ep.
1837 2479 1922 2532 77.

113 2560 175 2610 al.
205 2559 351 2631 53.),
379 2563 439 2613 ad
465 2563 685 2616 eumdem
708 2562 1063 2634 Imperatorem
1089 2565 1382 2630 transmisit,
1410 2576 1463 2617 ut
1489 2583 1558 2618 ex
1582 2565 1800 2635 ipsarum
1825 2564 1925 2616 col-

115 2644 295 2696 latione
315 2648 532 2715 ejusdem
566 2649 820 2700 doctrinae
853 2651 1166 2703 concordiam
1199 2650 1405 2719 quisque
1437 2650 1766 2720 perspiceret:
1797 2650 1925 2702 unde

116 2728 166 2778 iu
191 2729 397 2797 epistola
424 2732 484 2782 ad
507 2732 667 2804 ipsum
693 2733 976 2804 Principem
1002 2745 1115 2805 post
1153 2735 1396 2787 indicatas
1435 2736 1674 2805 ejusmodi
1709 2735 1925 2787 auctori-

116 2822 243 2865 tates
269 2824 489 2883 patrum,
517 2820 640 2870 Non
667 2827 1008 2888 aspernetur,
1033 2820 1190 2887 inquit
1217 2818 1338 2888 (Ep.
1366 2819 1515 2883 69.),
1541 2840 1707 2871 meam
1735 2824 1924 2886 episto-

117 2899 222 2949 lum
246 2918 545 2964 recensere,
584 2924 740 2972 quam
766 2909 963 2974 pietati
1000 2905 1226 2957 Patrum
1250 2923 1354 2971 per
1394 2908 1566 2956 omnia
1593 2908 1923 2958 concordare

115 2989 358 3051 reperiet.
409 2985 622 3058 ldipsum
647 2989 754 3042 fieri
779 2990 934 3054 solet,
972 3009 1082 3042 cum
1119 2991 1178 3042 de
1215 2989 1414 3060 proprio
1434 2990 1617 3060 judicio
1637 3029 1650 3055 ,
1677 3000 1728 3043 et
1753 2991 1812 3043 de
1842 3009 1924 3043 ra-

114 3069 249 3120 tione
285 3071 529 3127 reddenda
566 3075 759 3144 agitur,
799 3094 862 3128 ne
888 3094 1036 3128 caeco
1063 3077 1204 3127 modo
1226 3115 1240 3139 ,
1281 3094 1338 3128 ac
1367 3093 1435 3127 ex
1460 3077 1923 3147 praeoccupatione,

118 3154 203 3204 sed
236 3172 302 3205 ex
348 3154 519 3211 intimo
566 3178 715 3213 sensu
757 3180 815 3213 ac
847 3162 1171 3231 persuasione
1196 3161 1431 3231 judicium
1479 3162 1632 3213 latum
1670 3172 1923 3232 appareat,

118 3239 315 3290 tametsi
339 3252 566 3294 versetur
592 3245 724 3298 cir-ca
750 3265 873 3311 rem,
900 3266 1025 3316 qnae
1051 3265 1268 3299 summae
1295 3246 1360 3298 sit
1386 3247 1702 3300 auctoritatis
1729 3266 1786 3300 ac
1813 3267 1922 3302 cer-

117 3324 339 3376 tissimae
363 3325 492 3378 fidei.
541 3327 619 3381 Ita
642 3341 807 3384 certae
831 3332 942 3384 fidei
980 3342 1088 3384 erat
1127 3333 1252 3402 apud
1289 3331 1472 3385 Patres
1499 3331 1921 3387 Calchedoneusis

119 3411 342 3463 doctrina
356 3409 617 3466 Leoninae
641 3415 700 3466 ad
721 3414 1012 3471 Flavianum
1040 3418 1295 3488 epistolae,
1322 3436 1468 3486 quam
1494 3428 1610 3471 ante
1629 3437 1774 3472 omne
1794 3438 1921 3472 exa-

119 3513 228 3547 men
253 3498 466 3549 secunda
492 3498 687 3551 actione
711 3513 1040 3574 susceperant
1078 3503 1227 3556 veluti
1265 3503 1327 3555 ab
1353 3503 1459 3574 ipso
1485 3502 1541 3557 S.
1568 3503 1727 3559 Petro
1755 3508 1920 3576 prola-
