2314 3984
930 208 1595 267 ——fflfflss

1144 403 1192 473 g.
1233 375 1393 460 Vin?

340 507 569 559 Resellitur
612 505 839 548 distinctio
882 507 998 549 inter
1037 509 1207 561 sedem,
1248 503 1526 563 cathedram,
1562 517 1632 557 vel
1673 513 1912 559 Ecclesiam
1946 517 2194 558 Romanam

332 571 374 608 et
406 567 632 608 Romanos
649 564 881 618 Pontifices
913 569 966 610 ab
998 569 1265 612 adversariis
1294 563 1652 627 ingesta‚sseaque
1675 575 1835 630 inepta
1867 577 2114 619 ostenditur
2143 576 2193 617 in,

329 627 553 679 praesenti
585 631 873 683 argumento,
913 629 990 671 ubi
1021 629 1074 670 de
1104 631 1150 672 vi
1180 632 1378 674 coactiva
1426 633 1647 685 primatus
1683 638 1868 690 propria
1899 641 1941 679 et
1969 636 2193 692 personali

331 687 576 729 eorumdem
613 686 874 739 Pontificum
905 690 1070 742 agitur.
1135 691 1418 743 Refelluntur
1449 705 1619 747 quoque
1660 696 1746 738 duo
1776 698 1876 740 alia
1917 698 2191 752 adversario-

328 760 427 788 rum
458 747 649 800 effugia,
681 761 758 790 seu
791 749 1063 792 conditiones
1094 751 1221 803 duae,
1255 765 1366 806 quas
1398 754 1468 795 iili
1507 754 1556 795 in
1589 753 1837 807 Pontificiis
1868 758 2050 800 decretis
2082 758 2190 809 dog-

329 808 503 850 maticis
533 809 788 862 requirunt,
819 813 872 851 ut
903 814 1065 862 cogant
1094 822 1240 854 omnes
1272 814 1330 855 ad
1349 810 1459 863 side-i
1488 815 1715 864 unitatem,
1746 818 1967 870 nimirum,
1999 818 2040 858 st·
2070 816 2187 867 ejus-

329 869 448 910 modi
479 870 651 912 decreta
692 882 744 911 ecc
786 871 1018 914 cathedrae
1059 873 1286 916 Romanae
1327 875 1551 928 doctrina,
1594 889 1648 918 ac
1693 877 1932 919 traditione
1972 879 2190 919 commu-ni

391 927 615 973 Ecclesiae
647 931 885 973 catholicae
916 932 1035 975 edita
1065 934 1170 985 sint,
1202 937 1270 976 vel
1300 936 1340 976 si
1370 936 1483 988 ipsis
1516 935 1935 979 accedatEcclesz‘ae
1968 939 2130 979 tacitus

1043 996 1193 1036 saltem
1227 1007 1474 1040 consensus.

478 1075 568 1130 23.
623 1076 754 1132 Post
790 1088 893 1132 tam
932 1080 1179 1134 solemnia
1216 1092 1267 1136 et
1303 1099 1554 1156 expressa
1581 1082 1947 1157 Episcoporum
1977 1083 2191 1138 Gallica-

330 1183 537 1232 norum,
566 1175 617 1219 et
641 1167 944 1240 praesertim
971 1167 1212 1223 Bossueti
1237 1170 1555 1238 testimonia,
1597 1171 1774 1243 quibus
1801 1171 2081 1226 necessitas
2109 1191 2192 1225 as-

330 1253 522 1306 seritur
540 1254 755 1308 unitatis
780 1255 1094 1328 potissimum
1120 1258 1234 1311 fidei
1263 1277 1373 1312 cum
1400 1258 1668 1327 Romana,
1697 1259 1811 1331 quid
1837 1277 1960 1332 opus
1987 1269 2067 1313 est
2094 1260 2192 1314 alia

329 1341 514 1406 multa,
543 1358 674 1410 quae
699 1352 906 1414 praesto
942 1343 1062 1395 mihi
1100 1353 1248 1410 sunt,
1287 1333 1696 1399 adversariorum
1735 1345 2114 1417 Theologormn
2141 1357 2193 1400 et

330 1424 731 1482 Canonistarum
758 1430 1063 1484 recentioris
1091 1449 1286 1502 quoque
1314 1431 1427 1486 aevi
1451 1431 1743 1486 testimonia
1762 1432 1815 1485 in
1840 1433 2055 1486 medium
2075 1452 2194 1506 pro-

330 1516 496 1583 ferre,
523 1527 580 1570 ut
605 1516 657 1570 in
686 1518 858 1572 eadem
886 1537 943 1572 re
971 1520 1249 1573 communis
1275 1519 1488 1574 istorum
1519 1521 1670 1574 etiam
1699 1538 1978 1575 consensus
2010 1522 2192 1595 probe-

339 1606 449 1657 tur?
501 1603 615 1660 Jam
652 1606 785 1659 enim
825 1625 1002 1661 omnes
1030 1609 1306 1662 concordes
1346 1628 1457 1663 cum
1483 1609 1797 1663 laudatorum
1821 1607 2190 1683 Episcoporum

330 1693 585 1760 doctrina,
622 1694 867 1748 unitatem
906 1695 1020 1749 fidei
1071 1696 1291 1749 omnium
1331 1694 1739 1751 Christianorum
1780 1715 1888 1750 cum
1924 1696 2190 1752 Romanae

330 1780 464 1834 sedis
481 1821 494 1847 ,
525 1782 819 1845 cathedrae,
847 1791 998 1854 atque
1022 1780 1289 1839 Ecclesiae
1325 1786 1418 1840 fide
1445 1784 1789 1838 necessariam
1815 1787 2057 1840 fatentur.
2105 1785 2190 1840 Ne

329 1886 454 1923 vero
484 1868 733 1942 quidpiam
761 1870 1066 1925 dissimulem
1083 1912 1096 1938 ,
1125 1873 1253 1943 quod
1279 1872 1494 1926 istorum
1523 1891 1824 1927 consensum
1851 1884 2026 1947 posset
2050 1874 2191 1926 infir-

327 1974 499 2024 mare,
529 1968 580 2010 et
605 1958 771 2012 minus
800 1958 962 2013 cautis
989 1978 1092 2012 non
1119 1961 1281 2015 levem
1307 1961 1648 2015 difficultatem
1675 1961 1937 2034 ingerere,
1967 1947 2195 2015 animadss

326 2046 624 2100 vertendum
653 2057 758 2113 est,
798 2047 937 2120 ipsos
966 2047 1301 2120 apertissimis
1327 2048 1616 2102 traditionis
1652 2049 1959 2103 testimoniis
1987 2060 2189 2104 coactos

324 2133 474 2186 fateri
503 2133 725 2204 quidem,
755 2130 1079 2188 Christianos
1118 2153 1296 2189 omnes
1332 2136 1514 2190 debere
1547 2136 1821 2191 convenire
1859 2155 1971 2190 cum
1998 2135 2191 2189 Roma-

326 2239 423 2275 nae
452 2222 609 2288 sediS,
639 2221 938 2289 cathedrae,
968 2241 1057 2276 seu
1082 2221 1347 2278 Ecclesiae
1373 2224 1498 2292 fide3
1528 2234 1580 2277 at
1607 2224 1750 2278 simul
1792 2223 2090 2296 ingerentes
2116 2224 2191 2276 di-

326 2310 649 2364 stinctionem
692 2310 939 2364 celebrem
985 2311 1120 2365 inter
1159 2311 1444 2365 Romanam
1483 2313 1680 2380 sedem,
1733 2311 2050 2377 cathedram,
2099 2329 2190 2365 seu

325 2397 634 2466 Ecclesiam,
676 2418 735 2452 ac
771 2398 905 2452 inter
944 2397 1223 2454 Pontifices
1250 2399 1545 2467 RomanOS,
1585 2400 1669 2471 qui
1706 2419 1815 2454 eam
1843 2401 2012 2454 sedem
2040 2409 2190 2470 atque

325 2486 614 2539 cathedram
642 2497 906 2557 occupant,
936 2487 1081 2557 eique
1106 2498 1352 2559 praesunt
1371 2485 1637 2540 Ecclesiae
1659 2488 1982 2552 contendere,
2010 2505 2189 2539 neces-

325 2574 547 2640 sitatem,
576 2591 723 2644 quam
746 2592 816 2627 ex
835 2574 1109 2628 traditione
1136 2592 1327 2646 negare
1355 2591 1458 2627 non
1485 2583 1715 2646 possunt,
1745 2573 2047 2627 adhaerendi
2075 2573 2188 2627 fidei

326 2660 595 2715 Romanae
623 2661 788 2728 sedis,
832 2661 1129 2728 cathedrae,
1171 2681 1259 2716 seu
1287 2660 1586 2729 Ecclesiae,
1625 2680 1728 2714 non
1761 2662 1980 2734 probare
2011 2680 2186 2734 parem

327 2768 420 2803 seu
461 2750 745 2803 absolutam
785 2751 1146 2804 necessitatem
1187 2749 1518 2806 conveniendi
1556 2767 1669 2802 cum
1708 2748 1801 2802 fide
1840 2748 2188 2803 Romanorum

325 2837 658 2904 Pontificum,
701 2839 760 2892 de
802 2858 899 2910 qua
935 2848 1133 2892 tantum
1161 2838 1513 2910 quaestionem
1539 2846 1775 2905 movent3
1816 2837 2008 2909 hocque
2035 2856 2187 2891 sensu

326 2945 381 2980 se
410 2925 712 2980 subtrahunt
750 2945 777 2979 a
818 2926 1126 2980 testimoniis
1165 2925 1488 2992 traditionis,
1527 2945 1655 2997 quae
1688 2927 1796 2979 fere
1833 2925 1892 2978 de
1919 2924 2186 2978 Romanae

324 3014 490 3080 sedis,
530 3034 621 3068 seu
657 3015 955 3081 cathedrae,
991 3015 1075 3069 vel
1109 3012 1374 3068 Ecclesiae
1411 3014 1506 3066 fide
1546 3015 1834 3084 loquuntur.
1884 3011 2184 3064 Absolutam

323 3102 683 3158 necessitatem
720 3103 982 3175 inquiunt,
1040 3101 1159 3172 quia
1197 3100 1591 3154 conditionatam
1632 3099 1925 3166 admittunt,
1974 3118 2187 3154 necesse

324 3192 456 3246 enim
484 3211 600 3246 esse
627 3193 851 3245 fatentur
890 3190 1166 3246 convenire
1193 3208 1302 3243 cum
1342 3189 1435 3242 fide
1475 3186 1779 3241 Pontificum
1817 3187 2188 3241 definitionibus

325 3281 634 3347 constituta,
671 3280 716 3333 si
753 3280 836 3335 vel
875 3289 1077 3333 constet
1116 3296 1204 3331 eos
1243 3275 1478 3330 definisse
1519 3293 1589 3328 ex
1626 3275 1876 3329 communi
1918 3273 2184 3329 Ecclesiae

323 3367 654 3440 Apostolicae
681 3368 803 3434 fide,
845 3377 932 3421 aut
968 3364 1398 3430 traditionesw'el
1439 3363 1482 3415 si
1522 3363 1741 3418 definitis
1771 3364 1975 3417 accedat
2001 3362 2186 3416 tacitus

324 3456 504 3509 saltem
530 3453 794 3510 Ecclesiae
822 3474 1132 3521 consensus,
1161 3462 1231 3507 ex
1259 3472 1353 3523 quo
1384 3470 1471 3505 cos
1501 3470 1571 3505 ex
1599 3451 1844 3505 communi
1873 3451 1966 3504 fide
1993 3469 2051 3504 ac
2079 3460 2186 3503 tra·

324 3543 515 3598 ditione
537 3543 772 3598 definisse
796 3544 1180 3616 cognoscamus.
1209 3540 1285 3595 Ita
1315 3551 1361 3595 el
1393 3539 1646 3594 distinctio
1675 3539 1809 3593 inter
1837 3539 2005 3592 sedem
2036 3548 2186 3608 atquc
