2320 3990
905 213 1081 222 ..-
1171 145 1527 238 ω’*-

288 363 393 406 tum
427 351 512 424 qui
548 370 823 406 commane
861 354 1024 404 totius
1059 351 1625 408 catholicaewnitatis
1663 360 1906 407 centrum
1932 360 2026 406 est.
2079 350 2150 404 Et

287 460 390 496 non
417 439 716 495 absimiliter
751 441 807 491 in
849 437 1222 492 Variationum
1256 440 1491 493 historia
1502 441 1607 494 alib.
1637 442 1689 497 7.
1717 459 1770 494 n.
1800 441 1887 496 70.
1917 459 2007 495 eos
2033 439 2147 492 An-

287 530 516 603 glieanos
541 525 870 601 perstringit,
910 526 995 598 qui
1019 529 1328 583 maluerant
1354 531 1514 581 etiam
1541 531 1904 600 inveliyionis
1930 532 2148 600 neyotio

291 619 494 688 Reyem
520 625 687 687 caput
712 617 940 679 habere,
979 637 1139 688 quam
1177 620 1234 670 in
1261 617 1526 670 cathedra
1572 617 1628 669 S.
1648 617 1817 671 Pam·
1852 637 2150 689 aynoscere

276 709 618 776 princip-ium
652 726 686 758 a
723 705 847 758 Deo
881 708 1182 759 institut-am
1218 706 1284 760 ob
1321 708 1577 759 unitatem
1621 703 1991 760 christianam.
2046 703 2150 759 Sed

288 795 411 848 haec
431 793 597 866 potius
619 803 801 847 contra
818 793 1106 848 haereticos
1127 793 1426 867 disputanda
1453 811 1600 864 quam
1623 801 1803 846 contra
1829 792 2150 848 adversarios

288 881 566 935 catholicos
607 880 692 952 qui
727 882 821 935 hac
855 881 909 935 in
947 901 1004 936 re
1043 883 1303 937 nobiscimi
1329 883 1479 956 plane
1506 881 1810 947 sentienteS,
1849 882 2152 935 confitentur

289 988 399 1023 cum
420 967 622 1024 Joanne
649 970 708 1023 de
719 967 942 1023 Parisiis
957 969 1169 1043 (Tract.
1194 972 1254 1025 de
1274 980 1459 1044 potest.
1478 966 1613 1040 Reg.
1631 978 1680 1021 et
1693 967 1875 1040 Papal.
1894 968 1927 1020 1.
1943 969 1995 1021 9.
2017 967 2124 1022 Vin

289 1057 384 1110 dic.
402 1055 665 1130 Richeln),
689 1068 838 1131 caput
858 1058 1042 1112 unitati
1059 1057 1326 1114 Ecclesiae
1344 1068 1449 1112 tam
1470 1056 1815 1111 necessarium
1838 1076 1947 1110 cum
1969 1057 2150 1110 idoneo

287 1144 571 1218 principatu
588 1146 931 1219 praepositum
951 1167 1059 1200 non
1081 1150 1295 1218 quidem
1317 1149 1572 1219 synodali
1591 1148 2060 1206 ordinatione,sed
2079 1165 2150 1197 ex

289 1234 637 1296 oreDomini‚
659 1236 1042 1305 qaiEcclesiae
1063 1255 1192 1288 suae
1213 1238 1390 1288 noluit
1406 1237 1638 1305 deficere
1659 1237 1712 1285 in
1735 1237 2056 1287 necessariis
2079 1236 2153 1285 ad

289 1323 532 1374 salutem.
586 1320 728 1374 Haec
754 1331 926 1374 tamen
953 1322 1151 1375 dixisse
1170 1323 1391 1394 juverit,
1419 1331 1475 1373 ut
1501 1320 1714 1391 quisque
1740 1321 2008 1392 intelligat,
2039 1339 2149 1381 eam

290 1408 600 1474 doctrinam,
641 1427 740 1479 qua
767 1409 828 1461 ad
864 1408 1109 1463 unitatem
1135 1407 1401 1463 Ecclesiae
1437 1426 1666 1479 congrua
1699 1417 1953 1480 potestate
1992 1407 2152 1460 conti-

290 1498 506 1550 nendam
533 1497 819 1550 institutum
845 1497 1004 1550 fuisse
1043 1496 1266 1550 diximus
1303 1496 1572 1570 primatum
1601 1493 1658 1550 S.
1687 1493 1835 1550 Petri
1872 1514 1931 1549 ac
1959 1493 2151 1548 Roma-

290 1604 469 1638 norum
496 1584 799 1640 Pontificum
817 1626 831 1652 ,
859 1605 961 1640 non
988 1595 1094 1638 tam
1119 1583 1382 1638 traditioni
1408 1583 1646 1649 Patrum,
1676 1584 1754 1638 cui
1780 1584 1943 1636 nostri
1972 1584 2151 1637 adver-

291 1673 414 1726 sarii
443 1674 661 1727 calculos
690 1674 943 1745 adjiciunt,
973 1693 1120 1745 quam
1142 1672 1330 1725 rationi
1350 1671 1447 1744 ipsi
1474 1671 1805 1724 heterodoxis
1834 1690 2030 1742 quoquc
2060 1672 2151 1724 ali-

291 1772 537 1833 quatenus
565 1763 800 1834 cognitae
827 1762 1052 1816 maxime
1080 1779 1355 1815 consonam
1382 1759 1618 1813 inveniri.

871 1910 938 1984 C
964 1910 1039 1984 A
1066 1908 1132 1982 P
1162 1909 1241 1983 U
1270 1910 1341 1983 T
1419 1908 1554 1982 IX.

846 2026 1318 2071 PROPOSITIO
1365 2025 1596 2070 NONA.

295 2115 647 2162 Memoratam
701 2120 856 2162 totius
894 2120 1114 2162 unitatis
1155 2114 1442 2160 catholicae
1484 2130 1516 2159 a
1559 2111 1719 2158 Petro
1773 2114 2155 2174 componendae

296 2183 345 2222 et
377 2177 757 2222 conservandae
799 2181 1055 2222 rationem
1096 2191 1160 2220 ne
1189 2175 1289 2220 sibi
1325 2174 1552 2220 Christus
1590 2175 1798 2234 frastra
1824 2178 2155 2235 proposuisse

295 2238 504 2282 dicatur
546 2241 600 2283 in
642 2238 953 2283 instituendo
1007 2237 1114 2296 ejus
1149 2239 1422 2298 primatem
1466 2239 1570 2280 vim
1612 2241 1661 2280 et
1696 2241 2006 2295 potestatem
2053 2238 2156 2295 ipsi

286 2302 518 2359 primati
556 2298 627 2343 ad
658 2314 774 2343 eum
804 2297 960 2356 finem
992 2297 1325 2343 obtinendum
1368 2296 1610 2341 idoneam
1643 2295 1839 2340 dedisse
1871 2296 2154 2341 credendus

295 2365 390 2412 est,
409 2358 503 2416 jus
535 2358 732 2404 scilicet
762 2364 1049 2405 coactivum
1080 2361 1276 2402 unitati
1295 2356 1680 2418 componendae
1708 2361 1756 2400 et
1775 2358 2156 2401 conservandae

295 2423 660 2472 necessarium,
693 2435 795 2464 non
815 2435 933 2465 vero
957 2434 1159 2463 merum
1185 2416 1416 2477 officium
1433 2416 1906 2477 repraesentandae
1923 2420 2152 2461 unitatis.

294 2477 403 2524 Hoc
437 2484 609 2523 autem
626 2478 721 2535 jas
752 2483 1038 2525 coactivum
1070 2479 1141 2523 ad
1171 2481 1424 2523 unitatem
1454 2475 1765 2522 catholicam
1799 2491 1862 2520 ex
1885 2479 2153 2537 primatus

292 2543 494 2584 ratione
518 2555 579 2584 ac
609 2538 713 2596 sine
736 2538 789 2584 S.
811 2538 970 2585 Petro
1004 2538 1271 2591 tributum,
1306 2541 1468 2600 ipsius
1481 2537 1755 2599 peculiare
1788 2552 1850 2582 ac
1874 2538 2154 2597 personale

283 2603 552 2660 primatus
582 2600 676 2658 jas
716 2604 1043 2661 potissimum
1075 2603 1383 2645 constituere
1416 2597 1786 2661 percommode
1828 2597 2150 2658 intelliqitur.

441 2691 490 2743 1.
532 2688 695 2743 Deum
733 2689 924 2743 nemini
957 2689 1172 2744 officium
1213 2687 1527 2742 commisisse
1565 2705 1810 2758 unquam,
1850 2687 1969 2758 quin
1996 2689 2151 2741 sacul-

292 2787 424 2831 tates
452 2778 514 2830 ad
538 2777 659 2830 illud
685 2779 1065 2849 exsequendum
1090 2777 1301 2830 idoneas
1330 2777 1489 2831 eidem
1508 2776 1801 2849 largiretur,
1829 2776 2150 2848 exploratum

295 2875 374 2919 est
409 2865 660 2919 omnibus.
723 2863 776 2917 ld
816 2876 984 2919 autem
1020 2866 1174 2919 multo
1212 2865 1378 2937 magis
1415 2865 1701 2930 dicendum,
1743 2883 1852 2918 cum
1893 2865 1952 2917 de
1987 2863 2150 2916 officio

296 2953 463 3025 agitur
489 2953 781 3007 necessario
811 2951 1078 3007 Ecclesiae
1106 2953 1386 3006 catholicae
1404 2992 1417 3017 ⁷
1456 2952 1535 3004 cui
1562 2950 1704 3004 Deus
1741 2949 2018 3004 nec’defuit
2044 2969 2152 3003 um-

294 3060 440 3111 quam
468 3059 562 3094 nec
589 3041 764 3107 decrit,
792 3042 865 3094 uti
891 3051 1083 3096 certum
1112 3060 1183 3095 ex
1208 3041 1302 3094 fide
1330 3050 1424 3094 est.
1479 3037 1654 3108 Itaque
1682 3057 1790 3091 cum
1817 3035 1874 3092 S.
1903 3036 2062 3092 Petro
2093 3059 2150 3092 ac

295 3130 672 3184 successoribus
713 3132 819 3202 ejus
866 3129 1135 3203 primatum
1185 3126 1421 3183 Christus
1472 3125 1735 3179 tradiderit
1770 3125 1821 3179 in
1861 3126 2150 3181 universam

300 3214 579 3285 Ecclesiam
619 3219 679 3271 ad
705 3219 950 3273 unitatem
978 3220 1084 3292 ejus
1108 3217 1422 3272 formandam
1451 3224 1602 3286 atque
1627 3216 1890 3282 tuendam3
1931 3214 2051 3286 quin
2078 3216 2152 3268 sa-

299 3305 512 3358 cultates
541 3306 598 3357 ad
628 3306 756 3360 hunc
785 3307 930 3361 finem
961 3307 1326 3378 assequendum
1347 3304 1557 3358 idoneas
1580 3303 1766 3357 eisdem
1790 3301 2149 3373 c011tule1·it*)‚

369 3473 411 3526 *)
442 3473 555 3513 Hinc
587 3473 711 3514 etiam
744 3475 986 3515 Guillelmus
1015 3473 1254 3516 Leibnitius
1295 3472 1386 3523 ipso
1430 3470 1611 3510 naturali
1652 3469 1806 3510 lumine
1838 3472 1980 3516 utens,
2025 3469 2064 3508 in
2102 3482 2150 3507 eo

302 3538 447 3579 textu.
493 3546 610 3586 quem
654 3535 923 3575 recitavimus
967 3548 1057 3588 cap.
1101 3534 1144 3576 4.
1185 3545 1226 3574 n.
1273 3533 1312 3576 1,
1357 3532 1399 3571 in
1446 3531 1549 3573 fine,
1614 3542 1847 3582 supremum
1893 3529 2148 3581 spiritualem
