2320 3990
702 209 1310 267 -35—

101 386 254 444 tenir,
278 384 371 451 qui
396 387 473 432 est
496 381 629 433 celle
655 380 721 431 de
748 380 946 447 l'eylise
973 380 1039 431 cle
1070 378 1255 430 Rome.
1303 375 1460 430 Idest:
1487 377 1668 441 Docet
1689 397 1786 430 nos
1811 386 1927 432 tra--

99 473 262 530 ditio,
312 468 486 519 Deum
524 466 590 517 ob
628 467 1048 518 conservandam
1086 483 1235 517 suam
1274 465 1573 517 Ecclesiam
1610 467 1664 518 in
1701 467 1919 526 unitate,

100 557 430 609 constituisse
457 553 767 604 cathedra-m
793 559 844 604 et
869 555 1239 606 auctoritatem
1264 554 1621 618 superiorem,
1646 558 1705 604 ut
1727 555 1782 603 in
1809 556 1921 623 ejus

99 642 547 695 conservationem
588 641 921 708 inviqilaret‚
960 656 1095 706 quae
1132 643 1211 688 est
1238 637 1515 688 Romanae
1555 640 1811 691 ecclesiae
1837 659 1919 694 ca·

99 729 307 780 tlcedra.
358 724 468 778 Hac
496 724 688 794 quidem
712 724 771 776 de
798 741 951 776 causa
985 721 1132 774 iidem
1159 719 1407 774 Gallicani
1433 721 1718 775 Romanum
1743 722 1922 779 Ponti-

100 814 237 866 ficem
276 821 327 865 et
365 811 646 864 Romanam
683 810 874 874 sedem,
910 827 1000 862 seu
1037 808 1322 861 cathedram
1361 810 1662 862 catholicae
1699 815 1919 865 unitatis

34 967 38 971 ὁ
98 908 332 953 centrum
360 899 608 969 appellare
633 897 813 960 solent,
841 894 893 948 in
920 913 1014 964 quo
1043 894 1237 948 scilicet
1263 900 1440 948 unitas
1467 903 1709 948 servatur
1737 898 1920 950 Eccle-

99 991 235 1048 siae,
273 995 326 1037 ut
351 984 559 1055 legimus
596 983 649 1035 in
674 982 786 1054 ipsa
810 983 1200 1035 Declaratione
1235 983 1383 1035 Cleri
1413 983 1688 1036 Gallicani
1712 984 1843 1037 edita
1866 984 1919 1037 in

100 1069 328 1124 Comitiis
366 1069 682 1140 generalibus
725 1068 844 1123 anni
884 1069 1041 1122 1682.
1093 1067 1204 1121 Hoc
1244 1086 1368 1122 sane
1408 1068 1617 1122 consilio
1654 1069 1918 1140 primatum

97 1156 347 1229 praecipui
379 1156 510 1227 juris
554 1155 607 1208 in
649 1165 806 1208 totam
848 1153 1130 1208 Ecclesiam
1165 1152 1222 1207 S.
1262 1153 1421 1209 Petro
1461 1165 1511 1208 et
1545 1156 1918 1208 successoribus

96 1243 344 1307 traditum,
371 1252 424 1294 ut
450 1252 774 1297 conservetur
798 1239 1059 1294 Ecclesiae
1084 1241 1249 1294 unitas
1275 1252 1327 1296 et
1351 1241 1666 1295 schismatum
1694 1243 1894 1295 occasio

96 1349 186 1383 nes
211 1329 557 1400 praecidantur
597 1327 1026 1399 (quemadmodum
1052 1328 1254 1381 traditio
1281 1328 1451 1400 docet)
1492 1329 1677 1381 diserte
1705 1330 1920 1382 affirma-

97 1416 169 1468 vit
194 1415 343 1468 etiam
369 1413 582 1468 Carolus
607 1413 885 1485 Episcopus
911 1413 1372 1467 Autissiodorensis
1399 1414 1702 1467 adversariis
1729 1415 1918 1467 nostris

98 1501 221 1552 satis
259 1510 435 1564 notam,
475 1520 583 1554 cum
621 1500 883 1571 primatum
918 1498 1215 1570 praecipuae
1241 1499 1604 1570 jurisdictionis
1641 1503 1918 1572 professus,

96 1587 243 1638 istum
269 1587 523 1638 articulum
550 1586 701 1639 veluti
729 1585 1059 1640 certissimum
1084 1585 1320 1655 subJecit:
1351 1583 1656 1656 (Ordinanc.
1688 1588 1775 1641 27.
1805 1606 1919 1660 sep-

96 1673 244 1725 temb.
265 1672 420 1725 1747.
447 1670 643 1742 part.3.
661 1688 711 1721 n.
729 1669 847 1740 39.)
876 1672 992 1722 Nos
1018 1673 1281 1722 credimus
1310 1670 1488 1721 Jesum
1518 1672 1784 1725 Christum
1810 1683 1917 1728 tra-

95 1761 292 1810 didisse
336 1759 484 1808 illum
526 1754 846 1827 (primatum)
897 1757 955 1807 S.
986 1757 1184 1817 Petro,
1225 1775 1295 1807 ea·
1334 1775 1437 1824 quo
1478 1759 1553 1808 ad
1588 1778 1916 1814 successores

95 1851 203 1916 ‹y'as
231 1847 422 1895 transit
457 1851 614 1911 (pour
641 1862 922 1894 conserver
959 1844 1142 1895 l’unite'
1167 1844 1232 1894 de
1261 1843 1510 1911 l’Eylise‚
1550 1852 1600 1896 et
1635 1848 1749 1898 oter
1775 1855 1918 1901 toute

94 1934 341 1984 occasion
369 1932 435 1981 de
462 1930 707 1994 schisme)
734 1930 797 1980 ob
826 1931 1243 1982 conservandam
1269 1933 1521 1982 unitatem
1549 1933 1841 1995 Ecclesiae,
1870 1943 1921 1987 et

93 2026 152 2070 ut
193 2021 358 2069 omnis
402 2018 696 2068 schismatis
741 2018 964 2068 tollatur
1007 2020 1236 2068 occasio.
1299 2014 1368 2067 Et
1412 2016 1641 2071 similiter
1677 2017 1916 2074 Claudius

95 2102 284 2173 Fleury
310 2107 364 2154 in
393 2105 722 2154 Institutione
733 2107 879 2174 Juris
903 2104 1109 2155 Eccles.
1139 2121 1181 2154 c.
1204 2102 1284 2153 14.
1312 2121 1362 2154 n.
1382 2104 1430 2157 7.
1470 2102 1752 2157 Romanum
1779 2106 1918 2160 Pon-

97 2189 416 2260 tificemjare
443 2191 620 2239 divino
650 2191 839 2239 ceteris
858 2193 1196 2256 praefectura
1235 2188 1529 2258 pronunciat
1568 2194 1643 2242 ad
1665 2197 1917 2246 unitatem

98 2277 371 2327 Ecclesiae
409 2275 842 2326 conservandam.
892 2272 1224 2345 Exploratius
1265 2284 1425 2327 autem
1455 2271 1532 2327 Cl.
1560 2275 1838 2332 Bossuetus
1866 2279 1915 2331 in

95 2360 398 2413 Defensione
425 2358 774 2412 declarationis
802 2357 939 2413 Cleri
966 2357 1213 2434 Gallicani
1226 2359 1279 2431 *)
1308 2360 1455 2414 lih.3.
1485 2380 1528 2413 c.
1548 2362 1632 2414 12.
1660 2366 1916 2435 professus

93 2465 148 2499 se
182 2447 234 2498 in
272 2445 453 2500 celebri
479 2447 837 2514 Expositione
875 2449 1154 2499 doctrinae
1193 2449 1492 2500 catholicae
1533 2466 1575 2501 c.
1606 2451 1692 2502 21.
1735 2451 1815 2502 ubi
1854 2453 1913 2505 de

96 2532 391 2586 auctoritate
418 2532 548 2586 sedis
573 2531 899 2604 Apostolicae
934 2551 1097 2585 sermo
1125 2542 1231 2597 est,
1272 2551 1332 2586 ea
1358 2541 1559 2586 tantum
1597 2536 1914 2606 exposuisse,

94 2639 229 2688 quae
268 2621 333 2670 cle
371 2621 494 2670 sede
538 2617 849 2686 Apostolica
874 2639 1000 2671 vera
1027 2621 1302 2672 Ecclesiae
1324 2623 1459 2689 fides
1485 2621 1646 2684 docet,
1673 2620 1722 2672 id
1747 2623 1912 2675 statim

93 2704 162 2755 ihi
182 2704 463 2775 expositum
485 2704 580 2756 ait:
610 2706 904 2757 Ecclesiam
924 2709 1123 2756 unitate
1143 2708 1344 2765 nixam,
1370 2707 1597 2758 tuendae
1623 2727 1686 2759 ac
1701 2713 1914 2777 firman-

93 2792 194 2841 dae
220 2794 413 2842 unitati
428 2794 716 2856 primatum
746 2791 803 2840 S.
822 2791 977 2840 Petri
1001 2809 1034 2839 a
1067 2789 1278 2839 Christo
1303 2793 1611 2851 institutum,
1637 2796 1914 2863 sedemque

94 2873 459 2942 Apostolicam
486 2876 640 2946 lugjus
666 2877 881 2926 unitatis
909 2880 1143 2924 centrum
1170 2879 1219 2924 et
1245 2874 1482 2924 radicem
1520 2894 1648 2928 esse.
1699 2875 1754 2929 ld
1792 2897 1913 2949 ergo

93 2977 194 3011 non
219 2959 394 3012 dubiae
421 2959 669 3030 opinionis
686 2999 699 3024 ,
729 2960 815 3013 sed
840 2979 996 3012 verae
1019 2961 1152 3028 fidei
1177 2960 1455 3012 Ecclesiae
1493 2962 1766 3016 catholicae
1805 2984 1913 3018 cre-

92 3045 227 3096 didit.
279 3044 400 3096 Alia
437 3047 654 3116 ejusdem
693 3045 895 3116 generis
936 3045 1338 3098 adversariorum
1364 3046 1651 3101 testimonia
1675 3068 1805 3104 nunc
1831 3071 1912 3105 re-

91 3131 224 3181 ferre
262 3147 385 3200 opus
423 3149 523 3184 non
563 3142 665 3185 est:
712 3151 820 3185 cum
860 3132 1099 3184 hactenus
1126 3132 1339 3185 recitata
1375 3131 1426 3184 in
1466 3152 1570 3187 rem
1596 3147 1912 3206 praesentem

92 3216 354 3268 sufficiant.
408 3213 552 3283 Quod
577 3218 621 3271 si
646 3220 788 3290 plura
813 3217 1094 3283 desidereS,
1123 3218 1233 3287 lege
1261 3236 1387 3287 quae
1413 3237 1483 3271 ex
1510 3221 1812 3275 adversariis
1841 3226 1912 3275 af-

91 3304 313 3356 ferentur
340 3321 448 3373 cap.
477 3304 561 3355 14.

148 3428 188 3480 ⁸)
219 3431 300 3471 Hic
329 3431 433 3470 liber
462 3432 612 3471 tertius
645 3445 734 3473 cum
767 3433 925 3474 duobus
956 3434 1305 3486 praecedentibus
1346 3435 1387 3474 in
1429 3447 1536 3476 nova
1579 3436 1764 3476 editione
1796 3437 1910 3475 inve-

92 3488 228 3528 nietur
257 3490 298 3530 ἰιι
330 3491 564 3542 Appendice
596 3504 690 3543 pag.
725 3493 826 3534 106.
857 3497 888 3533 t.
919 3494 963 3535 2.

1491 3563 1566 3616 3*
