2314 3984
920 205 1581 266 ....--mg--,

319 375 652 446 praejudicat,
678 385 735 426 ut
759 373 989 446 pluribus
1009 369 1832 446 explioammonstituimus
1857 378 1909 431 in
1936 380 2177 434 observa·

318 461 539 515 tionibus
566 461 628 513 ad
648 459 1058 515 dissertationem
1078 468 1312 516 octavam
1323 459 1606 532 Qumis&
1633 485 1782 538 quam
1809 485 2045 520 unacum
2066 467 2179 539 ipsa

319 545 680 615 Quesnelliana
715 547 1076 602 dissertatione
1115 550 1288 621 legere
1327 549 1667 606 lioehit‘tama
1706 555 1924 608 secundo
1971 573 2176 626 operum

319 632 376 687 S.
418 632 613 688 Leonis
651 645 861 690 nostrae
898 636 1134 691 editionis
1170 636 1406 693 Venetae
1446 638 1539 692 eol.
1570 639 1811 694 neam.
1841 641 1926 694 14.
1957 651 2008 693 et
2035 659 2174 711 seqq.

319 720 434 775 Etsi
473 741 598 777 vero
634 733 750 795 post
789 723 1070 778 Theodosii
1107 723 1434 798 Imperatoris
1473 735 1714 792 mortem,
1752 727 1835 798 qui
1871 726 2092 800 Eutychi
2128 738 2177 781 et

317 810 706 882 pseudosynodo
732 808 1024 881 Ephesinae
1050 812 1278 886 impense
1303 813 1747 886 patrocinabatur-⁹,
1788 823 1965 869 evecto
1993 814 2052 866 ad
2079 813 2176 866 lm-

317 898 510 970 perium
528 896 815 963 Marciano,
844 917 941 968 quo
970 900 1266 955 catholicam
1292 902 1439 955 fidem
1465 911 1768 974 protegente
1794 900 1937 954 multi
1964 899 2089 972 lapsi
2117 901 2177 953 ad

317 985 685 1039 satisfactionis
710 986 931 1040 remedia
959 985 1177 1058 quotidie
1204 988 1524 1054 accedebant,
1552 988 1964 1060 dogmaticaeque
1985 986 2179 1040 Leonis

318 1073 560 1145 epistolae
585 1071 824 1146 Episcopi
849 1073 901 1126 in
928 1083 1037 1126 toto
1065 1072 1279 1129 Oriente
1307 1075 1743 1149 subscripserant,
1773 1075 1902 1128 idem
1930 1073 2177 1128 Pontifex

320 1161 562 1232 generale
589 1161 855 1214 concilium
883 1180 985 1214 non
1015 1162 1224 1234 amplius
1250 1164 1324 1216 ita
1349 1163 1695 1218 necessarium
1734 1162 1959 1226 videret,
2006 1172 2061 1214 ut
2086 1164 2174 1215 sub

319 1247 612 1302 Theodosio
649 1248 810 1302 visum
852 1250 1043 1315 fuerat3
1086 1269 1195 1303 cum
1231 1261 1401 1304 tamen
1442 1250 1735 1304 Marcianus
1773 1249 1935 1302 studio
1976 1269 2175 1322 compo—

317 1337 513 1390 nendae
560 1336 708 1388 citius
734 1336 872 1406 pacis
910 1337 1203 1405 generalem
1241 1338 1486 1408 synodum
1525 1336 1800 1388 indixisset
1838 1334 2175 1402 Calchedone,

319 1421 376 1475 S.
407 1421 520 1476 Leo
549 1442 613 1477 ea
638 1432 835 1476 tantum
863 1422 923 1474 de
951 1440 1106 1475 causa
1134 1441 1400 1476 assensum
1426 1419 1687 1495 praebuit,
1716 1420 1843 1493 (Ep.
1861 1421 1949 1475 89.
1972 1422 2174 1495 a1.69.)

315 1531 381 1563 ne
419 1514 611 1564 devoto
653 1513 870 1563 obviare
904 1513 1179 1564 videretur
1228 1513 1487 1576 arbitrio,
1539 1518 1591 1563 et
1627 1518 1687 1562 ut
1721 1529 2084 1581 quaecumque
2122 1515 2176 1563 in

314 1602 593 1669 querelam
637 1600 1211 1669 perturbationemque
1288 1606 1572 1659 venerunt,
1620 1599 1696 1650 acl
1767 1598 1905 1649 UNI
1912 1597 2003 1648 ΤΑ
2017 1598 2182 1650 TEM

310 1692 469 1757 pacis
499 1696 552 1741 et
564 1689 715 1758 fidei,
745 1706 1056 1756 compressa
1083 1691 1229 1739 omni
1256 1689 1604 1745 dissensione,
1631 1692 2045 1738 revocarentur.-
2074 1704 2175 1738 non

317 1795 441 1828 vero
470 1776 600 1845 quod
629 1774 825 1827 dubium
853 1783 1055 1845 putaret
1092 1774 1274 1845 dogma
1307 1773 1361 1825 in
1401 1790 1492 1825 sua
1531 1772 1745 1843 epistola
1780 1772 2062 1837 definitum,
2091 1782 2177 1825 aut

314 1862 526 1916 liberum
553 1862 783 1916 crederet
809 1862 870 1913 de
896 1861 1131 1931 dogmate
1152 1860 1333 1914 ibidem
1362 1860 1565 1913 definito
1593 1859 1871 1931 quempiam
1901 1859 2174 1929 ambigere.

314 1949 430 2004 Jam
459 1949 590 2003 enim
618 1950 779 2022 ipsum
805 1947 1171 2020 Imperatorem
1198 1957 1465 2001 monuerat
1505 1945 1631 2018 (Ep.
1661 1946 1750 2000 8⁵2.
1782 1947 1844 1998 al.
1875 1946 1963 2000 62).
1995 1965 2038 1999 c.
2072 1947 2173 2015 1.),

314 2059 380 2090 ne
391 2045 708 2112 cujusquam
724 2041 958 2105 procaci
982 2037 1415 2105 imprudentique
1429 2037 1666 2087 versutia
1693 2038 1851 2103 quasi
1875 2037 1942 2086 de
1969 2038 2174 2088 incerto

316 2129 450 2194 quid
485 2128 820 2178 sentiendum
861 2127 931 2176 sit
963 2126 1167 2175 sineret
1199 2126 1430 2192 inquiri,
1465 2141 1564 2174 nec
1599 2123 1902 2193 cujusmodi
1937 2125 2007 2173 sit
2036 2126 2174 2191 fides

315 2216 545 2266 tenenda
575 2209 668 2284 (C.
699 2210 813 2281 2),
862 2230 975 2264 esse
1009 2213 1384 2272 tractandum,
1425 2212 1523 2263 sed
1558 2228 1785 2279 quorum
1813 2211 2097 2278 precibus,
2126 2220 2179 2263 et

314 2304 548 2370 qualiter
576 2302 934 2353 [mentiendum.
987 2295 1058 2350 Et
1084 2297 1319 2351 similiter
1344 2298 1398 2350 in
1426 2296 1535 2349 aliis
1562 2296 1745 2349 litteris
1772 2297 1997 2350 eumdem
2021 2296 2175 2350 Prin-

315 2388 473 2460 cipem
501 2388 732 2458 rogavit,
779 2406 844 2440 ne
879 2395 1144 2459 pateretur
1169 2386 1313 2440 fidem
1343 2389 1501 2456 quasi
1527 2386 1746 2437 dubiam
1781 2383 1835 2436 in
1874 2385 2070 2456 synodo
2097 2406 2175 2438 re-

315 2480 546 2528 tractari
571 2474 698 2546 (Ep.
727 2475 819 2528 90.
849 2476 913 2526 al.
957 2475 1046 2529 73.
1075 2491 1120 2525 e.
1151 2472 1268 2542 20:
1298 2473 1427 2541 quod
1452 2472 1504 2523 in
1533 2471 1646 2523 aliis
1673 2471 1793 2522 item
1831 2471 2060 2541 epistolis
2099 2472 2175 2524 in-

315 2563 480 2615 culcat
507 2580 578 2615 ex
603 2561 802 2633 repetit.
855 2559 987 2615 Vide
1027 2558 1173 2631 epist.
1202 2557 1287 2611 93.
1317 2576 1362 2611 c.
1392 2559 1443 2610 2.
1473 2567 1525 2610 et
1550 2575 1628 2628 ep.
1657 2557 1746 2610 94.

459 2648 548 2702 68.
600 2646 784 2717 Neque
812 2644 1244 2701 Calchedonensis
1273 2644 1471 2699 concilii
1499 2642 1686 2696 Patres
1716 2644 1899 2713 aliquid
1934 2645 2036 2698 tale
2064 2655 2175 2700 ten-

313 2744 507 2788 tarunt.
559 2732 766 2789 Exacta
804 2734 936 2787 enim
973 2734 1025 2786 in
1061 2733 1224 2806 prima
1264 2734 1463 2787 actione
1502 2749 1685 2796 causa,
1727 2730 1862 2784 eirca
1905 2751 2173 2803 personam

315 2822 576 2887 Dioscmi,
605 2833 656 2875 et
683 2824 817 2875 circa
843 2830 990 2892 gesta
1018 2819 1274 2874 latrocinii
1299 2818 1575 2892 Ephesini‚
1618 2837 1726 2872 cum
1766 2818 1819 2871 in
1846 2820 2066 2872 secunda
2093 2839 2176 2874 ac—

316 2911 453 2964 tione
481 2910 729 2981 agendum
757 2919 896 2962 esset
934 2909 994 2962 de
1019 2907 1134 2962 fidei
1161 2908 1395 2980 dogmate
1434 2906 1592 2979 petita
1618 2926 1647 2959 a
1664 2905 1915 2977 judicibus
1942 2907 2172 2971 formula,

314 3018 411 3068 qua
439 2998 603 3051 omnis
631 2997 766 3051 circa
794 2997 935 3050 fidem
962 2995 1289 3048 dirimeretur
1327 2993 1618 3057 contentio3
1648 2991 1821 3044 statim
1848 2993 2173 3046 acclamatum
2250 3022 2255 3027 ·

314 3085 431 3151 fuit,
461 3085 690 3139 sufficere
712 3089 951 3154 formam
988 3081 1088 3153 (Τ.
1116 3081 1170 3133 4.
1201 3079 1399 3134 Concil.
1427 3078 1565 3133 Ven.
1594 3077 1711 3131 edit.
1742 3078 1836 3130 col.
1869 3079 2029 3134 1207.
2072 3080 2173 3152 a.),

316 3192 462 3243 quam
489 3170 547 3226 S.
575 3170 688 3226 Leo
714 3171 767 3225 in
795 3171 900 3225 suis
927 3170 989 3224 ad
1013 3167 1318 3223 Flavianum
1358 3165 1546 3219 litteris
1584 3176 1938 3237 proposuerat.
1994 3169 2175 3221 Emer-

315 3268 524 3321 serunt,
561 3280 697 3330 quae
735 3263 811 3313 ad
849 3258 1149 3330 Eutychem
1178 3255 1555 3323 pertinebant,
1596 3260 1647 3305 et
1682 3272 1845 3322 super
1883 3254 1964 3305 his
1988 3258 2174 3321 forma

316 3350 447 3400 data
475 3356 555 3400 est
589 3368 621 3400 a
649 3350 986 3401 sanctissimo
1025 3343 1456 3412 Arelliepis'eopo
1502 3340 1784 3392 Romanae
1819 3342 1993 3406 urbis,
2023 3348 2076 3393 et
2099 3361 2171 3394 se-

317 3438 530 3504 quimur
559 3453 703 3494 eam,
732 3442 785 3487 et
811 3435 1074 3503 epistolae
1101 3448 1279 3483 omnes
1308 3430 1734 3497 subscripsimus.
1777 3429 1862 3480 Ita
1887 3446 2065 3480 omnes
2098 3430 2174 3480 di-

316 3525 509 3576 cimus.-
539 3525 821 3591 sufficiunt
847 3540 984 3589 quw
1012 3519 1262 3587 exposita
1291 3523 1436 3568 sunt.-
1468 3518 1632 3569 aliam
1655 3518 2048 3585 expositionem
2067 3535 2174 3567 non
