2314 3984
710 282 880 317 —2—
972 266 1093 328 187
1184 302 1358 311 ——-

71 478 77 485 -
135 448 438 510 καίωμεν
459 440 1078 493 wemmam-atterimus
1104 439 1333 514 litteras.-
1359 435 1613 506 Additqne‘
1639 434 1951 497 heminae

133 527 387 581 romonem
423 526 498 578 iri
519 526 830 585 concilium,
865 527 1166 595 qaodsfiert'
1200 522 1950 593 divulyoeiurwq'untewubwe*

134 631 399 683 quaquam
421 612 612 680 ubique
639 609 1609 664 sanctiseimaeeaeurbemm-Eccleeiue.
1630 603 1949 674 er'ti‘tantum

135 697 458 770 Apostolieae
485 697 616 749 sedis
637 693 1139 759 auctoritati-tribuit,
1163 704 1220 745 ut
1245 693 1402 746 solam
1417 695 1528 764 ejus
1547 692 1846 746 sententiam
1871 693 1951 746 re-

137 783 264 853 quiri
291 801 349 836 ae
375 783 601 836 sufficere
628 781 955 836 affirmaverit
971 780 1040 833 ad
1062 796 1290 832 *errorem
1317 779 1686 843 destruendum,
1714 788 1763 831 et
1790 779 1955 832 eoneiL

136 869 346 922 liandam
372 887 541 941 pacem
568 867 773 938 fideique
797 867 1076 929 unitatem,
1091 865 1363 934 eademque
1389 864 1686 918 auctoritate
1709 873 1951 918 remotum

135 954 198 1006 iri
225 954 478 1008 concilium
495 993 509 1019 ,
548 954 677 1022 quod
693 952 971 1022 cogendum
1008 951 1288 1011 ferebatur,
1324 951 1396 1002 uti
1422 951 1626 1021 amplius
1652 969 1753 1003 non
1779 968 1952 1003 neces-

138 1039 352 1104 sarium,
386 1031 748 1106 immoexrqu'o
772 1037 989 1107 majores
1020 1036 1196 1088 turbas
1221 1036 1515 1089 excitandas
1541 1045 1814 1103 manerem
1852 1037 1949 1089 vim

136 1125 307 1192 utique
343 1124 614 1177 coactivam
649 1121 702 1174 in
738 1121 1035 1193 Apostolica
1072 1122 1323 1175 sementia
1358 1121 1528 1174 inesse
1552 1120 1833 1183 indicavit,
1856 1141 1951 1192 qua

132 1207 378 1279 Eutychis
404 1226 555 1261 causa
579 1207 650 1260 ita
673 1209 1056 1273 terminaretur,
1093 1208 1167 1260 uti
1194 1206 1516 1276 pelagianam
1543 1210 1753 1260 sinitam
1779 1208 1955 1278 Augu—

137 1294 297 1346 stinus
321 1293 539 1346 tradidit.
569 1291 695 1347 Cum
719 1313 842 1349 vero
863 1292 1092 1365 Eutyche
1117 1292 1286 1346 omnia
1310 1303 1671 1358 commovente,
1698 1304 1749 1346 et
1775 1304 1955 1364 agente

136 1380 185 1431 in
223 1379 392 1450 primis
423 1377 740 1452 Chrysaphio
766 1397 946 1450 magno
986 1379 1202 1449 ejusdem
1237 1388 1480 1449 patrono,
1516 1397 1617 1430 non
1655 1389 1951 1449 exspectato

138 1465 459 1535 Apostolicae
486 1466 616 1518 sedis
635 1465 838 1537 judicio,
867 1464 1179 1517 Theodosius
1206 1463 1479 1535 Imperator
1505 1462 1774 1517 indixisset
1800 1484 1955 1536 syno-

138 1551 248 1602 dum
282 1548 496 1621 Ephesi,
534 1560 588 1602 ut
619 1551 856 1622 judicium
892 1550 943 1602 in
983 1568 1042 1602 ea
1068 1551 1283 1602 ferretur
1309 1549 1368 1601 de
1395 1546 1952 1622 Constantinopolitano

138 1634 193 1687 S.
222 1634 453 1688 Flaviani
478 1636 685 1688 concilio
703 1676 716 1701 ,
756 1637 885 1705 quod
908 1635 1187 1707 Eutychem
1213 1636 1658 1700 condemnaverat,
1698 1633 1754 1687 S.
1783 1634 1954 1688 Ponti·

136 1722 252 1784 fex,
281 1720 361 1789 qui
386 1738 507 1772 mox
533 1721 860 1790 dogmaticam
885 1722 945 1772 ad
973 1723 1192 1773 eumdem
1218 1718 1514 1773 Flavianum
1541 1721 1798 1790 epistolam
1827 1721 1951 1792 (Ep.

137 1804 547 1875 28.)‘exaravit,
574 1807 668 1858 etsi
694 1806 747 1857 in
774 1806 955 1858 litteris
982 1807 1044 1858 ad
1069 1805 1424 1876 Imperatorem
1452 1806 1693 1870 affirmet,
1720 1810 1952 1860 rationa-

137 1893 292 1943 bilius
317 1895 393 1944 ael
414 1895 698 1944 indicenda
725 1895 928 1962 synodo
950 1896 1122 1961 fuisse
1146 1893 1508 1944 abstinendum
1535 1890 1659 1963 (Ep.
1689 1892 1838 1961 3703
1879 1904 1955 1946 ta-

138 1995 248 2029 men
276 1995 338 2030 ne
363 1978 515 2048 ipsius
541 1978 786 2032 voluntati
811 1978 1064 2032 videretur
1090 1977 1335 2029 obsistere
1351 2017 1364 2042 ,
1406 1978 1618 2047 ejusdem
1660 1979 1853 2032 concilii
1881 1981 1957 2032 in·

138 2063 341 2116 dictioni
367 2065 673 2129 assentienS,
699 2071 760 2116 ut
775 2067 1016 2132 pleniori
1025 2066 1241 2135 judicio
1268 2068 1435 2115 omnis
1463 2069 1641 2132 possit
1674 2086 1829 2118 error
1869 2070 1953 2119 ab·

141 2151 304 2208 oleri,
328 2149 380 2199 in
408 2148 588 2200 litteris
615 2148 674 2199 ad
701 2149 878 2218 synodi
917 2148 1102 2200 Patres
1140 2149 1332 2218 legatos
1359 2167 1414 2201 se
1453 2150 1704 2203 direxisse
1731 2153 1799 2203 ait
1827 2152 1951 2223 (Ep.

140 2234 260 2302 33.)
277 2273 291 2298 ,
332 2238 424 2303 qui
447 2237 557 2285 vice
590 2252 707 2286 mea
732 2242 917 2286 saneto
959 2237 1239 2286 conventui
1263 2242 1470 2286 vestrae
1492 2240 1856 2302 fraternitatis
1883 2242 1954 2289 in·

140 2323 351 2379 tersint,
391 2327 442 2371 et
474 2323 735 2391 communi
767 2322 1029 2372 vobiscum
1074 2323 1360 2380 sententia,
1408 2340 1545 2390 quae
1582 2323 1815 2374 Domino
1853 2328 1959 2376 sint

134 2408 438 2474 placitura,
465 2409 790 2457 constituant
799 2426 816 2466 3
853 2408 955 2458 hoc
981 2413 1082 2468 est,
1119 2413 1180 2457 ut
1192 2409 1444 2473 primitus
1476 2411 1741 2476 pestifero
1770 2429 1955 2461 errore

139 2493 419 2553 damnato,
455 2494 612 2542 etiam
636 2493 703 2542 de
726 2494 924 2558 ipsius,
963 2495 1056 2560 qui
1091 2494 1452 2558 imprudenter
1490 2498 1714 2554 erravit,
1748 2499 1954 2548 restitu-

139 2579 282 2627 tione
308 2582 593 2627 tractetur:
621 2583 673 2627 et
697 2575 1009 2628 conditiones
1036 2575 1208 2628 statim
1234 2577 1460 2647 subjicit,
1489 2595 1557 2630 ex
1584 2580 1759 2647 quihus
1787 2581 1955 2649 liquet.

139 2669 294 2711 totam
320 2659 687 2728 quaestionem,
716 2662 774 2712 de
801 2679 895 2730 qua
920 2661 972 2712 in
1000 2661 1206 2713 coneilio
1233 2662 1474 2732 agendum
1502 2665 1816 2734 praestituit,
1857 2686 1954 2718 non

145 2744 433 2814 respexisse
459 2745 635 2814 dogma
660 2745 712 2796 in
746 2763 835 2798 sua
869 2747 929 2798 ad
958 2744 1248 2799 Flavianum
1285 2747 1492 2816 epistola
1518 2749 1802 2814 definitum,
1830 2754 1957 2819 quod

144 2838 332 2881 sartum
357 2837 539 2880 tectum
567 2829 761 2881 servari
780 2829 965 2900 jussit,
996 2831 1080 2882 sed
1092 2827 1337 2900 Eutychis
1358 2832 1724 2886 restitutionem
1750 2835 1822 2886 ita
1850 2853 1959 2907 spe-

142 2923 334 2977 ctasse,
362 2923 415 2964 ut
441 2912 796 2966 restituendum
836 2916 1096 2979 concedat,
1138 2915 1179 2966 si
1215 2933 1503 2985 perversum
1531 2935 1753 2971 errorem
1780 2922 1956 2992 explo-

142 3009 251 3052 rate
277 3009 327 3051 et
353 3008 523 3070 aperte
550 3000 858 3052 condemnet.
887 2999 1080 3053 Similia
1108 3001 1338 3071 leguntur
1363 3001 1413 3052 in
1441 3001 1550 3055 aliis
1575 3003 1799 3075 epistolis
1827 3025 1855 3058 a
1881 3007 1956 3059 vi-

144 3084 333 3153 gesima
358 3086 536 3138 octava
562 3085 620 3137 ad
657 3085 967 3156 trigesimam
1010 3094 1253 3153 quartam.
1308 3085 1431 3139 Cum
1458 3106 1608 3159 porro
1635 3092 1855 3161 synodus
1880 3092 1955 3144 in—

144 3169 273 3220 dicta
294 3168 480 3239 Ephesi
503 3171 567 3222 ob
592 3170 777 3223 illatam
804 3169 1042 3223 Patribus
1066 3171 1166 3224 vim
1193 3187 1602 3243 suppressamque
1629 3176 1957 3246 dogmaticam

147 3253 334 3306 Leonis
361 3254 618 3325 epistolam
644 3256 889 3310 evasisset
913 3259 964 3308 in
991 3257 1331 3322 latrocinium,
1365 3258 1438 3310 ita
1465 3259 1631 3312 omnia
1666 3271 1842 3315 eontra
1872 3266 1956 3334 jus

144 3348 192 3390 et
219 3340 293 3391 fas
321 3340 609 3409 perturbata¹
641 3343 853 3407 fuerunt,
881 3353 934 3394 ut
961 3342 1009 3393 in
1039 3351 1114 3394 tot
1138 3342 1386 3395 malorum
1402 3345 1667 3398 remedium
1687 3349 1955 3418 judicatum

142 3424 289 3476 fuerit
309 3425 794 3480 necessariumaliud
812 3429 1016 3481 liberum
1039 3430 1274 3498 generale
1300 3430 1574 3496 concilium,
1602 3433 1954 3496 necessarium,

142 3507 367 3577 inquam,
407 3527 505 3562 non
541 3512 837 3566 necessitate
869 3514 1026 3583 juriS,
1068 3515 1149 3566 sed
1177 3514 1318 3577 farti,
1351 3517 1480 3585 ‘quod
1502 3519 1584 3586 jus
1613 3517 1808 3571 habenti
1836 3519 1955 3570 nihi!
