<?xml version="1.0" encoding="UTF-8"?>
<!DOCTYPE html PUBLIC "-//W3C//DTD XHTML 1.0 Transitional//EN"
    "http://www.w3.org/TR/xhtml1/DTD/xhtml1-transitional.dtd">
<html xmlns="http://www.w3.org/1999/xhtml" xml:lang="en" lang="en">
 <head>
  <title>
</title>
<meta http-equiv="Content-Type" content="text/html;charset=utf-8" />
  <meta name='ocr-system' content='tesseract 3.04.00' />
  <meta name='ocr-capabilities' content='ocr_page ocr_carea ocr_par ocr_line ocrx_word'/>
</head>
<body>
  <div class='ocr_page' id='page_1' title='image "a546178500balluoft_0159.png"; bbox 0 0 2320 3990; ppageno 0'>
   <div class='ocr_carea' id='block_1_1' title="bbox 0 0 20 892">
    <p class='ocr_par' dir='ltr' id='par_1_1' title="bbox 0 0 20 892">
     <span class='ocr_line' id='line_1_1' title="bbox 0 0 20 892; baseline 0 0"><span class='ocrx_word' id='word_1_1' title='bbox 0 0 20 892; x_wconf 95' lang='lat' dir='ltr'><strong> </strong></span> 
     </span>
    </p>
   </div>
   <div class='ocr_carea' id='block_1_2' title="bbox 695 245 1343 304">
    <p class='ocr_par' dir='ltr' id='par_1_2' title="bbox 695 245 1343 304">
     <span class='ocr_line' id='line_1_2' title="bbox 695 245 1343 304; baseline 0.003 -2"><span class='ocrx_word' id='word_1_2' title='bbox 695 280 863 291; x_wconf 86' lang='lat'><strong>——-</strong></span> <span class='ocrx_word' id='word_1_3' title='bbox 951 245 1078 304; x_wconf 83' lang='lat'>-127</span> <span class='ocrx_word' id='word_1_4' title='bbox 1171 277 1343 285; x_wconf 91' lang='grc'><strong>--</strong></span> 
     </span>
    </p>
   </div>
   <div class='ocr_carea' id='block_1_3' title="bbox 116 410 1944 1689">
    <p class='ocr_par' dir='ltr' id='par_1_3' title="bbox 116 410 1944 1689">
     <span class='ocr_line' id='line_1_3' title="bbox 123 410 1938 486; baseline -0.002 -16"><span class='ocrx_word' id='word_1_5' title='bbox 123 419 342 486; x_wconf 78' lang='lat' dir='ltr'><strong>idemque</strong></span> <span class='ocrx_word' id='word_1_6' title='bbox 378 433 485 469; x_wconf 86' lang='lat' dir='ltr'><strong>cum</strong></span> <span class='ocrx_word' id='word_1_7' title='bbox 521 413 580 468; x_wconf 87' lang='lat' dir='ltr'><strong>S.</strong></span> <span class='ocrx_word' id='word_1_8' title='bbox 610 412 851 468; x_wconf 87' lang='lat' dir='ltr'><strong>Cornelio</strong></span> <span class='ocrx_word' id='word_1_9' title='bbox 891 431 1080 466; x_wconf 88' lang='lat' dir='ltr'><strong>summo</strong></span> <span class='ocrx_word' id='word_1_10' title='bbox 1107 410 1355 467; x_wconf 85' lang='lat' dir='ltr'><strong>Pontifice</strong></span> <span class='ocrx_word' id='word_1_11' title='bbox 1381 411 1545 464; x_wconf 90' lang='lat' dir='ltr'><strong>multis</strong></span> <span class='ocrx_word' id='word_1_12' title='bbox 1571 410 1703 482; x_wconf 86' lang='lat' dir='ltr'><strong>egit,</strong></span> <span class='ocrx_word' id='word_1_13' title='bbox 1744 422 1799 464; x_wconf 90' lang='lat' dir='ltr'><strong>ut</strong></span> <span class='ocrx_word' id='word_1_14' title='bbox 1827 431 1938 467; x_wconf 91' lang='lat' dir='ltr'><strong>eum</strong></span> 
     </span>
     <span class='ocr_line' id='line_1_4' title="bbox 121 498 1940 572; baseline -0.002 -17"><span class='ocrx_word' id='word_1_15' title='bbox 121 504 169 555; x_wconf 88' lang='lat' dir='ltr'><strong>iu</strong></span> <span class='ocrx_word' id='word_1_16' title='bbox 203 519 342 554; x_wconf 90' lang='lat' dir='ltr'><strong>suam</strong></span> <span class='ocrx_word' id='word_1_17' title='bbox 375 510 567 572; x_wconf 88' lang='lat' dir='ltr'><strong>partem</strong></span> <span class='ocrx_word' id='word_1_18' title='bbox 605 500 895 552; x_wconf 83' lang='lat' dir='ltr'><strong>adduceret:</strong></span> <span class='ocrx_word' id='word_1_19' title='bbox 943 500 986 552; x_wconf 92' lang='lat' dir='ltr'><strong>si</strong></span> <span class='ocrx_word' id='word_1_20' title='bbox 1020 498 1153 552; x_wconf 90' lang='lat' dir='ltr'><strong>enim</strong></span> <span class='ocrx_word' id='word_1_21' title='bbox 1190 498 1317 552; x_wconf 88' lang='lat' dir='ltr'><strong>hanc</strong></span> <span class='ocrx_word' id='word_1_22' title='bbox 1351 498 1638 552; x_wconf 78' lang='lat' dir='ltr'><strong>cathedram</strong></span> <span class='ocrx_word' id='word_1_23' title='bbox 1661 515 1802 553; x_wconf 87' lang='lat' dir='ltr'><strong>suam</strong></span> <span class='ocrx_word' id='word_1_24' title='bbox 1827 517 1940 553; x_wconf 85' lang='lat' dir='ltr'><strong>esse</strong></span> 
     </span>
     <span class='ocr_line' id='line_1_5' title="bbox 121 583 1938 659; baseline -0.001 -19"><span class='ocrx_word' id='word_1_25' title='bbox 121 589 331 659; x_wconf 89' lang='lat' dir='ltr'><strong>probare</strong></span> <span class='ocrx_word' id='word_1_26' title='bbox 355 586 618 658; x_wconf 79' lang='lat' dir='ltr'><strong>potuisset,</strong></span> <span class='ocrx_word' id='word_1_27' title='bbox 644 586 967 658; x_wconf 81' lang='lat' dir='ltr'>praevidebat</span> <span class='ocrx_word' id='word_1_28' title='bbox 992 603 1048 638; x_wconf 91' lang='lat' dir='ltr'><strong>se</strong></span> <span class='ocrx_word' id='word_1_29' title='bbox 1073 584 1428 637; x_wconf 82' lang='lat' dir='ltr'><strong>declinaturum</strong></span> <span class='ocrx_word' id='word_1_30' title='bbox 1448 583 1732 638; x_wconf 81' lang='lat' dir='ltr'><strong>schismatis</strong></span> <span class='ocrx_word' id='word_1_31' title='bbox 1751 594 1938 651; x_wconf 90' lang='lat' dir='ltr'><strong>notam,</strong></span> 
     </span>
     <span class='ocr_line' id='line_1_6' title="bbox 120 668 1940 740; baseline -0.001 -13"><span class='ocrx_word' id='word_1_32' title='bbox 120 683 169 727; x_wconf 90' lang='lat' dir='ltr'><strong>et</strong></span> <span class='ocrx_word' id='word_1_33' title='bbox 193 674 255 726; x_wconf 93' lang='lat' dir='ltr'><strong>ob</strong></span> <span class='ocrx_word' id='word_1_34' title='bbox 291 672 684 726; x_wconf 84' lang='lat' dir='ltr'><strong>communionem</strong></span> <span class='ocrx_word' id='word_1_35' title='bbox 721 691 831 726; x_wconf 90' lang='lat' dir='ltr'><strong>cum</strong></span> <span class='ocrx_word' id='word_1_36' title='bbox 863 670 1095 726; x_wconf 77' lang='lat' dir='ltr'><strong>Ecclesia</strong></span> <span class='ocrx_word' id='word_1_37' title='bbox 1129 668 1418 740; x_wconf 84' lang='lat' dir='ltr'><strong>principali,</strong></span> <span class='ocrx_word' id='word_1_38' title='bbox 1456 686 1527 722; x_wconf 86' lang='lat' dir='ltr'><strong>ex</strong></span> <span class='ocrx_word' id='word_1_39' title='bbox 1562 689 1659 740; x_wconf 87' lang='lat' dir='ltr'><strong>qua</strong></span> <span class='ocrx_word' id='word_1_40' title='bbox 1695 675 1940 726; x_wconf 84' lang='lat' dir='ltr'><strong>sacerdo-</strong></span> 
     </span>
     <span class='ocr_line' id='line_1_7' title="bbox 116 753 1941 824; baseline -0.002 -11"><span class='ocrx_word' id='word_1_41' title='bbox 116 763 242 813; x_wconf 85' lang='lat' dir='ltr'><strong>talis</strong></span> <span class='ocrx_word' id='word_1_42' title='bbox 267 763 442 812; x_wconf 77' lang='lat' dir='ltr'><strong>unitas</strong></span> <span class='ocrx_word' id='word_1_43' title='bbox 482 760 671 824; x_wconf 82' lang='lat' dir='ltr'><strong>oritur,</strong></span> <span class='ocrx_word' id='word_1_44' title='bbox 707 757 887 811; x_wconf 68' lang='lat' dir='ltr'><strong>imitati</strong></span> <span class='ocrx_word' id='word_1_45' title='bbox 923 755 1140 808; x_wconf 91' lang='lat' dir='ltr'><strong>omnium</strong></span> <span class='ocrx_word' id='word_1_46' title='bbox 1166 753 1426 808; x_wconf 82' lang='lat' dir='ltr'><strong>Ecclesiae</strong></span> <span class='ocrx_word' id='word_1_47' title='bbox 1465 756 1775 809; x_wconf 81' lang='lat' dir='ltr'><strong>sacerdotum</strong></span> <span class='ocrx_word' id='word_1_48' title='bbox 1802 775 1941 810; x_wconf 88' lang='lat' dir='ltr'><strong>suam</strong></span> 
     </span>
     <span class='ocr_line' id='line_1_8' title="bbox 121 839 1942 917; baseline -0.001 -20"><span class='ocrx_word' id='word_1_49' title='bbox 121 855 310 917; x_wconf 84' lang='lat' dir='ltr'><strong>partem</strong></span> <span class='ocrx_word' id='word_1_50' title='bbox 350 864 461 899; x_wconf 88' lang='lat' dir='ltr'><strong>esse</strong></span> <span class='ocrx_word' id='word_1_51' title='bbox 500 845 853 899; x_wconf 87' lang='lat' dir='ltr'><strong>accensendam</strong></span> <span class='ocrx_word' id='word_1_52' title='bbox 895 841 1186 896; x_wconf 86' lang='lat' dir='ltr'><strong>confidebat.</strong></span> <span class='ocrx_word' id='word_1_53' title='bbox 1268 839 1357 892; x_wconf 80' lang='lat' dir='ltr'><strong>Ex</strong></span> <span class='ocrx_word' id='word_1_54' title='bbox 1394 841 1659 895; x_wconf 85' lang='lat' dir='ltr'><strong>haereticis</strong></span> <span class='ocrx_word' id='word_1_55' title='bbox 1696 861 1848 908; x_wconf 78' lang='lat' dir='ltr'><strong>vero,</strong></span> <span class='ocrx_word' id='word_1_56' title='bbox 1886 853 1942 895; x_wconf 88' lang='lat' dir='ltr'><strong>ut</strong></span> 
     </span>
     <span class='ocr_line' id='line_1_9' title="bbox 122 926 1939 1002; baseline 0.001 -20"><span class='ocrx_word' id='word_1_57' title='bbox 122 941 431 1002; x_wconf 83' lang='lat' dir='ltr'><strong>praeteream</strong></span> <span class='ocrx_word' id='word_1_58' title='bbox 478 931 836 986; x_wconf 87' lang='lat' dir='ltr'><strong>Marcionistas</strong></span> <span class='ocrx_word' id='word_1_59' title='bbox 872 938 922 982; x_wconf 93' lang='lat' dir='ltr'><strong>et</strong></span> <span class='ocrx_word' id='word_1_60' title='bbox 958 926 1300 980; x_wconf 87' lang='lat' dir='ltr'><strong>Montanistas</strong></span> <span class='ocrx_word' id='word_1_61' title='bbox 1347 927 1569 998; x_wconf 87' lang='lat' dir='ltr'><strong>aliosque</strong></span> <span class='ocrx_word' id='word_1_62' title='bbox 1618 929 1939 995; x_wconf 79' lang='lat' dir='ltr'><strong>vetustiore8‚</strong></span> 
     </span>
     <span class='ocr_line' id='line_1_10' title="bbox 123 1011 1941 1090; baseline -0.001 -21"><span class='ocrx_word' id='word_1_63' title='bbox 123 1018 204 1088; x_wconf 86' lang='lat' dir='ltr'><strong>qui</strong></span> <span class='ocrx_word' id='word_1_64' title='bbox 238 1017 452 1071; x_wconf 90' lang='lat' dir='ltr'><strong>Romam</strong></span> <span class='ocrx_word' id='word_1_65' title='bbox 488 1017 695 1090; x_wconf 87' lang='lat' dir='ltr'><strong>profecti</strong></span> <span class='ocrx_word' id='word_1_66' title='bbox 732 1014 975 1068; x_wconf 91' lang='lat' dir='ltr'><strong>Romanis</strong></span> <span class='ocrx_word' id='word_1_67' title='bbox 1020 1011 1346 1067; x_wconf 88' lang='lat' dir='ltr'><strong>Pontificibus</strong></span> <span class='ocrx_word' id='word_1_68' title='bbox 1383 1015 1546 1066; x_wconf 87' lang='lat' dir='ltr'><strong>fucum</strong></span> <span class='ocrx_word' id='word_1_69' title='bbox 1583 1016 1750 1069; x_wconf 86' lang='lat' dir='ltr'><strong>facere</strong></span> <span class='ocrx_word' id='word_1_70' title='bbox 1777 1016 1941 1070; x_wconf 81' lang='lat' dir='ltr'><strong>conati</strong></span> 
     </span>
     <span class='ocr_line' id='line_1_11' title="bbox 122 1099 1943 1171; baseline -0.001 -16"><span class='ocrx_word' id='word_1_71' title='bbox 122 1114 268 1168; x_wconf 87' lang='lat' dir='ltr'><strong>sunt,</strong></span> <span class='ocrx_word' id='word_1_72' title='bbox 312 1105 445 1158; x_wconf 88' lang='lat' dir='ltr'><strong>solos</strong></span> <span class='ocrx_word' id='word_1_73' title='bbox 480 1103 704 1156; x_wconf 86' lang='lat' dir='ltr'><strong>Arianos</strong></span> <span class='ocrx_word' id='word_1_74' title='bbox 739 1101 940 1154; x_wconf 88' lang='lat' dir='ltr'><strong>interim</strong></span> <span class='ocrx_word' id='word_1_75' title='bbox 976 1099 1295 1154; x_wconf 89' lang='lat' dir='ltr'><strong>considerare</strong></span> <span class='ocrx_word' id='word_1_76' title='bbox 1329 1100 1454 1152; x_wconf 91' lang='lat' dir='ltr'><strong>satis</strong></span> <span class='ocrx_word' id='word_1_77' title='bbox 1490 1109 1629 1153; x_wconf 88' lang='lat' dir='ltr'><strong>esto:</strong></span> <span class='ocrx_word' id='word_1_78' title='bbox 1670 1101 1754 1171; x_wconf 87' lang='lat' dir='ltr'><strong>qui</strong></span> <span class='ocrx_word' id='word_1_79' title='bbox 1792 1100 1943 1155; x_wconf 84' lang='lat' dir='ltr'><strong>Libe-</strong></span> 
     </span>
     <span class='ocr_line' id='line_1_12' title="bbox 123 1188 1943 1260; baseline 0 -20"><span class='ocrx_word' id='word_1_80' title='bbox 123 1189 249 1241; x_wconf 90' lang='lat' dir='ltr'><strong>rium</strong></span> <span class='ocrx_word' id='word_1_81' title='bbox 293 1188 512 1260; x_wconf 90' lang='lat' dir='ltr'><strong>pluribus</strong></span> <span class='ocrx_word' id='word_1_82' title='bbox 561 1198 845 1243; x_wconf 84' lang='lat' dir='ltr'><strong>tentarunt:</strong></span> <span class='ocrx_word' id='word_1_83' title='bbox 901 1191 1000 1241; x_wconf 90' lang='lat' dir='ltr'><strong>ista</strong></span> <span class='ocrx_word' id='word_1_84' title='bbox 1047 1206 1222 1240; x_wconf 84' lang='lat' dir='ltr'><strong>secum</strong></span> <span class='ocrx_word' id='word_1_85' title='bbox 1259 1189 1412 1257; x_wconf 81' lang='lat' dir='ltr'><strong>impii</strong></span> <span class='ocrx_word' id='word_1_86' title='bbox 1442 1191 1734 1257; x_wconf 77' lang='lat' dir='ltr'><strong>coyitantes</strong></span> <span class='ocrx_word' id='word_1_87' title='bbox 1782 1190 1943 1258; x_wconf 85' lang='lat' dir='ltr'><strong>(teste</strong></span> 
     </span>
     <span class='ocr_line' id='line_1_13' title="bbox 123 1271 1941 1346; baseline 0.001 -20"><span class='ocrx_word' id='word_1_88' title='bbox 123 1273 400 1327; x_wconf 84' lang='lat' dir='ltr'><strong>Athanasio</strong></span> <span class='ocrx_word' id='word_1_89' title='bbox 427 1273 599 1346; x_wconf 90' lang='lat' dir='ltr'><strong>[epist.</strong></span> <span class='ocrx_word' id='word_1_90' title='bbox 628 1274 689 1326; x_wconf 90' lang='lat' dir='ltr'><strong>ad</strong></span> <span class='ocrx_word' id='word_1_91' title='bbox 714 1271 1042 1346; x_wconf 88' lang='lat' dir='ltr'><strong>Monach.]):</strong></span> <span class='ocrx_word' id='word_1_92' title='bbox 1087 1276 1150 1326; x_wconf 86' lang='lat' dir='ltr'><strong>Si</strong></span> <span class='ocrx_word' id='word_1_93' title='bbox 1174 1273 1443 1326; x_wconf 80' lang='lat' dir='ltr'><strong>Liberium</strong></span> <span class='ocrx_word' id='word_1_94' title='bbox 1479 1277 1532 1326; x_wconf 82' lang='lat' dir='ltr'><strong>iu</strong></span> <span class='ocrx_word' id='word_1_95' title='bbox 1569 1281 1806 1327; x_wconf 80' lang='lat' dir='ltr'><strong>nostram</strong></span> <span class='ocrx_word' id='word_1_96' title='bbox 1831 1294 1941 1328; x_wconf 84' lang='lat' dir='ltr'><strong>sen-</strong></span> 
     </span>
     <span class='ocr_line' id='line_1_14' title="bbox 121 1359 1942 1428; baseline -0.001 -16"><span class='ocrx_word' id='word_1_97' title='bbox 121 1364 335 1413; x_wconf 77' lang='lat' dir='ltr'><strong>teutiam.</strong></span> <span class='ocrx_word' id='word_1_98' title='bbox 374 1365 730 1422; x_wconf 73' lang='lat' dir='ltr'><strong>traxerimus,</strong></span> <span class='ocrx_word' id='word_1_99' title='bbox 768 1380 945 1413; x_wconf 80' lang='lat' dir='ltr'><strong>omnes</strong></span> <span class='ocrx_word' id='word_1_100' title='bbox 971 1362 1118 1411; x_wconf 77' lang='lat' dir='ltr'><strong>brevi</strong></span> <span class='ocrx_word' id='word_1_101' title='bbox 1141 1361 1530 1427; x_wconf 81' lang='lat' dir='ltr'><strong>superabimus.-</strong></span> <span class='ocrx_word' id='word_1_102' title='bbox 1571 1359 1686 1428; x_wconf 89' lang='lat' dir='ltr'><strong>quia</strong></span> <span class='ocrx_word' id='word_1_103' title='bbox 1713 1359 1942 1412; x_wconf 87' lang='lat' dir='ltr'><strong>nimirum</strong></span> 
     </span>
     <span class='ocr_line' id='line_1_15' title="bbox 125 1444 1944 1520; baseline 0 -21"><span class='ocrx_word' id='word_1_104' title='bbox 125 1446 348 1499; x_wconf 84' lang='lat' dir='ltr'><strong>catholici</strong></span> <span class='ocrx_word' id='word_1_105' title='bbox 383 1464 554 1498; x_wconf 90' lang='lat' dir='ltr'><strong>omnes</strong></span> <span class='ocrx_word' id='word_1_106' title='bbox 579 1445 811 1497; x_wconf 86' lang='lat' dir='ltr'><strong>Romano</strong></span> <span class='ocrx_word' id='word_1_107' title='bbox 846 1444 1081 1497; x_wconf 90' lang='lat' dir='ltr'><strong>Pontifici</strong></span> <span class='ocrx_word' id='word_1_108' title='bbox 1107 1447 1311 1516; x_wconf 87' lang='lat' dir='ltr'><strong>ejusque</strong></span> <span class='ocrx_word' id='word_1_109' title='bbox 1337 1445 1448 1497; x_wconf 83' lang='lat' dir='ltr'><strong>fidei</strong></span> <span class='ocrx_word' id='word_1_110' title='bbox 1475 1445 1692 1516; x_wconf 83' lang='lat' dir='ltr'><strong>legitime</strong></span> <span class='ocrx_word' id='word_1_111' title='bbox 1718 1446 1944 1520; x_wconf 90' lang='lat' dir='ltr'><strong>proposi-</strong></span> 
     </span>
     <span class='ocr_line' id='line_1_16' title="bbox 125 1530 1943 1602; baseline 0.002 -20"><span class='ocrx_word' id='word_1_112' title='bbox 125 1542 204 1585; x_wconf 84' lang='lat' dir='ltr'><strong>tae</strong></span> <span class='ocrx_word' id='word_1_113' title='bbox 241 1532 602 1584; x_wconf 87' lang='lat' dir='ltr'><strong>adhaerendum</strong></span> <span class='ocrx_word' id='word_1_114' title='bbox 639 1540 864 1584; x_wconf 89' lang='lat' dir='ltr'><strong>nossent.</strong></span> <span class='ocrx_word' id='word_1_115' title='bbox 917 1530 1048 1583; x_wconf 78' lang='lat' dir='ltr'><strong>‘Alia</strong></span> <span class='ocrx_word' id='word_1_116' title='bbox 1086 1548 1156 1582; x_wconf 85' lang='lat' dir='ltr'><strong>ex</strong></span> <span class='ocrx_word' id='word_1_117' title='bbox 1191 1530 1487 1602; x_wconf 87' lang='lat' dir='ltr'><strong>posterioris</strong></span> <span class='ocrx_word' id='word_1_118' title='bbox 1527 1532 1637 1586; x_wconf 86' lang='lat' dir='ltr'><strong>aevi</strong></span> <span class='ocrx_word' id='word_1_119' title='bbox 1678 1532 1943 1588; x_wconf 82' lang='lat' dir='ltr'><strong>haereticis</strong></span> 
     </span>
     <span class='ocr_line' id='line_1_17' title="bbox 124 1616 1275 1689; baseline 0.001 -22"><span class='ocrx_word' id='word_1_120' title='bbox 124 1618 264 1689; x_wconf 89' lang='lat' dir='ltr'><strong>hujus</strong></span> <span class='ocrx_word' id='word_1_121' title='bbox 290 1618 490 1687; x_wconf 87' lang='lat' dir='ltr'><strong>generis</strong></span> <span class='ocrx_word' id='word_1_122' title='bbox 517 1617 743 1687; x_wconf 75' lang='lat' dir='ltr'><strong>exempla</strong></span> <span class='ocrx_word' id='word_1_123' title='bbox 771 1616 1115 1687; x_wconf 81' lang='lat' dir='ltr'><strong>vulgatissima</strong></span> <span class='ocrx_word' id='word_1_124' title='bbox 1142 1626 1275 1668; x_wconf 83' lang='lat' dir='ltr'><strong>sunt.</strong></span> 
     </span>
    </p>
   </div>
   <div class='ocr_carea' id='block_1_4' title="bbox 124 1787 1946 3562">
    <p class='ocr_par' dir='ltr' id='par_1_4' title="bbox 957 1787 1100 1856">
     <span class='ocr_line' id='line_1_18' title="bbox 957 1787 1100 1856; baseline -0.007 -16"><span class='ocrx_word' id='word_1_125' title='bbox 957 1788 1003 1856; x_wconf 64' lang='grc' dir='ltr'><strong>ἓ.</strong></span> <span class='ocrx_word' id='word_1_126' title='bbox 1033 1787 1100 1842; x_wconf 85' lang='lat' dir='ltr'><strong>V.</strong></span> 
     </span>
    </p>

    <p class='ocr_par' dir='ltr' id='par_1_5' title="bbox 126 1905 1946 2069">
     <span class='ocr_line' id='line_1_19' title="bbox 131 1905 1944 1961; baseline 0.002 -15"><span class='ocrx_word' id='word_1_127' title='bbox 131 1905 390 1948; x_wconf 76' lang='lat' dir='ltr'><strong>Testimonia</strong></span> <span class='ocrx_word' id='word_1_128' title='bbox 419 1905 595 1947; x_wconf 79' lang='lat' dir='ltr'><strong>Eusebii</strong></span> <span class='ocrx_word' id='word_1_129' title='bbox 639 1905 928 1958; x_wconf 81' lang='lat' dir='ltr'><strong>Vercellensis,</strong></span> <span class='ocrx_word' id='word_1_130' title='bbox 964 1906 1161 1958; x_wconf 85' lang='lat' dir='ltr'><strong>Gregorii</strong></span> <span class='ocrx_word' id='word_1_131' title='bbox 1193 1905 1486 1958; x_wconf 79' lang='lat' dir='ltr'><strong>Nazianzeni‚</strong></span> <span class='ocrx_word' id='word_1_132' title='bbox 1523 1907 1683 1960; x_wconf 76' lang='lat' dir='ltr'><strong>Satyri,</strong></span> <span class='ocrx_word' id='word_1_133' title='bbox 1718 1909 1944 1961; x_wconf 79' lang='lat' dir='ltr'><strong>Ambrosii,</strong></span> 
     </span>
     <span class='ocr_line' id='line_1_20' title="bbox 126 1963 1946 2019; baseline 0.001 -13"><span class='ocrx_word' id='word_1_134' title='bbox 126 1970 165 2006; x_wconf 79' lang='lat' dir='ltr'><strong>et</strong></span> <span class='ocrx_word' id='word_1_135' title='bbox 201 1967 383 2008; x_wconf 72' lang='lat' dir='ltr'><strong>Cone-ilfi</strong></span> <span class='ocrx_word' id='word_1_136' title='bbox 416 1963 717 2018; x_wconf 68' lang='lat' dir='ltr'><strong>Aquicejense‘s‚</strong></span> <span class='ocrx_word' id='word_1_137' title='bbox 752 1966 821 2006; x_wconf 84' lang='lat' dir='ltr'><strong>cui</strong></span> <span class='ocrx_word' id='word_1_138' title='bbox 852 1966 964 2006; x_wconf 83' lang='lat' dir='ltr'><strong>idem</strong></span> <span class='ocrx_word' id='word_1_139' title='bbox 996 1968 1041 2007; x_wconf 87' lang='lat' dir='ltr'><strong>S.</strong></span> <span class='ocrx_word' id='word_1_140' title='bbox 1075 1967 1324 2007; x_wconf 74' lang='lat' dir='ltr'><strong>Ambrosius</strong></span> <span class='ocrx_word' id='word_1_141' title='bbox 1355 1968 1563 2019; x_wconf 80' lang='lat' dir='ltr'><strong>praefuit.</strong></span> <span class='ocrx_word' id='word_1_142' title='bbox 1630 1968 1842 2015; x_wconf 79' lang='lat' dir='ltr'><strong>Quomodo</strong></span> <span class='ocrx_word' id='word_1_143' title='bbox 1872 1967 1946 2016; x_wconf 75' lang='lat' dir='ltr'><strong>jus</strong></span> 
     </span>
     <span class='ocr_line' id='line_1_21' title="bbox 554 2025 1506 2069; baseline 0.006 -6"><span class='ocrx_word' id='word_1_144' title='bbox 554 2025 862 2065; x_wconf 79' lang='lat' dir='ltr'><strong>communionis</strong></span> <span class='ocrx_word' id='word_1_145' title='bbox 894 2038 914 2064; x_wconf 85' lang='lat' dir='ltr'><strong>e</strong></span> <span class='ocrx_word' id='word_1_146' title='bbox 948 2026 1143 2067; x_wconf 80' lang='lat' dir='ltr'><strong>Romana</strong></span> <span class='ocrx_word' id='word_1_147' title='bbox 1175 2026 1272 2066; x_wconf 80' lang='lat' dir='ltr'><strong>sede</strong></span> <span class='ocrx_word' id='word_1_148' title='bbox 1303 2027 1506 2069; x_wconf 77' lang='lat' dir='ltr'><strong>dimanet.</strong></span> 
     </span>
    </p>

    <p class='ocr_par' dir='ltr' id='par_1_6' title="bbox 124 2121 1945 3220">
     <span class='ocr_line' id='line_1_22' title="bbox 267 2121 1945 2197; baseline 0.002 -22"><span class='ocrx_word' id='word_1_149' title='bbox 267 2122 355 2175; x_wconf 79' lang='lat'><strong>23.</strong></span> <span class='ocrx_word' id='word_1_150' title='bbox 407 2121 608 2193; x_wconf 82' lang='lat' dir='ltr'><strong>Insigne</strong></span> <span class='ocrx_word' id='word_1_151' title='bbox 646 2124 704 2175; x_wconf 91' lang='lat' dir='ltr'><strong>de</strong></span> <span class='ocrx_word' id='word_1_152' title='bbox 743 2123 799 2175; x_wconf 93' lang='lat' dir='ltr'><strong>S.</strong></span> <span class='ocrx_word' id='word_1_153' title='bbox 828 2122 1047 2177; x_wconf 86' lang='lat' dir='ltr'><strong>Eusebio</strong></span> <span class='ocrx_word' id='word_1_154' title='bbox 1085 2124 1396 2178; x_wconf 87' lang='lat' dir='ltr'><strong>Vercellensi</strong></span> <span class='ocrx_word' id='word_1_155' title='bbox 1434 2124 1680 2197; x_wconf 88' lang='lat' dir='ltr'><strong>Episcopo</strong></span> <span class='ocrx_word' id='word_1_156' title='bbox 1720 2127 1945 2180; x_wconf 81' lang='lat' dir='ltr'><strong>testimo-</strong></span> 
     </span>
     <span class='ocr_line' id='line_1_23' title="bbox 128 2207 1945 2285; baseline 0.003 -26"><span class='ocrx_word' id='word_1_157' title='bbox 128 2208 258 2259; x_wconf 87' lang='lat' dir='ltr'><strong>uium</strong></span> <span class='ocrx_word' id='word_1_158' title='bbox 286 2208 477 2260; x_wconf 89' lang='lat' dir='ltr'><strong>eruitur</strong></span> <span class='ocrx_word' id='word_1_159' title='bbox 503 2227 571 2261; x_wconf 84' lang='lat' dir='ltr'><strong>ex</strong></span> <span class='ocrx_word' id='word_1_160' title='bbox 599 2209 822 2279; x_wconf 87' lang='lat' dir='ltr'><strong>epistola,</strong></span> <span class='ocrx_word' id='word_1_161' title='bbox 852 2228 996 2278; x_wconf 91' lang='lat' dir='ltr'><strong>quam</strong></span> <span class='ocrx_word' id='word_1_162' title='bbox 1023 2207 1260 2262; x_wconf 86' lang='lat' dir='ltr'><strong>Liberius</strong></span> <span class='ocrx_word' id='word_1_163' title='bbox 1283 2210 1425 2282; x_wconf 91' lang='lat' dir='ltr'><strong>Papa</strong></span> <span class='ocrx_word' id='word_1_164' title='bbox 1452 2212 1511 2263; x_wconf 88' lang='lat' dir='ltr'><strong>ad</strong></span> <span class='ocrx_word' id='word_1_165' title='bbox 1539 2212 1760 2264; x_wconf 88' lang='lat' dir='ltr'><strong>eumdem</strong></span> <span class='ocrx_word' id='word_1_166' title='bbox 1789 2214 1945 2285; x_wconf 88' lang='lat' dir='ltr'><strong>scrip-</strong></span> 
     </span>
     <span class='ocr_line' id='line_1_24' title="bbox 126 2293 1945 2366; baseline 0.004 -22"><span class='ocrx_word' id='word_1_167' title='bbox 126 2293 207 2344; x_wconf 80' lang='lat' dir='ltr'><strong>sit.</strong></span> <span class='ocrx_word' id='word_1_168' title='bbox 258 2294 363 2353; x_wconf 82' lang='lat' dir='ltr'><strong>Me,</strong></span> <span class='ocrx_word' id='word_1_169' title='bbox 383 2299 562 2360; x_wconf 74' lang='lat' dir='ltr'><strong>frater</strong></span> <span class='ocrx_word' id='word_1_170' title='bbox 589 2298 875 2359; x_wconf 75' lang='lat' dir='ltr'><strong>carissime,</strong></span> <span class='ocrx_word' id='word_1_171' title='bbox 913 2295 1089 2364; x_wconf 86' lang='lat' dir='ltr'><strong>inquit,</strong></span> <span class='ocrx_word' id='word_1_172' title='bbox 1118 2298 1192 2347; x_wconf 75' lang='lat' dir='ltr'><strong>acl</strong></span> <span class='ocrx_word' id='word_1_173' title='bbox 1214 2298 1460 2350; x_wconf 74' lang='lat' dir='ltr'><strong>solalt&#39;am</strong></span> <span class='ocrx_word' id='word_1_174' title='bbox 1488 2301 1623 2350; x_wconf 77' lang='lat' dir='ltr'><strong>vitae</strong></span> <span class='ocrx_word' id='word_1_175' title='bbox 1642 2304 1945 2366; x_wconf 74' lang='lat' dir='ltr'><strong>praesentis</strong></span> 
     </span>
     <span class='ocr_line' id='line_1_25' title="bbox 126 2382 1942 2454; baseline 0.004 -24"><span class='ocrx_word' id='word_1_176' title='bbox 126 2382 283 2448; x_wconf 70' lang='lat' dir='ltr'><strong>eriyit</strong></span> <span class='ocrx_word' id='word_1_177' title='bbox 318 2382 510 2431; x_wconf 74' lang='lat' dir='ltr'><strong>invicta</strong></span> <span class='ocrx_word' id='word_1_178' title='bbox 554 2382 688 2449; x_wconf 81' lang='lat' dir='ltr'><strong>fides</strong></span> <span class='ocrx_word' id='word_1_179' title='bbox 733 2388 851 2431; x_wconf 76' lang='lat' dir='ltr'><strong>tua:</strong></span> <span class='ocrx_word' id='word_1_180' title='bbox 902 2401 1007 2450; x_wconf 83' lang='lat' dir='ltr'><strong>qua</strong></span> <span class='ocrx_word' id='word_1_181' title='bbox 1052 2389 1301 2451; x_wconf 81' lang='lat' dir='ltr'><strong>sequutus</strong></span> <span class='ocrx_word' id='word_1_182' title='bbox 1339 2384 1754 2452; x_wconf 68' lang='lat' dir='ltr'><strong>Evarzyele‘orum</strong></span> <span class='ocrx_word' id='word_1_183' title='bbox 1784 2406 1942 2454; x_wconf 77' lang='lat' dir='ltr'><strong>prae-</strong></span> 
     </span>
     <span class='ocr_line' id='line_1_26' title="bbox 124 2467 1945 2540; baseline 0.005 -24"><span class='ocrx_word' id='word_1_184' title='bbox 124 2472 294 2533; x_wconf 78' lang='lat' dir='ltr'><strong>cepta,</strong></span> <span class='ocrx_word' id='word_1_185' title='bbox 319 2467 468 2517; x_wconf 84' lang='lat' dir='ltr'><strong>nullo</strong></span> <span class='ocrx_word' id='word_1_186' title='bbox 500 2484 695 2535; x_wconf 76' lang='lat' dir='ltr'><strong>yenere</strong></span> <span class='ocrx_word' id='word_1_187' title='bbox 722 2486 755 2517; x_wconf 86' lang='lat' dir='ltr'><strong>a</strong></span> <span class='ocrx_word' id='word_1_188' title='bbox 781 2469 1050 2518; x_wconf 77' lang='lat' dir='ltr'><strong>consortio</strong></span> <span class='ocrx_word' id='word_1_189' title='bbox 1078 2469 1217 2520; x_wconf 84' lang='lat' dir='ltr'><strong>sedis</strong></span> <span class='ocrx_word' id='word_1_190' title='bbox 1244 2467 1589 2536; x_wconf 80' lang='lat' dir='ltr'><strong>Apostolicae</strong></span> <span class='ocrx_word' id='word_1_191' title='bbox 1610 2473 1945 2540; x_wconf 77' lang='lat' dir='ltr'><strong>discrepasti,</strong></span> 
     </span>
     <span class='ocr_line' id='line_1_27' title="bbox 125 2549 1943 2622; baseline 0.002 -18"><span class='ocrx_word' id='word_1_192' title='bbox 125 2549 304 2604; x_wconf 91' lang='lat' dir='ltr'><strong>Viden&#39;</strong></span> <span class='ocrx_word' id='word_1_193' title='bbox 330 2554 668 2612; x_wconf 81' lang='lat' dir='ltr'><strong>consortium,</strong></span> <span class='ocrx_word' id='word_1_194' title='bbox 693 2550 823 2604; x_wconf 88' lang='lat' dir='ltr'><strong>idest</strong></span> <span class='ocrx_word' id='word_1_195' title='bbox 849 2551 1107 2613; x_wconf 87' lang='lat' dir='ltr'><strong>unitatem,</strong></span> <span class='ocrx_word' id='word_1_196' title='bbox 1133 2556 1273 2606; x_wconf 80' lang='lat' dir='ltr'><strong>sedis</strong></span> <span class='ocrx_word' id='word_1_197' title='bbox 1289 2552 1633 2622; x_wconf 82' lang='lat' dir='ltr'><strong>Apostolicae</strong></span> <span class='ocrx_word' id='word_1_198' title='bbox 1649 2557 1943 2609; x_wconf 87' lang='lat' dir='ltr'><strong>custoditum</strong></span> 
     </span>
     <span class='ocr_line' id='line_1_28' title="bbox 125 2633 1945 2713; baseline 0.005 -26"><span class='ocrx_word' id='word_1_199' title='bbox 125 2656 152 2688; x_wconf 89' lang='lat' dir='ltr'><strong>a</strong></span> <span class='ocrx_word' id='word_1_200' title='bbox 186 2633 239 2688; x_wconf 92' lang='lat' dir='ltr'><strong>S.</strong></span> <span class='ocrx_word' id='word_1_201' title='bbox 264 2634 481 2689; x_wconf 87' lang='lat' dir='ltr'><strong>Eusebio</strong></span> <span class='ocrx_word' id='word_1_202' title='bbox 521 2647 571 2689; x_wconf 90' lang='lat' dir='ltr'><strong>et</strong></span> <span class='ocrx_word' id='word_1_203' title='bbox 605 2637 909 2690; x_wconf 89' lang='lat' dir='ltr'><strong>consortium</strong></span> <span class='ocrx_word' id='word_1_204' title='bbox 944 2638 1135 2707; x_wconf 92' lang='lat' dir='ltr'><strong>quidem</strong></span> <span class='ocrx_word' id='word_1_205' title='bbox 1172 2639 1469 2710; x_wconf 88' lang='lat' dir='ltr'><strong>praesertim</strong></span> <span class='ocrx_word' id='word_1_206' title='bbox 1508 2640 1560 2692; x_wconf 90' lang='lat' dir='ltr'><strong>in</strong></span> <span class='ocrx_word' id='word_1_207' title='bbox 1597 2642 1714 2707; x_wconf 84' lang='lat' dir='ltr'><strong>fide,</strong></span> <span class='ocrx_word' id='word_1_208' title='bbox 1754 2643 1813 2696; x_wconf 92' lang='lat' dir='ltr'><strong>de</strong></span> <span class='ocrx_word' id='word_1_209' title='bbox 1850 2662 1945 2713; x_wconf 86' lang='lat' dir='ltr'><strong>qua</strong></span> 
     </span>
     <span class='ocr_line' id='line_1_29' title="bbox 129 2720 1944 2799; baseline 0.005 -27"><span class='ocrx_word' id='word_1_210' title='bbox 129 2731 230 2772; x_wconf 88' lang='lat' dir='ltr'><strong>tum</strong></span> <span class='ocrx_word' id='word_1_211' title='bbox 261 2720 478 2774; x_wconf 80' lang='lat' dir='ltr'><strong>maxime</strong></span> <span class='ocrx_word' id='word_1_212' title='bbox 522 2722 789 2791; x_wconf 87' lang='lat' dir='ltr'><strong>agebatur,</strong></span> <span class='ocrx_word' id='word_1_213' title='bbox 825 2722 970 2792; x_wconf 89' lang='lat' dir='ltr'><strong>idque</strong></span> <span class='ocrx_word' id='word_1_214' title='bbox 1003 2742 1104 2776; x_wconf 88' lang='lat' dir='ltr'><strong>non</strong></span> <span class='ocrx_word' id='word_1_215' title='bbox 1151 2743 1220 2777; x_wconf 83' lang='lat' dir='ltr'><strong>ex</strong></span> <span class='ocrx_word' id='word_1_216' title='bbox 1264 2725 1499 2795; x_wconf 87' lang='lat' dir='ltr'><strong>peculiari</strong></span> <span class='ocrx_word' id='word_1_217' title='bbox 1535 2729 1744 2795; x_wconf 89' lang='lat' dir='ltr'><strong>quadam</strong></span> <span class='ocrx_word' id='word_1_218' title='bbox 1791 2729 1944 2799; x_wconf 87' lang='lat' dir='ltr'><strong>ipsius</strong></span> 
     </span>
     <span class='ocr_line' id='line_1_30' title="bbox 127 2804 1944 2881; baseline 0.004 -24"><span class='ocrx_word' id='word_1_219' title='bbox 127 2804 331 2858; x_wconf 89' lang='lat' dir='ltr'><strong>Eusehii</strong></span> <span class='ocrx_word' id='word_1_220' title='bbox 362 2806 414 2858; x_wconf 91' lang='lat' dir='ltr'><strong>in</strong></span> <span class='ocrx_word' id='word_1_221' title='bbox 450 2807 671 2859; x_wconf 89' lang='lat' dir='ltr'><strong>eamdem</strong></span> <span class='ocrx_word' id='word_1_222' title='bbox 705 2809 872 2860; x_wconf 87' lang='lat' dir='ltr'><strong>sedem</strong></span> <span class='ocrx_word' id='word_1_223' title='bbox 910 2809 1260 2872; x_wconf 85' lang='lat' dir='ltr'><strong>observantia,</strong></span> <span class='ocrx_word' id='word_1_224' title='bbox 1299 2810 1385 2860; x_wconf 89' lang='lat' dir='ltr'><strong>sed</strong></span> <span class='ocrx_word' id='word_1_225' title='bbox 1424 2828 1494 2861; x_wconf 83' lang='lat' dir='ltr'><strong>ex</strong></span> <span class='ocrx_word' id='word_1_226' title='bbox 1528 2813 1944 2881; x_wconf 69' lang='lat' dir='ltr'><strong>Evanyeliorzcrn</strong></span> 
     </span>
     <span class='ocr_line' id='line_1_31' title="bbox 126 2891 1942 2967; baseline 0.005 -25"><span class='ocrx_word' id='word_1_227' title='bbox 126 2891 429 2963; x_wconf 87' lang='lat' dir='ltr'><strong>praeceptis,</strong></span> <span class='ocrx_word' id='word_1_228' title='bbox 482 2910 551 2945; x_wconf 83' lang='lat' dir='ltr'><strong>ex</strong></span> <span class='ocrx_word' id='word_1_229' title='bbox 584 2891 679 2944; x_wconf 88' lang='lat' dir='ltr'><strong>illis</strong></span> <span class='ocrx_word' id='word_1_230' title='bbox 716 2892 906 2946; x_wconf 90' lang='lat' dir='ltr'><strong>scilicet</strong></span> <span class='ocrx_word' id='word_1_231' title='bbox 937 2891 1256 2964; x_wconf 83' lang='lat' dir='ltr'><strong>Evangelicis</strong></span> <span class='ocrx_word' id='word_1_232' title='bbox 1292 2893 1620 2961; x_wconf 82' lang='lat' dir='ltr'><strong>testimoniis,</strong></span> <span class='ocrx_word' id='word_1_233' title='bbox 1670 2917 1796 2967; x_wconf 88' lang='lat' dir='ltr'><strong>quae</strong></span> <span class='ocrx_word' id='word_1_234' title='bbox 1833 2899 1942 2951; x_wconf 88' lang='lat' dir='ltr'><strong>dum</strong></span> 
     </span>
     <span class='ocr_line' id='line_1_32' title="bbox 126 2976 1944 3051; baseline 0.004 -21"><span class='ocrx_word' id='word_1_235' title='bbox 126 2980 230 3049; x_wconf 85' lang='lat' dir='ltr'><strong>ejus</strong></span> <span class='ocrx_word' id='word_1_236' title='bbox 256 2979 387 3032; x_wconf 92' lang='lat' dir='ltr'><strong>sedis</strong></span> <span class='ocrx_word' id='word_1_237' title='bbox 412 2976 674 3049; x_wconf 85' lang='lat' dir='ltr'><strong>primatum</strong></span> <span class='ocrx_word' id='word_1_238' title='bbox 699 2987 952 3044; x_wconf 89' lang='lat' dir='ltr'><strong>statuunt,</strong></span> <span class='ocrx_word' id='word_1_239' title='bbox 978 2979 1222 3032; x_wconf 88' lang='lat' dir='ltr'><strong>unitatem</strong></span> <span class='ocrx_word' id='word_1_240' title='bbox 1246 2979 1552 3051; x_wconf 89' lang='lat' dir='ltr'><strong>potissimum</strong></span> <span class='ocrx_word' id='word_1_241' title='bbox 1586 2982 1698 3035; x_wconf 83' lang='lat' dir='ltr'><strong>fidei</strong></span> <span class='ocrx_word' id='word_1_242' title='bbox 1724 3002 1832 3037; x_wconf 90' lang='lat' dir='ltr'><strong>cum</strong></span> <span class='ocrx_word' id='word_1_243' title='bbox 1861 3005 1944 3038; x_wconf 85' lang='lat' dir='ltr'><strong>ea—</strong></span> 
     </span>
     <span class='ocr_line' id='line_1_33' title="bbox 127 3062 1944 3140; baseline 0.004 -26"><span class='ocrx_word' id='word_1_244' title='bbox 127 3063 238 3115; x_wconf 90' lang='lat' dir='ltr'><strong>dam</strong></span> <span class='ocrx_word' id='word_1_245' title='bbox 262 3063 377 3117; x_wconf 90' lang='lat' dir='ltr'><strong>sede</strong></span> <span class='ocrx_word' id='word_1_246' title='bbox 403 3063 575 3132; x_wconf 88' lang='lat' dir='ltr'><strong>cuique</strong></span> <span class='ocrx_word' id='word_1_247' title='bbox 609 3062 847 3118; x_wconf 90' lang='lat' dir='ltr'><strong>catholico</strong></span> <span class='ocrx_word' id='word_1_248' title='bbox 874 3065 1074 3118; x_wconf 89' lang='lat' dir='ltr'><strong>omnino</strong></span> <span class='ocrx_word' id='word_1_249' title='bbox 1111 3066 1374 3120; x_wconf 88' lang='lat' dir='ltr'><strong>tenendam</strong></span> <span class='ocrx_word' id='word_1_250' title='bbox 1399 3067 1736 3140; x_wconf 86' lang='lat' dir='ltr'><strong>praecipiunt,</strong></span> <span class='ocrx_word' id='word_1_251' title='bbox 1770 3081 1826 3123; x_wconf 88' lang='lat' dir='ltr'><strong>ut</strong></span> <span class='ocrx_word' id='word_1_252' title='bbox 1863 3089 1944 3124; x_wconf 91' lang='lat' dir='ltr'><strong>su-</strong></span> 
     </span>
     <span class='ocr_line' id='line_1_34' title="bbox 130 3146 1152 3220; baseline 0.005 -23"><span class='ocrx_word' id='word_1_253' title='bbox 130 3146 312 3216; x_wconf 86' lang='lat' dir='ltr'><strong>periori</strong></span> <span class='ocrx_word' id='word_1_254' title='bbox 336 3149 498 3220; x_wconf 88' lang='lat' dir='ltr'><strong>capite</strong></span> <span class='ocrx_word' id='word_1_255' title='bbox 522 3148 751 3204; x_wconf 86' lang='lat' dir='ltr'><strong>vidimus.</strong></span> <span class='ocrx_word' id='word_1_256' title='bbox 1147 3207 1152 3210; x_wconf 64' lang='grc'><strong>,</strong></span> 
     </span>
    </p>

    <p class='ocr_par' dir='ltr' id='par_1_7' title="bbox 127 3219 1944 3562">
     <span class='ocr_line' id='line_1_35' title="bbox 250 3219 1944 3312; baseline 0.007 -29"><span class='ocrx_word' id='word_1_257' title='bbox 250 3219 360 3284; x_wconf 65' lang='grc'><strong>’24.</strong></span> <span class='ocrx_word' id='word_1_258' title='bbox 410 3230 531 3286; x_wconf 84' lang='grc' dir='ltr'>Νοιι</span> <span class='ocrx_word' id='word_1_259' title='bbox 555 3235 806 3288; x_wconf 89' lang='lat' dir='ltr'><strong>minimum</strong></span> <span class='ocrx_word' id='word_1_260' title='bbox 831 3235 883 3288; x_wconf 91' lang='lat' dir='ltr'><strong>in</strong></span> <span class='ocrx_word' id='word_1_261' title='bbox 909 3255 1014 3290; x_wconf 90' lang='lat' dir='ltr'><strong>rem</strong></span> <span class='ocrx_word' id='word_1_262' title='bbox 1039 3246 1355 3308; x_wconf 88' lang='lat' dir='ltr'><strong>praesentem</strong></span> <span class='ocrx_word' id='word_1_263' title='bbox 1381 3239 1643 3293; x_wconf 85' lang='lat' dir='ltr'><strong>conferunt</strong></span> <span class='ocrx_word' id='word_1_264' title='bbox 1675 3251 1944 3312; x_wconf 85' lang='lat' dir='ltr'><strong>sequentes</strong></span> 
     </span>
     <span class='ocr_line' id='line_1_36' title="bbox 129 3314 1943 3392; baseline 0.008 -26"><span class='ocrx_word' id='word_1_265' title='bbox 129 3314 185 3367; x_wconf 90' lang='lat' dir='ltr'><strong>S.</strong></span> <span class='ocrx_word' id='word_1_266' title='bbox 213 3314 451 3387; x_wconf 88' lang='lat' dir='ltr'><strong>Gregorii</strong></span> <span class='ocrx_word' id='word_1_267' title='bbox 474 3317 789 3376; x_wconf 87' lang='lat' dir='ltr'><strong>Nazianzeni</strong></span> <span class='ocrx_word' id='word_1_268' title='bbox 824 3341 1002 3377; x_wconf 89' lang='lat' dir='ltr'><strong>versus</strong></span> <span class='ocrx_word' id='word_1_269' title='bbox 1037 3341 1106 3376; x_wconf 82' lang='lat' dir='ltr'><strong>ex</strong></span> <span class='ocrx_word' id='word_1_270' title='bbox 1141 3323 1266 3375; x_wconf 89' lang='lat' dir='ltr'><strong>libro</strong></span> <span class='ocrx_word' id='word_1_271' title='bbox 1301 3324 1361 3377; x_wconf 93' lang='lat' dir='ltr'><strong>de</strong></span> <span class='ocrx_word' id='word_1_272' title='bbox 1414 3324 1531 3379; x_wconf 79' lang='lat' dir='ltr'><strong>Vita</strong></span> <span class='ocrx_word' id='word_1_273' title='bbox 1556 3345 1683 3392; x_wconf 77' lang='lat' dir='ltr'><strong>sua,</strong></span> <span class='ocrx_word' id='word_1_274' title='bbox 1718 3327 1800 3380; x_wconf 90' lang='lat' dir='ltr'><strong>ubi</strong></span> <span class='ocrx_word' id='word_1_275' title='bbox 1836 3346 1943 3382; x_wconf 88' lang='lat' dir='ltr'><strong>ser-</strong></span> 
     </span>
     <span class='ocr_line' id='line_1_37' title="bbox 130 3402 1943 3478; baseline 0.007 -26"><span class='ocrx_word' id='word_1_276' title='bbox 130 3418 323 3455; x_wconf 88' lang='lat' dir='ltr'><strong>monem</strong></span> <span class='ocrx_word' id='word_1_277' title='bbox 349 3402 535 3457; x_wconf 83' lang='lat' dir='ltr'><strong>faciens</strong></span> <span class='ocrx_word' id='word_1_278' title='bbox 561 3405 621 3459; x_wconf 91' lang='lat' dir='ltr'><strong>de</strong></span> <span class='ocrx_word' id='word_1_279' title='bbox 643 3416 853 3478; x_wconf 89' lang='lat' dir='ltr'><strong>utraque</strong></span> <span class='ocrx_word' id='word_1_280' title='bbox 879 3406 1072 3474; x_wconf 87' lang='lat' dir='ltr'><strong>Roma,</strong></span> <span class='ocrx_word' id='word_1_281' title='bbox 1100 3408 1260 3462; x_wconf 84' lang='lat' dir='ltr'><strong>veteri</strong></span> <span class='ocrx_word' id='word_1_282' title='bbox 1286 3418 1337 3462; x_wconf 90' lang='lat' dir='ltr'><strong>et</strong></span> <span class='ocrx_word' id='word_1_283' title='bbox 1371 3428 1532 3477; x_wconf 85' lang='lat' dir='ltr'><strong>nova,</strong></span> <span class='ocrx_word' id='word_1_284' title='bbox 1571 3410 1662 3466; x_wconf 91' lang='lat' dir='ltr'><strong>hoc</strong></span> <span class='ocrx_word' id='word_1_285' title='bbox 1697 3413 1831 3466; x_wconf 86' lang='lat' dir='ltr'><strong>inter</strong></span> <span class='ocrx_word' id='word_1_286' title='bbox 1857 3432 1943 3467; x_wconf 90' lang='lat' dir='ltr'><strong>eas</strong></span> 
     </span>
     <span class='ocr_line' id='line_1_38' title="bbox 127 3484 1940 3562; baseline 0.007 -26"><span class='ocrx_word' id='word_1_287' title='bbox 127 3484 387 3540; x_wconf 86' lang='lat' dir='ltr'><strong>discrimen</strong></span> <span class='ocrx_word' id='word_1_288' title='bbox 434 3499 603 3555; x_wconf 82' lang='lat' dir='ltr'><strong>notat,</strong></span> <span class='ocrx_word' id='word_1_289' title='bbox 651 3493 778 3562; x_wconf 89' lang='lat' dir='ltr'><strong>quod</strong></span> <span class='ocrx_word' id='word_1_290' title='bbox 815 3493 977 3547; x_wconf 88' lang='lat' dir='ltr'><strong>Roma</strong></span> <span class='ocrx_word' id='word_1_291' title='bbox 1026 3505 1169 3549; x_wconf 80' lang='lat' dir='ltr'><strong>vetus</strong></span> <span class='ocrx_word' id='word_1_292' title='bbox 1207 3494 1348 3547; x_wconf 81' lang='lat' dir='ltr'><strong>fidem</strong></span> <span class='ocrx_word' id='word_1_293' title='bbox 1385 3497 1665 3552; x_wconf 79' lang='lat' dir='ltr'><strong>servaverit</strong></span> <span class='ocrx_word' id='word_1_294' title='bbox 1701 3498 1940 3560; x_wconf 89' lang='lat' dir='ltr'><strong>illaesam,</strong></span> 
     </span>
    </p>
   </div>
  </div>
 </body>
</html>
