2320 3990
962 207 1581 267 *γε-...-

344 374 401 420 ΙΙ.
467 375 517 418 In
560 376 673 420 hanc
711 380 867 430 petrae
907 378 1564 435 interpretationmnffiqgamodo
1606 383 1804 427 Ecclesia
1848 397 1984 438 super
2027 386 2202 428 Pete-mn

343 434 574 489 aedificata
606 438 821 479 commode
849 437 1141 491 intelligatur.
1189 440 1318 482 Aliae
1347 441 1733 498 interpretationes
1764 447 2038 490 conciliatae.
2099 445 2203 488 Non

340 498 584 550 sing-utaris
615 498 693 545 illa
715 495 857 550 fides,
902 511 989 552 qna
1024 499 1070 542 S.
1108 501 1260 542 Petrus
1294 492 1511 543 christani
1534 496 1627 556 ‘Dei
1658 505 1822 548 Filium
1865 507 2091 559 professus
2121 510 2200 555 est,

342 559 416 599 sed
446 559 651 600 universa
676 556 794 610 fides
827 559 1102 613 Christiana,
1137 574 1267 616 quam
1300 563 1347 603 in
1378 560 1655 614 aedificanda
1685 565 1882 610 Ecclesia
1912 567 2202 620 praedicavit,

789 624 937 673 petrae
968 623 1143 663 nomine
1174 623 1434 676 accipienda
1467 627 1748 670 monstratur.

486 727 576 783 45.
615 727 718 800 Qui
742 732 887 786 fidem
914 750 1018 787 non
1043 753 1408 808 quamcumque
1425 776 1439 802 ‚
1478 735 1569 790 sed
1593 734 1743 790 Petri
1769 738 2088 794 confessione
2115 749 2197 792 aut

342 819 718 889 praedicatione
743 822 1056 894 propositam
1077 825 1359 883 Ecclesiae
1382 831 1597 895 petram
1622 823 1893 898 intelligit3
1920 828 1984 894 is,
2010 837 2068 881 ut
2090 846 2202 881 mo-

342 908 568 975 nuimus,
595 926 699 963 non
727 911 953 964 excludit
978 909 1194 965 Petrum
1211 953 1225 978 ‚
1254 914 1342 967 sed
1367 912 1529 986 ipsum
1558 912 1685 966 satis
1712 913 1764 967 in
1790 933 1854 968 ea
1878 916 1974 970 fide
2000 925 2054 970 et
2079 933 2201 969 con-

341 997 563 1052 fessione
589 995 855 1053 Ecclesiae
891 1000 1270 1054 smidamentum
1297 1001 1560 1073 agnoscit,
1601 1020 1730 1073 quae
1770 1021 1896 1057 sane
1929 1023 2034 1074 per
2060 1004 2202 1057 lianc

343 1085 455 1139 fidei
481 1094 700 1156 petram
739 1089 882 1143 basis
922 1091 1204 1143 Ecclesiae
1235 1094 1386 1161 fixus
1428 1098 1535 1156 est,
1571 1099 1625 1143 ut
1661 1090 1715 1143 in
1750 1089 1956 1145 Missali
1984 1089 2200 1146 Gothico

340 1174 576 1242 traditur,
604 1176 784 1247 quique
809 1178 1020 1250 proin'de
1046 1197 1149 1231 non
1170 1185 1333 1248 petra
1363 1187 1416 1232 et
1433 1180 1850 1249 fundamentum
1870 1179 2200 1243 solummodo,

340 1263 428 1316 sed
444 1271 613 1333 petra
633 1268 771 1335 fidei
795 1276 845 1319 et
865 1268 1000 1337 fidei
1018 1269 1434 1336 fundamentum
1461 1267 1740 1340 appellatur
1766 1286 1797 1321 a
1822 1266 2066 1322 Patribus
2094 1268 2202 1321 lau-

339 1350 469 1403 datis
497 1369 651 1422 supra
677 1370 813 1405 num.
833 1353 918 1405 1⁵2.
945 1364 996 1406 et
1014 1354 1100 1408 13.
1137 1355 1220 1405 Ibi
1245 1354 1481 1406 nimirum
1508 1356 1672 1408 habes
1692 1368 1989 1424 personam
2012 1375 2200 1416 meam,

340 1440 430 1492 ubi
467 1443 862 1510 confessionem
899 1460 1099 1503 meam,
1140 1441 1218 1494 hic
1258 1460 1456 1512 quoque
1495 1441 1662 1495 dicere
1697 1451 1868 1514 potest
1903 1439 1961 1495 S.
1990 1440 2199 1510 PetruS,

340 1527 410 1580 uti
438 1527 540 1582 alia
565 1528 837 1583 occasione
865 1529 997 1582 dixit
1024 1530 1154 1604 apud
1167 1527 1477 1584 Cassiammi
1504 1529 1589 1582 lib.
1609 1529 1660 1583 3.
1703 1532 1795 1584 De
1823 1535 2199 1586 incarnatione

340 1635 381 1668 c.
417 1616 501 1669 1⁵2.
554 1614 832 1673 Enimvero
862 1637 960 1689 qua
988 1637 1215 1691 congrua
1241 1619 1441 1673 ratione
1469 1617 1816 1689 Evangelicus
1842 1629 2020 1672 textus
2050 1619 2200 1673 aliter

340 1705 531 1777 exponi
558 1705 742 1778 possit,
783 1724 884 1757 non
923 1705 1089 1759 video,
1145 1704 1246 1774 Qui
1282 1706 1415 1760 enim
1454 1706 1565 1759 fieri
1603 1705 1797 1778 potuit,
1835 1716 1890 1759 ut
1918 1725 2069 1779 super
2095 1704 2199 1760 Pe-

339 1803 471 1845 trum
501 1793 852 1847 aedificaretur
878 1791 1147 1847 Ecclesia?
1195 1793 1318 1848 Non
1346 1814 1498 1867 super
1525 1812 1661 1860 ossa,
1689 1813 1784 1848 nec
1813 1813 1964 1867 super
1991 1813 2197 1848 carnem

340 1881 536 1952 quidem
563 1881 621 1935 S.
651 1880 800 1936 Petri
828 1882 1093 1936 aedificata
1117 1882 1335 1956 intelligi
1361 1893 1560 1956 potest3
1606 1893 1658 1936 at
1697 1902 1849 1956 super
1876 1882 2017 1936 fidem
2048 1883 2109 1936 ab
2137 1900 2196 1936 eo

338 1971 674 2042 praedicatam
712 1981 1005 2025 constructa
1044 1971 1229 2045 optime
1266 1972 1594 2044 intelligitur,
1646 1991 1755 2026 cum
1796 1969 1854 2025 S.
1893 1969 2200 2024 Ambrosius

338 2070 389 2113 et
418 2059 544 2113 alius
574 2069 751 2114 auctor
778 2059 1029 2114 sermonis
1069 2059 1189 2113 editi
1214 2060 1352 2113 inter
1381 2057 1745 2133 Chrysostomi
1771 2078 1929 2132 opera
1956 2060 2200 2112 observa-

337 2158 473 2200 runt.
537 2146 670 2202 Vide
709 2165 862 2220 supra
898 2167 950 2203 n.
981 2148 1031 2202 7.
1072 2156 1122 2200 et
1153 2147 1239 2200 13.
1309 2144 1438 2201 Cum
1477 2147 1671 2201 scilicet
1717 2165 1895 2202 verum
1933 2145 2197 2201 Ecclesiae

335 2236 710 2289 fundamentum
749 2234 816 2287 sit
854 2235 1004 2301 fides,
1059 2245 1113 2288 ut
1151 2235 1307 2288 tradit
1358 2234 1487 2289 idem
1525 2234 1834 2290 Ambrosius
1875 2232 2024 2307 (Lib.
2054 2235 2106 2289 6.
2146 2235 2198 2287 in

338 2323 466 2378 Luc.
496 2343 548 2376 n.
576 2323 700 2397 98.)
719 2365 732 2390 ‚
763 2334 1012 2395 quatenus
1040 2321 1277 2378 Ecclesia
1304 2342 1375 2377 ex
1401 2324 1629 2377 fidelihus
1665 2334 1908 2377 constans
1925 2365 1938 2391 9
1967 2343 2059 2396 per
2085 2323 2197 2377 fidei

336 2412 762 2485 praedicationem
803 2422 1100 2466 constructa
1126 2422 1235 2477 est,
1277 2430 1335 2465 ac
1373 2410 1483 2465 sine
1522 2412 1634 2484 ipsa
1672 2412 1902 2466 homines
1938 2431 2032 2466 nec
2060 2422 2195 2477 sunt,

334 2519 427 2554 nec
455 2519 570 2554 esse
596 2510 810 2572 possunt
835 2498 1100 2554 Ecclesiae
1140 2500 1397 2566 memhra3
1438 2519 1542 2552 non
1584 2499 1683 2553 alia
1709 2501 1939 2572 profecto
1969 2518 2196 2570 congrua

336 2588 533 2642 ratione
560 2585 619 2640 S.
647 2585 837 2640 Petrus
873 2587 1091 2660 intelligi
1129 2597 1298 2661 potest
1336 2587 1494 2660 ipsius
1519 2585 1783 2642 Ecclesiae
1820 2597 1965 2660 petra
1993 2596 2044 2639 et
2083 2587 2198 2639 fun-

336 2676 623 2729 damentum
659 2675 760 2729 nisi
797 2695 889 2749 per
925 2677 1097 2742 fidem,
1137 2695 1285 2748 quam
1323 2677 1438 2729 dum
1463 2675 1802 2748 praedicavit,
1843 2674 2195 2729 Ecclesiastici

334 2763 545 2818 aedificii
571 2765 946 2817 fundamentum
973 2764 1159 2837 posuit.
1213 2763 1293 2818 Ita
1318 2763 1535 2818 Patrum
1571 2764 1892 2830 testimonia,
1931 2763 2109 2835 quibus
2137 2761 2193 2816 S.

335 2851 556 2919 PetruS‚
595 2862 646 2906 et
671 2851 991 2919 testimonia,
1030 2852 1210 2923 quibus
1238 2855 1345 2926 ejus
1371 2853 1493 2907 fides
1512 2861 1709 2923 petrae
1736 2853 1940 2907 nomine
1968 2851 2196 2923 explica-

335 2951 446 3006 tur,
486 2941 611 2994 nihil
636 2949 866 3013 pugnant
890 2940 1026 2994 inter
1053 2959 1137 3006 se,
1180 2942 1268 2995 sed
1305 2940 1494 3014 optime
1533 2940 1836 3004 cohaerent,
1877 2949 1927 2993 et
1967 2939 2018 2991 in
2043 2957 2194 2991 unam

335 3030 657 3100 eamdemque
685 3029 983 3083 catholicam
1010 3028 1290 3082 doctrinam
1318 3047 1376 3081 ac
1403 3025 1729 3080 traditionem
1752 3027 2064 3099 conspirant.
2103 3025 2194 3079 Ex

332 3137 434 3171 una
462 3118 595 3172 enim
621 3128 766 3191 parte
793 3115 1137 3189 Evangelicus
1164 3125 1344 3170 textus
1372 3115 1432 3167 de
1452 3112 1510 3166 S.
1526 3112 1687 3168 Petro
1714 3114 1917 3187 proprie
1945 3115 2194 3187 accipien-

334 3207 425 3259 dus
453 3207 719 3274 statuitur-3
762 3225 832 3260 ex
859 3205 957 3259 alia
981 3224 1136 3272 vero,
1176 3224 1276 3277 qua
1314 3221 1541 3274 congrua
1579 3203 1639 3256 de
1666 3222 1726 3257 eo
1766 3203 1963 3257 ratione
1990 3202 2192 3276 proprie

334 3292 687 3364 intelligendus
715 3295 806 3361 sit,
835 3294 1094 3348 commode
1121 3291 1425 3366 exponitur=
1455 3291 1586 3362 quod
1610 3301 1877 3362 utriunque
1904 3289 1962 3345 S.
1992 3289 2193 3362 Grego-

335 3379 443 3434 rius
470 3379 838 3436 Nazianzenus
878 3392 994 3456 apte
1034 3381 1370 3454 complectens
1406 3379 1611 3453 scripsit
1646 3379 1826 3452 (Orat.
1856 3380 1916 3433 de
1941 3379 2188 3433 moderat.

335 3488 470 3524 serv.
500 3468 551 3522 in
581 3468 825 3543 disput.):
860 3472 1058 3525 Petrus
1090 3476 1253 3541 petra
1280 3476 1528 3522 vocatur:
1573 3477 1733 3540 atque
1762 3469 2042 3522 Ecclesiae
2064 3470 2189 3536 fun-

335 3561 585 3611 darnenta
605 3561 741 3629 fidei
766 3579 894 3612 sane
922 3562 1134 3613 credita
1162 3557 1335 3610 habet.
