2314 3984
942 214 1600 274 »ν-ὴ--Ξθὸᾕψῃ

343 383 523 456 plicat,
564 383 766 454 quinam
806 381 910 435 sint
947 381 1022 435 illi
1057 383 1154 436 duo
1189 384 1362 457 lapsus
1394 402 1745 443 suceessorum
1772 391 2004 458 molesti,
2030 393 2198 464 lapsus

343 471 538 525 scilieet
562 468 792 536 Liberii‚
833 478 984 541 atque
1009 469 1230 526 Honorii
1245 511 1260 539 ‚
1300 490 1427 544 quos
1451 485 1514 528 ut*
1531 478 1693 550 magis
1718 479 2018 552 exploratos
2045 490 2196 551 atque

340 558 637 632 praecipuos
674 576 833 612 eausa
867 559 1090 633 exempli
1125 577 1375 633 expresse
1410 563 1640 618 nominat
1671 566 1834 621 tribus
1868 568 1921 621 in
1949 569 2195 642 capitibus

341 651 391 701 2.
422 646 474 699 5.
503 656 552 700 et
577 646 630 700 9.
662 646 776 700 aliis
802 647 1016 701 aliorum
1042 646 1344 703 Pontificum
1381 649 1615 704 indicatis
1651 662 1846 708 tantum
1873 657 2080 710 confuse
2105 675 2196 728 ge·-

340 735 596 790 neralibus
621 735 810 789 verbis.
864 735 1034 789 Unum
1060 747 1258 791 textum
1296 738 1376 792 hic
1402 739 1620 792 referam
1659 759 1730 794 ex
1768 760 1877 815 cap.
1907 744 1988 810 5.‚
2014 745 2067 797 in
2095 764 2192 815 quo

338 827 451 892 ille,
490 844 554 879 ne
580 825 660 878 his
687 825 948 878 erroribus
975 826 1184 899 objectis
1223 827 1486 899 quicquam
1512 828 1696 881 afferre
1720 828 1954 883 videatur
1979 832 2193 904 promis-

340 914 410 968 sis
438 912 633 969 Christi
659 913 998 980 eontrarium‚
1035 916 1321 988 exemplum
1354 915 1635 989 praemittit
1670 935 1742 970 ex
1768 917 1913 990 lapsu
1937 917 1995 972 S.
2024 918 2190 985 Petri,

339 1003 418 1056 cui
443 1002 714 1077 promissio
743 1000 939 1056 Christi
964 1004 1101 1058 faeta
1124 1004 1237 1057 fuit.
1291 1003 1616 1075 Accipiendi
1642 1025 1801 1076 erqo,
1839 1006 2002 1078 inquit
2041 1006 2109 1080 (t.
2139 1009 2190 1060 Ξ).

336 1091 546 1146 Defens.
575 1111 624 1164 p.
656 1091 779 1146 191.
809 1111 974 1146 novae
1001 1092 1152 1166 edit.)
1183 1095 1422 1147 Romani
1450 1095 1746 1165 Pontifices
1785 1103 2057 1166 tamquam
2081 1117 2192 1150 una

326 1201 571 1251 persona
600 1182 784 1243 Petri,
821 1184 876 1233 in
913 1201 1021 1251 qua
1052 1201 1341 1252 numquam
1367 1186 1509 1254 fides
1540 1187 1759 1252 penitus
1794 1186 2027 1255 deficiat.
2102 1184 2190 1237 At-

335 1289 436 1340 que
461 1273 600 1323 utin
629 1271 899 1339 aliquibus
925 1272 1172 1330 vacillet,
1209 1278 1305 1323 aut
1328 1274 1581 1324 concidat
1590 1291 1609 1333 ,·
1643 1291 1753 1324 non
1792 1279 1970 1325 tamen
2009 1276 2191 1343 deficit

333 1361 387 1409 in
414 1365 608 1418 totum,
645 1376 783 1426 quae
818 1359 998 1409 statim
1031 1360 1304 1410 revictura
1330 1362 1415 1410 sit.
1470 1358 1614 1410 Nam
1641 1367 1694 1410 et
1722 1360 1921 1412 Petrus
1960 1365 2191 1429 negavit,

334 1453 387 1498 et
409 1446 723 1498 incredulus
746 1447 886 1514 fuit,
918 1452 1211 1515 postquam
1246 1446 1455 1498 audivit
1489 1447 1659 1507 illud,
1685 1443 1891 1517 Rogavi
1916 1465 2008 1518 pro
2035 1456 2106 1512 te,
2134 1458 2190 1500 ut

332 1552 436 1586 non
461 1532 660 1587 deficiat
685 1532 808 1586 fides
832 1542 945 1600 tua3
983 1536 1081 1586 sed
1105 1536 1283 1586 statim
1321 1537 1595 1604 exsuryit,
1634 1538 2048 1605 confirmaturus
2070 1540 2188 1605 fra-

332 1631 471 1684 tres,
507 1630 667 1693 atque
704 1625 936 1675 omnium
974 1625 1187 1675 nomine
1214 1641 1542 1675 communem
1562 1625 1988 1692 praedicaturus
2009 1627 2188 1696 fidem,

330 1715 470 1764 sicut
492 1714 547 1763 in
575 1708 726 1763 Actis
765 1712 1006 1781 leyimus.
1066 1712 1153 1762 Sit
1187 1729 1317 1780 erqo
1355 1713 1411 1762 in
1438 1710 1651 1773 Leone,
1688 1714 1759 1764 sit
1795 1715 1850 1764 in
1876 1710 2187 1783 Ayatlzone:

329 1803 400 1853 sit
435 1803 491 1853 in
527 1801 652 1853 aliis
689 1802 920 1869 eyregyiis
965 1799 1323 1870 Pontificibus
1353 1799 1552 1852 Petrus
1581 1803 1794 1869 fratres
1832 1806 2186 1872 confirmans:

329 1891 401 1941 sit
425 1891 586 1941 etiam
610 1891 667 1941 in
695 1887 946 1948 Liberio,
986 1890 1057 1940 sit
1080 1891 1136 1940 in
1165 1888 1418 1940 Honorio
1450 1888 1649 1942 Petrus
1677 1891 1754 1941 ad
1777 1890 1968 1942 horam
1992 1897 2186 1944 nutans

329 1985 381 2030 ct
404 1996 635 2048 neyanS,
663 1977 761 2028 sed
784 1978 962 2028 statim
987 1979 1311 2046 respiciente
1339 1976 1579 2029 Domino
1606 1979 2002 2039 convalescenS,
2027 1998 2186 2048 seque

327 2070 448 2136 ipso
475 2067 712 2118 validior
729 2106 744 2126 ,
771 2071 832 2117 ut
850 2066 1204 2135 firmitudini,
1230 2064 1469 2116 Domino
1492 2067 1846 2134 providente,
1885 2070 2045 2119 etiam
2072 2068 2185 2134 lap-

327 2174 415 2206 sus
456 2157 571 2223 ipsc
610 2156 835 2215 serviat3
871 2173 1043 2224 neque
1082 2156 1322 2223 supersit
1352 2155 1523 2206 ullum
1563 2157 1736 2206 errati
1769 2158 2063 2225 vestiyiurn.
2116 2151 2185 2206 Et

326 2243 418 2296 hac
444 2242 645 2295 ratione
685 2260 773 2294 eos
802 2260 1007 2294 errores
1045 2240 1169 2293 nihil
1205 2241 1386 2294 obesse
1414 2239 1682 2295 Romanae
1722 2241 1856 2295 sedis
1891 2242 2005 2296 fidei
2033 2243 2182 2315 paulo

327 2341 446 2384 ante
475 2331 843 2384 affirmaverat:
887 2332 1010 2383 Stat
1036 2334 1175 2383 enim
1205 2331 1457 2383 Romana
1480 2334 1617 2401 fides
1645 2332 1711 2384 ab
1741 2350 1923 2383 eorum
1951 2339 2182 2384 anteces-

325 2422 535 2474 soribus
563 2421 832 2480 stabilita,
871 2421 936 2471 ab
974 2440 1158 2472 eorum
1184 2421 1582 2472 successoribus
1621 2421 1980 2502 vindicanti-a,
2019 2426 2079 2471 ut
2094 2423 2182 2488 fa-

326 2517 465 2561 ctum
492 2512 546 2559 in
575 2508 824 2568 Liberio,
854 2508 1138 2568 Honorio,
1166 2510 1396 2576 aliisque
1423 2509 1676 2567 vidimus,
1715 2509 1866 2559 nullo
1898 2507 2180 2559 Romanae

320 2600 478 2668 fidei,
519 2605 611 2649 aid
640 2597 878 2648 Romani
896 2598 1166 2665 primatus
1195 2598 1530 2648 detrimento.
1585 2591 1842 2662 Quantum
1868 2593 1943 2660 hi,
1982 2594 2025 2646 si
2060 2613 2181 2649 vere

323 2695 497 2739 essent
532 2703 735 2739 errores
762 2684 815 2736 in
843 2683 1217 2737 definitionibus
1252 2682 1366 2735 fidei
1402 2682 1455 2734 in
1482 2684 1667 2735 bonum
1702 2682 1914 2735 unitatis
1934 2685 2052 2755 jure
2078 2683 2182 2755 pri-

324 2784 488 2827 matus
517 2773 681 2839 editis‚
710 2771 976 2845 promissis
1005 2770 1199 2826 Christi
1226 2782 1623 2844 opponerentur,
1653 2780 1705 2825 et
1731 2781 1973 2842 quantum
2000 2771 2180 2826 adver-

323 2872 562 2916 sarentur
587 2860 897 2915 institutioni
922 2871 973 2914 et
1000 2861 1087 2914 fini
1113 2860 1358 2934 primatus
1378 2901 1391 2926 ‚
1431 2862 1542 2914 fuse
1568 2870 1829 2914 ostensum
1867 2869 1947 2913 est
1972 2859 2066 2912 hoc
2093 2879 2178 2913 eo-

322 2954 432 3006 dem
459 2951 624 3023 capite
652 2970 702 3003 n.
735 2950 820 3004 18.
850 2960 901 3003 et
928 2968 1069 3020 seqq.
1122 2948 1276 3004 Nunc
1300 2949 1566 3004 videndum
1583 2988 1596 3014 ‚
1633 2967 1750 3001 num
1777 2948 1908 3017 quod
1934 2948 1994 3000 de
2018 2946 2177 3000 Libe-

322 3041 397 3093 rio
425 3050 477 3094 et
503 3039 732 3093 Honorio
761 3038 919 3092 veluti
946 3038 1108 3110 magis
1138 3039 1465 3110 exploratum
1489 3046 1702 3107 urgetur
1716 3060 1734 3100 ,·
1770 3036 1832 3087 ad
1859 3033 2174 3088 definitiones

320 3129 432 3182 fidei
469 3127 673 3201 proprie
708 3127 868 3180 dictas
895 3126 1175 3199 pertineat,
1212 3125 1382 3198 paucis
1417 3135 1587 3177 tamen
1624 3122 1917 3196 praemissis
1945 3123 2003 3176 de
2031 3123 2176 3195 lapsu

320 3216 377 3270 S.
408 3216 586 3282 Petri,
624 3234 770 3286 quem
806 3215 1065 3287 praesenti
1103 3212 1387 3286 quaestioni
1425 3213 1758 3284 incongruum
1796 3211 1943 3265 facile
1983 3220 2063 3264 est
2089 3211 2173 3264 de-

320 3315 625 3358 monstrare.
1370 3368 1373 3372 Ι

465 3393 552 3447 ⁶27.
595 3392 690 3446 Hic
718 3393 777 3446 de
805 3392 1176 3446 definitionibus
1204 3389 1316 3443 fidei
1342 3389 1556 3461 agnum.
1586 3407 1714 3459 quae
1742 3389 1955 3440 eduntur
1981 3405 2011 3439 a
2031 3385 2170 3440 Pon-

318 3481 550 3546 tificibus,
577 3490 633 3532 ut
653 3482 1012 3535 confirmentur
1037 3483 1224 3534 fratres
1249 3477 1301 3531 in
1328 3477 1439 3531 fide.
1493 3475 1629 3529 Num
1657 3474 1714 3529 S.
1743 3474 1951 3540 Petrus,
1981 3493 2088 3527 cum
2118 3475 2167 3527 in

320 3570 450 3622 atrio
480 3567 734 3640 Principis
763 3568 1079 3622 sacerdotum
1108 3567 1364 3624 Christum
1391 3565 1624 3638 negavit,
1653 3562 1933 3618 Ecclesiam
1961 3563 2171 3617 docebat
