2314 3984
750 219 1399 279 ——359—

0 430 3 445 ,
163 391 254 443 bue
274 387 540 443 Pontificia
562 387 862 441 auctoritate
887 388 1148 451 damnatus
1164 428 1179 453 ,
1205 397 1256 442 et
1280 388 1531 441 damuatio
1556 388 1619 440 ab
1643 386 1743 440 illis
1766 400 1870 439 non
1886 403 1979 443 ,so-

0 414 35 542 ii
162 475 259 528 lum
291 483 520 546 recepta,
554 473 644 527 sod
678 473 881 527 laudata
916 474 1065 528 etiam
1101 474 1222 539 fuit,
1261 484 1312 528 ut
1340 473 1591 546 explicavi
1622 472 1678 526 in
1702 472 1787 526 lib.
1814 473 1902 524 De
1926 475 1980 524 vi

16 547 34 571 '⁸
155 564 372 629 primat.
410 561 503 614 loc.
540 560 624 614 cit.
674 557 839 613 Nemo
876 560 936 614 ab
973 562 1066 615 hoc
1096 560 1261 614 debito
1297 561 1479 614 mentis
1516 558 1760 630 obsequio·
1779 558 1978 611 subtra-

160 646 345 700 hendos
369 655 508 717 putet
531 644 806 718 Epist-opos
821 685 836 711 ‚
874 647 959 716 qui
994 648 1336 700 hierarchica
1359 648 1796 700 subordinatione
1821 643 1976 697 eidem

160 732 470 786 obedientiae
506 734 876 804 praestandae,
897 750 1043 803 quam
1072 733 1398 803 jurejurando
1436 732 1835 804 spoponderunt,
1874 748 1976 783 nou

161 819 320 871 minus
345 837 488 888 quam
515 820 654 883 laici,
682 820 769 874 sed
793 819 945 873 multo
970 817 1132 888 magis
1157 819 1461 888 obligantur.
1826 831 1828 833 ’

301 902 400 972 Qui
426 924 495 959 ex
520 905 745 960 doctrina
766 903 964 976 Synodi
986 901 1395 959 Constantiensis
1421 906 1554 977 ipsas
1565 905 1620 976 *)
1646 903 1976 977 particulares

158 989 413 1045 Ecclesias
455 1010 515 1045 ac
547 989 781 1062 Synodos
817 991 1141 1062 particulares
1175 990 1503 1063 Apostolicae
1541 990 1831 1044 auctoritati
1862 990 1977 1041 sub-

150 1079 314 1147 jectas
340 1086 646 1148 agnoscunt,
685 1076 912 1130 dubitare
935 1086 1190 1146 nequeunt
1215 1077 1332 1147 quin
1358 1095 1531 1130 omnes
1558 1078 1735 1130 saltem
1763 1075 1975 1146 particu-

157 1164 287 1216 lares
314 1161 656 1233 (quantumvis
669 1160 934 1234 Episcopi)
962 1163 1328 1217 definitionibus
1341 1162 1648 1235 Apostolicis
1674 1162 1973 1232 obligentur.

156 1247 195 1300 li
220 1257 435 1313 tantum,
463 1249 544 1318 qui
569 1267 679 1302 cum
706 1246 863 1320 (Cap.
892 1251 942 1302 ⁶2.
971 1249 1018 1317 §.
1047 1249 1098 1301 4.
1127 1269 1177 1301 n.
1206 1251 1258 1303 4.
1286 1268 1399 1322 pag.
1430 1250 1516 1303 51.
1543 1259 1582 1302 t.
1615 1247 1693 1320 1.)
1721 1245 1764 1299 F
1769 1247 1974 1300 chronio

156 1344 207 1387 et
219 1332 447 1388 Gersone
466 1335 759 1389 existiment
775 1354 864 1388 eas
885 1336 1195 1389 definitiones
1216 1336 1436 1407 obligare
1451 1335 1542 1403 **)
1563 1338 1749 1389 saltem
1769 1337 1842 1387 ad
1864 1354 1971 1386 non

274 1581 316 1631 ⁸)
349 1583 394 1621 Si
427 1583 576 1621 nemini
617 1583 856 1634 particulari
896 1584 1021 1623 liceat
1063 1583 1344 1634 dogmatizare
1383 1587 1529 1622 contra
1569 1582 1834 1636 definitiones
1866 1582 1971 1630 Apo-

154 1641 345 1687 stolicas,
378 1642 568 1692 quamdiu
599 1643 792 1682 Ecclesia
823 1654 903 1681 non
936 1643 1154 1689 reclamat,
1194 1643 1300 1682 adeo
1345 1646 1390 1680 ut
1421 1642 1552 1692 (quod
1584 1642 1687 1681 dicit
1718 1641 1968 1686 Febronius)

156 1701 391 1750 provisorie
423 1701 509 1740 iuis
540 1701 850 1753 obsequendum
879 1702 960 1748 sit‚·
994 1702 1196 1752 quomodo
1230 1702 1318 1740 fieri
1350 1702 1483 1752 possit
1515 1705 1559 1739 ut
1589 1700 1808 1751 aliquando
1841 1699 1972 1737 recla-

155 1764 237 1798 met
269 1759 482 1806 Ecclesia,
517 1762 606 1811 quis
639 1773 819 1811 congrue
851 1760 1062 1812 explicet?
1123 1762 1351 1811 Numquam
1383 1760 1571 1810 profecto
1606 1760 1649 1798 id
1679 1760 1860 1802 eveniet,
1895 1757 1970 1796 nisi

155 1818 315 1869 quidam
347 1820 387 1858 in
411 1821 649 1870 particulari
681 1824 782 1860 ante
815 1820 1188 1860 contradictionem
1219 1820 1439 1860 Ecclesiae
1470 1820 1671 1870 incipiant
1701 1831 1746 1857 se
1777 1831 1823 1856 se
1842 1829 1970 1867 oppo-

154 1890 274 1926 nere,
326 1882 367 1917 et
408 1882 553 1918 contra
594 1879 747 1919 editam
789 1879 1069 1919 definitionem
1108 1879 1264 1930 aliquid
1305 1879 1516 1918 declarare
1558 1883 1706 1918 contra
1744 1877 1970 1928 superioris

155 1938 413 1983 sententiam,
449 1938 557 1989 quod
587 1939 906 1990 particularibus
936 1940 1078 1978 saltem
1110 1939 1299 1978 illicitum
1332 1950 1422 1977 esse
1454 1938 1683 1977 adversarii
1715 1948 1867 1987 negare
1888 1947 1969 1973 non

155 2000 340 2045 possunt.
401 1997 491 2036 Nec
520 2009 619 2036 vero
662 2009 714 2037 ex
753 1999 900 2037 illicita
940 1999 1168 2048 aliquorum
1199 1998 1506 2049 particularium
1538 1997 1869 2037 contradictione
1902 2007 1970 2033 ex-

156 2056 314 2105 pectari
355 2059 493 2106 potest
526 2057 709 2106 juridica
746 2057 1021 2098 contradictio
1053 2058 1293 2102 Ecclesiae,
1337 2069 1442 2108 quae
1483 2068 1644 2108 semper
1674 2056 1884 2100 adhaesit,
1927 2058 1969 2093 et

155 2113 387 2153 adhaesura
417 2119 480 2153 est
511 2119 653 2155 centro
687 2116 860 2156 unitatis
890 2116 1011 2167 fidei,
1042 2128 1214 2166 quocum
1245 2128 1382 2155 omnes
1414 2116 1592 2166 undique
1623 2115 1786 2161 fideles,
1819 2115 1968 2165 ipsam-

156 2185 234 2222 que
275 2173 507 2213 Ecclesiam
547 2175 767 2214 convenire
810 2187 978 2215 necesse
1020 2179 1084 2215 est
1122 2179 1301 2227 propter
1338 2176 1618 2226 potentiorem
1659 2174 1966 2224 principalita-

156 2237 250 2272 tem.
311 2233 345 2271 Ii
375 2233 452 2271 soli
485 2246 531 2271 se
560 2246 605 2273 se
636 2246 842 2285 opponere
874 2235 1104 2280 audebunt,
1149 2235 1217 2285 qui
1259 2246 1336 2274 nec
1374 2238 1622 2286 potestatem
1662 2235 1863 2285 primatus
1895 2243 1967 2283 po-

153 2292 375 2330 tentiorem
406 2304 455 2330 ac
484 2304 558 2343 per
587 2305 634 2332 se
663 2293 934 2334 sufficientem
974 2298 1222 2344 agnoscunt,
1265 2306 1342 2333 nec
1382 2306 1427 2333 se
1469 2294 1653 2346 quamvis
1693 2293 1966 2344 particulares

154 2350 287 2389 eidem
319 2353 515 2402 potestati
555 2353 788 2403 subjectos,
835 2365 910 2392 nec
949 2354 1112 2392 debitae
1151 2353 1303 2392 unitati
1342 2358 1468 2404 atque
1509 2353 1776 2394 obedientiae
1817 2350 1965 2391 mentis

153 2422 313 2461 quoque
345 2410 582 2461 obsequium
611 2413 797 2463 exigenti
829 2413 1030 2452 obnoxios
1061 2413 1328 2452 arbitrentur.

267 2498 325 2547 ⁰)
357 2498 475 2536 Haec
504 2498 656 2545 thesis,
699 2511 780 2549 qua
818 2511 909 2539 cum
948 2501 1136 2539 Gersone
1175 2497 1326 2540 asserit
1359 2500 1611 2546 Febronius,
1652 2498 1964 2540 definitionibus

144 2556 394 2608 Judiciisque
427 2557 668 2608 dogmaticis
698 2559 950 2598 Summorum
982 2558 1227 2599 Pontificum
1259 2571 1349 2598 esse
1380 2559 1685 2610 obsequendum
1726 2557 1964 2609 provisorie

150 2617 294 2655 saltem
324 2627 411 2655 non
443 2617 770 2666 dogmatizando
803 2619 1079 2664 contrarium,
1113 2618 1315 2670 quamdiu
1346 2629 1432 2658 non
1463 2619 1668 2659 reclamat
1700 2617 1905 2663 Ecclesia,
1937 2628 1963 2654 a

150 2675 310 2715 nemine
341 2676 552 2715 conciliari
585 2677 743 2726 poterit
786 2689 876 2716 cum
914 2678 994 2716 illis
1036 2678 1217 2727 ejnsdem
1248 2677 1444 2718 Febronii
1475 2678 1614 2717 verbis
1645 2691 1736 2729 cap.
1766 2678 1810 2718 2.
1850 2674 1886 2727 §.
1917 2676 1959 2718 8.

149 2739 182 2774 t.
216 2736 256 2774 1.
289 2747 384 2785 pag.
415 2735 487 2773 62.
538 2734 586 2774 Si
619 2747 669 2774 ex
700 2736 919 2787 insperato
957 2736 1154 2786 Pontifex
1185 2740 1306 2776 extra
1337 2737 1564 2776 concilium
1593 2738 1658 2777 ita
1689 2737 1880 2785 ediceret,
1911 2738 1962 2775 ut

149 2795 196 2833 in
231 2791 319 2841 ejus
353 2794 515 2845 eloquio
537 2793 757 2834 Ecclesiae
787 2807 910 2835 suam
942 2795 1215 2835 traditionem
1247 2806 1334 2834 non
1355 2799 1728 2844 recognoscerent:
1761 2794 1827 2834 his
1849 2805 1960 2833 com-

148 2854 258 2904 petit
281 2850 355 2900 jus
385 2853 717 2895 contradicendi.
777 2854 839 2894 De
868 2854 1189 2906 particularibus
1217 2854 1422 2894 Ecclesiis
1452 2867 1524 2893 seu
1552 2856 1773 2905 Episcopis
1804 2853 1962 2892 Febro-

149 2914 260 2952 nium
289 2912 355 2951 hic
386 2912 498 2963 loqui
535 2913 721 2952 indicant
761 2915 999 2964 sequentia,
1044 2914 1190 2965 quibus
1221 2911 1384 2961 justam
1426 2914 1503 2953 boc
1533 2927 1631 2954 casu
1666 2914 1959 2954 Ecclesiarum

148 2971 480 3022 particularium
521 2972 898 3013 contradictionem
938 2973 1132 3024 appellat.
1191 2973 1321 3013 Voces
1353 2977 1486 3012 autem
1516 2975 1766 3024 praemissae
1806 2985 1857 3012 ex.
1887 2972 1953 3011 in-

147 3034 317 3081 sperato
350 3030 550 3072 ediceret:
582 3030 866 3073 definitionem
895 3033 967 3071 vix
999 3032 1152 3071 editam
1183 3031 1381 3078 innuunt,
1425 3036 1642 3083 antequam
1674 3036 1811 3084 posset
1842 3033 1956 3070 inno-

149 3094 309 3130 tescere
340 3090 569 3138 dissensus,
602 3104 676 3131 seu
707 3091 985 3132 contradictio
1019 3092 1251 3131 catholicae
1282 3092 1513 3132 Ecclesiae.
1560 3094 1604 3132 Si
1638 3091 1954 3143 particularibus

149 3150 293 3188 saltem
332 3149 534 3190 Ecclesiis
573 3163 654 3190 non
693 3151 793 3190 licet
835 3152 1123 3200 dogmatizare
1163 3153 1450 3200 contra-rium,
1503 3156 1720 3202 antequam
1762 3151 1955 3190 reclamet

149 3209 364 3254 Ecclesia;
407 3210 606 3259 quomodo
646 3211 775 3250 licere
807 3211 961 3251 eisdem
1004 3214 1144 3262 potest
1185 3211 1492 3255 contradicere,
1537 3211 1571 3249 si
1610 3215 1708 3250 ante
1750 3210 1954 3250 detectam

150 3267 519 3310 contradictionem
556 3269 772 3309 Ecclesiae
813 3282 926 3310 suam
966 3269 1232 3309 traditionem
1274 3272 1315 3310 in
1346 3269 1588 3309 definitione
1629 3271 1698 3309 vix
1729 3270 1843 3309 edita
1872 3281 1954 3308 non

152 3327 480 3376 recognoscant?
540 3327 586 3368 Iu
618 3341 693 3374 en,
735 3330 803 3380 qui
834 3330 976 3370 falsam
1006 3330 1250 3368 sententiam
1286 3333 1542 3380 propugnat,
1586 3342 1705 3380 quam
1736 3329 1858 3368 facile
1890 3332 1951 3366 est

150 3385 518 3426 contradictionem
548 3387 722 3437 aliquam
751 3389 959 3428 invenire!
1016 3389 1161 3438 Neque
1193 3388 1438 3428 Febronium
1466 3389 1583 3438 juvat
1613 3389 1811 3434 conditio,
1844 3388 1878 3426 si
1913 3389 1949 3425 in

151 3445 366 3484 Pontificia
396 3445 636 3486 defiuitione
666 3448 934 3498 particulares
966 3448 1061 3488 illae
1092 3448 1307 3487 Ecclesiae
1338 3460 1452 3486 suam
1482 3448 1746 3488 traditionem
1778 3459 1856 3487 non
1890 3459 1951 3486 re-

151 3508 463 3554 cognoscerent.
513 3506 662 3545 Nonne
701 3518 751 3546 ex
783 3507 828 3546 S.
845 3508 1016 3547 Irenaeo
1049 3506 1265 3547 didicimus
1297 3510 1453 3547 certam
1486 3508 1668 3558 regulam
1701 3519 1823 3548 verae
1855 3505 1950 3545 fidei
