2320 3990
998 242 1101 280 xlx
1207 254 1382 264 ———·

143 397 551 454 hallucinationes
560 383 1100 469 >incohaerentiamque
1124 391 1451 465 detegendam
1464 428 1479 454 ,
1506 387 1567 441 ad
1586 397 1775 442 rectam
1793 388 1965 445 Evan-

139 501 407 572 gelicorum
434 482 836 571 testimoniorum
863 483 1230 551 acsstraditionis
1254 490 1640 563 intelligentiam
1655 529 1670 556 ,
1708 500 1760 545 et
1794 509 1964 558 usum,

139 620 238 655 uno
273 602 429 656 verbo
467 598 529 652 ad
560 599 846 653 'veritatem
867 595 1234 667 agnoscendam
1271 603 1324 646 et
1358 593 1767 664 propugnandam
1792 608 1968 645 manu-

139 703 344 767 ducent,
389 700 752 770 irrisoresque,
790 697 835 751 si
858 695 1332 769 praeoccupationes
1357 702 1630 765 seponant,
1665 693 1967 764 ingenioque

140 802 492 874 principiorum
535 800 720 864 nexta,
775 817 833 852 ac
876 807 1206 870 systematum
1257 792 1443 848 rationi
1492 795 1966 866 comprehendendis

141 913 255 974 apto
294 903 579 974 potiantur,
624 919 725 953 non
762 910 864 953 tam
902 899 963 952 ad
1001 892 1371 951 animositatem
1407 896 1775 968 deponendam,
1820 915 1967 966 quam

143 1004 203 1055 ad
247 1003 531 1055 mutandum
574 1001 867 1066 consilium,
913 1009 1215 1069 sanctosque
1258 999 1397 1052 viros
1436 998 1664 1057 laudatos
1700 997 1966 1051 imitandos

140 1114 286 1172 atque
313 1102 590 1172 sequendos
616 1100 885 1172 impellent.
938 1099 1074 1153 Num
1094 1119 1216 1154 vero
1237 1100 1359 1153 haec
1381 1116 1450 1151 ex
1476 1098 1776 1169 praejudicio
1804 1100 1968 1170 potius

140 1214 343 1256 nostrae
388 1202 695 1267 sententiae,
752 1221 898 1271 quam
942 1201 993 1256 vi
1031 1201 1309 1264 rationum,
1357 1209 1407 1252 et
1454 1217 1630 1252 sacrae
1668 1201 1967 1270 praesertim

141 1303 481 1368 auctoritatiS,
519 1303 651 1356 dicta
685 1303 815 1367 sint,
854 1302 964 1374 ipsa
999 1302 1145 1356 lectio
1182 1310 1374 1354 attenta
1411 1299 1577 1371 operis
1604 1302 1758 1370 probe
1784 1301 1966 1355 intelli-

142 1405 371 1475 gentibus
400 1405 681 1475 patefaciet.

287 1507 336 1559 7.
375 1503 494 1556 Illud
527 1504 727 1556 tandem
762 1522 968 1568 moneo,
1006 1512 1091 1567 ut,
1129 1502 1258 1571 siqui
1293 1502 1474 1572 aliquid
1514 1511 1688 1555 contra
1721 1521 1968 1573 reponen-

145 1606 256 1655 dum
293 1605 558 1674 putabunt,
597 1603 802 1655 videant
840 1603 1021 1674 (etiam
1056 1612 1204 1672 atque
1238 1603 1387 1655 etiam
1424 1603 1579 1674 rogo)
1627 1622 1690 1656 ne
1725 1604 1970 1675 arripiant

142 1714 332 1756 tantum
354 1703 466 1755 hinc
488 1713 538 1756 et
559 1702 671 1755 hinc
697 1702 969 1773 separatim
997 1702 1189 1771 aliqua,
1217 1720 1343 1771 quae
1371 1702 1480 1755 sine
1508 1714 1787 1756 ceterorum
1814 1723 1970 1766 nexu,

142 1815 191 1856 et
236 1806 463 1875 sejuncta
506 1823 535 1855 a
578 1803 833 1874 principiis
878 1803 1170 1873 systematis
1214 1803 1491 1874 probabilia
1533 1804 1767 1857 fortassis
1812 1805 1971 1859 videri

143 1914 408 1976 poterunt,
449 1905 535 1957 sed
571 1905 630 1956 de
666 1903 788 1975 ipsis
827 1904 1083 1976 principiis
1120 1904 1461 1975 potissimum,
1504 1915 1553 1957 et
1588 1906 1647 1958 de
1673 1916 1779 1959 toto
1807 1917 1972 1979 syste-

143 2016 277 2059 mate
295 2005 530 2076 judicium
556 2007 844 2076 proferant,
872 2015 1082 2076 apteque
1109 2005 1427 2058 confirment:
1466 2006 1591 2058 alias
1616 2007 1776 2077 ipsum
1803 2019 1972 2081 syste-

144 2126 224 2158 ma
245 2125 313 2159 ex
334 2106 587 2176 principiis
615 2106 1017 2160 adversariorum
1037 2106 1360 2159 concessione
1385 2107 1635 2177 probatiS,
1664 2127 1755 2161 nec
1784 2128 1813 2161 a
1839 2128 1968 2163 novo

146 2223 355 2258 censore
390 2205 691 2276 impugnatis
730 2205 1013 2269 deductum,
1052 2205 1177 2256 satis
1203 2223 1292 2275 per
1319 2222 1374 2256 se
1399 2205 1663 2270 subsistet,
1710 2218 1759 2259 et
1785 2210 1968 2274 onmia,

147 2324 273 2374 quae
323 2304 591 2375 separatim
641 2314 951 2374 opponentur
999 2304 1202 2357 intactis
1253 2315 1557 2374 systemate,
1618 2317 1668 2359 et
1717 2308 1969 2380 principiis

144 2404 433 2476 systematis
452 2444 465 2469 ,
494 2403 664 2456 inania
691 2422 803 2457 esse
828 2405 1025 2476 penitus
1052 2405 1428 2457 demonstrabit.
1482 2405 1612 2460 Vide
1634 2426 1719 2460 eX.
1743 2429 1821 2478 gr.
1845 2429 1970 2478 quae

147 2506 197 2557 in
238 2507 362 2558 hanc
398 2524 504 2558 rem
539 2505 912 2558 observabimus
951 2524 1059 2577 cap.
1091 2505 1175 2558 13.
1218 2524 1350 2557 num.
1382 2506 1503 2558 100.
1542 2517 1592 2560 et
1631 2509 1750 2560 101.
1790 2510 1873 2562 ubi
1911 2511 1969 2563 de

146 2606 433 2674 quibusdam
472 2605 789 2674 antiquorum
814 2605 1024 2658 Patrum
1058 2606 1384 2672 testimoniiS,
1423 2626 1549 2676 quae
1576 2610 1835 2673 adversari
1862 2629 1970 2664 cre-

144 2706 324 2756 duntur
372 2705 631 2758 traditioni
682 2724 740 2759 eo
792 2706 955 2777 capite
1002 2708 1267 2777 probatae,
1318 2709 1642 2778 peculiarem,
1694 2719 1745 2762 et
1794 2721 1969 2763 notatu

146 2805 345 2875 dignam
383 2805 866 2859 animadversionem
901 2805 1265 2858 exhibebimus.
1317 2806 1395 2858 Ita
1428 2809 1618 2877 pariter
1656 2809 1698 2860 si
1726 2811 1892 2862 omnia
1920 2822 1970 2864 et

146 2906 370 2975 singula,
410 2923 534 2973 quae
572 2905 623 2956 in
659 2904 835 2956 fusiori
871 2923 1022 2975 opere
1056 2904 1379 2957 illustrissimi
1418 2916 1469 2959 et
1503 2908 1813 2962 celeberrimi
1838 2911 1969 2964 Mel-

146 3005 315 3058 densis
339 3004 574 3076 Episcopi
612 3005 796 3057 duobus
830 3005 1162 3059 voluminibus
1197 3016 1375 3059 contra
1410 3018 1634 3061 nostram
1668 3012 1969 3064 sententiam

148 3105 342 3175 digesta
381 3115 522 3170 sunt,
559 3105 830 3159 voluissem
863 3105 1154 3176 singillatim
1194 3117 1435 3161 excutere
1462 3117 1511 3161 et
1538 3110 1823 3176 confutare,
1863 3113 1970 3164 lon-

147 3225 261 3275 gum
286 3205 433 3258 nimis
459 3224 581 3276 opus
607 3206 883 3259 debuissem
911 3216 1212 3271 contexere,
1241 3209 1368 3276 quod
1396 3209 1672 3261 molestiam
1700 3210 1968 3265 lectoribus

148 3315 376 3375 pareret,
416 3306 621 3376 ipsaque
655 3306 976 3377 prolixitate,
1017 3326 1074 3360 ac
1109 3307 1460 3379 principiorum
1487 3328 1838 3364 concessorum
1865 3333 1970 3366 mo-

149 3405 303 3470 lesta,
343 3416 392 3458 et
430 3407 701 3459 confutanti
738 3407 1026 3478 singillatim
1052 3409 1342 3461 necessaria
1368 3410 1664 3482 repetitione
1690 3412 1966 3483 impediret,

1551 3512 1619 3563 b*
