2320 3990
721 234 1328 291 ——39--.

118 409 221 459 tius
247 405 521 457 Ecclesiae
544 405 775 464 uraitate,
814 421 969 473 qaam
995 401 1314 456 catholicam
1339 400 1499 452 leodic
1525 398 1778 458 dicimus,
1802 416 1938 468 qaae

119 494 362 544 nimirum
389 508 566 542 omnes
592 490 789 541 ambita
825 509 920 542 suo
939 509 1046 558 per
1082 496 1350 542 terraram
1374 487 1554 539 orbem
1573 485 1939 554 particulares

117 579 516 646 complectitur,
553 578 651 628 secl
674 579 739 629 de
766 580 895 644 ipsis
930 579 1213 628 dumtaxat
1239 575 1477 626 ecclesiis
1499 571 1938 640 particularibus.

121 661 282 731 Quem
308 681 532 716 errorem
559 681 627 716 ex
652 661 761 734 ipso
787 658 1049 733 Cypriane
1076 659 1280 731 egregie
1305 658 1487 712 refellit
1511 656 1814 711 novissimus
1840 655 1942 710 edi-

119 761 201 803 tor
224 748 578 803 Benedictinus
592 746 1017 819 Congregationis
1030 744 1086 799 S.
1102 743 1274 799 Mauri
1299 746 1351 798 in
1377 742 1687 818 praefatione
1713 741 1942 795 editionis

123 834 462 909 Cyprianicae
506 833 750 906 Stephani
781 831 978 885 Baluzii
1024 830 1070 899 §.
1103 831 1152 883 l.
1228 831 1340 905 lpse
1373 831 1600 886 Joannes
1634 827 1943 882 Laurentius

124 922 430 977 Moshemius
481 919 794 992 quantumvis
844 918 1186 972 heterodoxus
1246 923 1301 972 in
1351 917 1821 988 Disputationibas
1873 918 1947 968 ad

124 1012 400 1063 historiam
434 1009 752 1062 catholicam
782 1006 1173 1075 pertinentibus
1209 1004 1517 1059 Altonaviae
1550 1002 1772 1074 vulgatis
1812 1020 1942 1054 anno

127 1096 280 1150 1733.
320 1095 543 1148 eumdem
578 1091 904 1147 Doduvellum
945 1092 1164 1162 aliosque
1201 1111 1310 1146 cum
1345 1111 1404 1145 eo
1431 1091 1661 1144 similiter
1698 1090 1947 1160 interpre-

121 1192 288 1235 tantes
312 1180 369 1234 S.
398 1178 647 1252 Cypriani
673 1179 972 1232 sententiam
998 1179 1225 1250 coarguit
1251 1177 1348 1249 (T.
1381 1179 1429 1231 l.
1458 1179 1517 1231 de
1544 1175 1736 1230 Gallor.
1767 1175 1943 1247 appell.

124 1270 169 1337 5.
201 1267 336 1339 14.).
391 1264 516 1320 Cum
544 1266 675 1320 enim
702 1266 879 1336 negari
905 1285 1005 1318 non
1031 1285 1179 1337 posse
1217 1268 1463 1330 fateatur,
1499 1263 1555 1317 S.
1585 1263 1871 1334 Martyrem
1899 1272 1948 1314 et

126 1355 249 1407 alios
285 1355 434 1407 etiam
473 1351 781 1420 antiquiores
807 1350 992 1404 Patres
1027 1352 1276 1405 visibilem
1319 1352 1560 1404 unitatem
1587 1350 1823 1402 tribuisse
1848 1346 1947 1401 Ec-

128 1442 339 1504 clesiae,
380 1456 585 1507 eamque
622 1437 879 1490 derivasse
915 1438 974 1490 ab
1001 1456 1099 1490 uno
1125 1436 1405 1510 Episcopo,
1442 1457 1584 1508 quem
1613 1439 1716 1508 ejus
1742 1436 1948 1488 unitatis

128 1527 371 1597 originem
399 1534 448 1578 et
473 1535 695 1578 centrum
721 1533 959 1589 statuunt,
987 1534 1040 1576 ut
1066 1525 1367 1596 probaverat
1393 1525 1538 1593 §.1st
1568 1534 1618 1578 et
1644 1542 1783 1594 seqq.
1804 1562 1818 1587 ‚
1844 1533 1945 1574 tum

127 1631 247 1665 vero
282 1613 331 1663 id
357 1613 416 1663 de
453 1611 575 1663 solis
600 1609 844 1663 Ecclesiis
876 1611 1259 1682 particularibus
1297 1611 1632 1682 accipiendum
1667 1618 1849 1680 negat,
1888 1627 1946 1660 6ο

125 1699 253 1767 quod
278 1697 322 1749 si
346 1714 472 1748 unus
500 1697 561 1748 ad
587 1695 903 1767 particularis
927 1694 1190 1748 Ecclesiae
1218 1696 1460 1748 unitatem
1495 1696 1562 1748 sit
1596 1695 1947 1755 necessarius3

127 1802 251 1836 unus
289 1783 478 1855 pariter
517 1783 577 1835 ad
611 1783 850 1835 unitatem
886 1782 1039 1834 totius
1074 1780 1336 1835 Ecclesiae
1372 1783 1690 1836 necessarius
1718 1781 1948 1834 dicendus

127 1881 219 1924 est.
274 1872 339 1922 Id
362 1890 485 1922 vero
513 1873 638 1939 quin
665 1873 886 1930 sentiat,
927 1869 1111 1938 inquit,
1146 1889 1297 1922 nemo
1336 1890 1470 1922 unas
1508 1877 1615 1940 taen
1656 1869 1811 1920 hebes
1840 1886 1950 1919 esse

121 1964 324 2026 potest,
363 1960 500 2007 inter
538 1960 792 2008 unitatem
829 1958 1094 2025 quandam
1129 1960 1406 2009 aniversae
1444 1957 1719 2008 Ecclesiae
1761 1958 1813 2005 iu
1846 1954 1950 2004 Ro-

127 2063 281 2094 mano
314 2043 574 2110 Pontifice
602 2045 952 2103 desinentem,
986 2045 1278 2112 talemque,
1317 2046 1525 2113 qualem
1553 2062 1623 2094 ex
1652 2040 1874 2092 Irenaeo
1904 2047 1953 2091 et

137 2130 410 2199 Cypriano
437 2130 828 2194 descripsimus,
846 2132 1281 2189 communitatem,
1312 2134 1404 2180 via:
1423 2137 1623 2181 tantam
1645 2147 1754 2179 esse
1775 2130 1953 2194 spatii,

132 2221 379 2283 quantam
400 2216 537 2264 inter
557 2215 747 2263 atrium
773 2219 823 2265 et
845 2214 1155 2274 cubiculum,
1175 2221 1267 2265 aut
1285 2217 1421 2266 inter
1440 2233 1647 2266 manum
1668 2220 1718 2264 et
1737 2214 1931 2280 dissitos

271 2299 324 2352 8.
365 2295 553 2364 Quodsi
591 2315 660 2349 ex
698 2297 936 2350 hactenus
974 2298 1119 2351 dictis
1148 2300 1209 2351 ad
1233 2299 1474 2353 unitatem
1511 2299 1663 2353 totius
1690 2296 1951 2350 Ecclesiae

130 2385 359 2437 tuendam
387 2382 443 2436 S.
473 2382 616 2436 Petri
655 2394 704 2436 et
732 2402 1074 2437 successorum
1113 2387 1217 2456 ejus
1252 2386 1492 2458 primatus
1528 2384 1844 2439 necessarius
1870 2384 1953 2436 de-

130 2471 213 2523 bet
239 2469 457 2535 admitti3
494 2489 594 2522 non
620 2469 764 2522 video
781 2509 794 2534 ‚
832 2473 1073 2540 quomodo
1109 2490 1164 2524 se
1189 2472 1319 2524 tueri
1354 2473 1548 2544 possint
1575 2469 1813 2524 haeretici
1830 2510 1843 2531 ‚
1871 2470 1952 2539 qui

131 2558 257 2609 hanc
284 2557 635 2610 necessitatem
665 2558 956 2611 confitentes
982 2558 1033 2610 in
1060 2577 1263 2629 genere,
1291 2558 1652 2612 institutionem
1680 2559 1812 2628 ejus,
1840 2576 1953 2629 per-

133 2643 245 2695 inde
279 2661 337 2695 ac
358 2643 720 2695 institutionem
741 2642 1073 2716 Episcopatus
1109 2663 1138 2696 a
1160 2642 1364 2698 Christo
1396 2645 1626 2699 derivare
1650 2645 1841 2707 nolunt,
1869 2644 1951 2695 sed

132 2729 212 2780 vel
235 2729 294 2780 ab
308 2728 586 2799 ApostoliS,
611 2730 691 2782 vel
712 2731 772 2781 ab
786 2727 1015 2782 Ecclesia
1037 2731 1288 2799 aliquanto
1310 2742 1422 2802 post
1434 2731 1792 2802 Apostolorum
1822 2749 1955 2782 mor-

134 2824 233 2866 tem
261 2814 524 2884 colligunt:
564 2833 670 2866 cum
699 2824 886 2867 certum
913 2833 1024 2867 esse
1051 2816 1243 2878 debeat,
1271 2812 1525 2866 Christum
1554 2825 1603 2867 et
1627 2815 1953 2886 praevidisse,

134 2910 183 2953 et
200 2900 476 2971 providisse
499 2899 682 2963 omnia,
709 2918 1041 2969 quaecumque
1064 2901 1124 2952 ad
1157 2919 1294 2952 suam
1314 2897 1590 2953 Ecclesiam
1624 2903 1827 2973 ejusque
1846 2902 1955 2954 uni-

134 2997 284 3039 tatem
313 2986 679 3039 custodiendam
708 2996 759 3039 et
785 2988 1175 3040 conservandam
1197 3005 1319 3058 opus
1341 2997 1526 3039 essent.
1566 2987 1697 3041 Hinc
1715 2989 1831 3059 jure
1851 3007 1954 3041 me-

136 3073 232 3125 rito
262 3070 508 3126 Catholici
533 3073 682 3124 hosce
709 3072 989 3126 haereticos
1023 3073 1398 3146 i111pug11anteS‚
1438 3073 1666 3127 inimicos
1693 3075 1840 3146 plane
1867 3077 1954 3128 ha-

134 3160 252 3212 bent
278 3161 382 3229 ejus
407 3157 614 3210 unitatis
631 3198 644 3222 ,
674 3176 819 3227 quam
845 3156 1104 3213 Ecclesiae
1131 3159 1468 3213 necessariam
1496 3179 1686 3232 negare
1713 3179 1813 3213 non
1838 3180 1954 3233 pos-

137 3254 275 3298 sunt:
304 3254 353 3296 et
378 3243 560 3297 idcirco
586 3244 862 3299 Bossuetus
888 3246 938 3299 in
969 3248 1324 3316 Expositione
1351 3249 1629 3300 doct-rinae
1655 3249 1954 3302 catholicae

139 3350 181 3383 c.
211 3331 296 3383 21.
337 3330 574 3382 unitatem
611 3329 872 3386 Ecclesiae
922 3335 1204 3404 professus,
1258 3333 1316 3384 ad
1365 3351 1509 3403 quam
1557 3336 1955 3387 custodiendam-

138 3420 519 3487 aniendamqae
550 3420 837 3485 primatum
881 3421 937 3471 S.
981 3420 1135 3471 Petri
1161 3422 1450 3472 institutum
1485 3440 1514 3473 a
1541 3418 1746 3474 Christo
1785 3421 1952 3474 docet:

144 3521 230 3554 cos
259 3503 491 3573 ejusmodi
519 3501 725 3556 unitatis
761 3505 930 3557 hostes
962 3504 1279 3575 pronuntiat,
1317 3524 1375 3558 eo
1402 3507 1528 3576 quod
1567 3508 1743 3560 tollant
1772 3507 1955 3577 prima-
