2314 3984
973 181 1366 246 ——334
1461 215 1630 223 ——--

381 350 488 418 lim,
514 348 700 405 litteris
725 346 1077 409 occidentales
1101 346 1665 426 Episcopi;c'ongregati
1690 354 1744 408 in
1765 354 2083 427 Aquilejensi
2109 372 2231 408 con-

384 439 498 494 cilio
525 455 609 491 an.
636 436 764 492 381.
791 432 851 489 S.
878 434 1157 493 Ambrosio
1194 437 1451 510 praeside,
1488 437 1829 505 Theodosium
1865 441 2227 516 Imperatorem

383 545 474 599 pro
499 535 715 596 utraque
740 533 887 597 parte
912 534 1177 596 rogarunt,
1203 525 1412 599 perinde
1430 526 1860 601 aestumquein
1880 530 2230 587 communione

382 613 631 668 catholica
656 613 926 668 existeret.
964 609 1121 674 Certe
1145 632 1269 669 vero
1282 613 1548 673 Meletium
1562 614 1835 682 Romanae.
1847 619 1980 674 sedis
2007 637 2228 673 commu-

379 702 532 758 nione
558 702 938 773 haudquaquam
962 701 1210 774 privatum
1236 722 1338 757 non
1366 705 1523 758 solum
1546 703 1666 759 illud
1689 705 1930 768 adstruit,
1963 706 2094 779 quod
2119 725 2229 760 cum

381 792 434 845 in
453 791 795 864 disputatione
813 791 1024 861 quadam
1045 791 1326 845 communio
1343 811 1453 846 cum
1462 791 1698 849 Romano
1712 791 1960 849 Pontifice
1973 794 2233 866 probanda

381 890 547 946 esset,
574 878 802 934 Damaso
830 897 886 933 se
913 879 1188 934 adhaerere
1213 878 1454 934 Meletius
1480 883 1746 956 professus.
1766 891 1870 947 est,
1896 891 1953 934 ut
1978 879 2136 951 liquet
2160 899 2231 935 ex

380 967 687 1043 Hieronymi
714 968 927 1041 epistola
956 967 1042 1022 16.
1070 968 1133 1021 ad
1158 969 1385 1023 eumdem
1409 968 1716 1037 Damasum3
1757 970 1903 1040 idque
1936 968 2009 1022 ita
2047 969 2232 1040 proba-

378 1057 478 1123 vit,
517 1068 572 1111 ut
607 1056 832 1130 Sapores
872 1057 931 1110 ab
970 1055 1280 1130 Imperatore
1318 1059 1533 1125 missus,
1575 1068 1934 1113 controversas
1969 1055 2231 1111 Ecclesias

380 1147 538 1201 eidem
567 1145 930 1219 adjudicaverit
957 1145 1284 1203 Theodoreto
1311 1158 1472 1216 teste3
1499 1167 1674 1203 verum
1701 1147 1872 1212 etiam,
1899 1146 2050 1198 immo
2077 1145 2231 1198 multo

380 1235 603 1307 apertius
629 1234 846 1288 adstruit
869 1233 989 1286 illud
1015 1241 1096 1301 (ut
1121 1233 1478 1290 Tillemontius
1505 1235 1720 1303 fatetur)
1756 1235 1887 1306 quod
1923 1234 2093 1307 plures
2119 1232 2233 1286 Me-

379 1323 487 1376 letii
523 1323 724 1377 litterae
758 1321 812 1374 in
841 1319 1167 1374 Occidentem
1203 1322 1423 1388 missae,
1462 1326 1687 1395 rejectae
1725 1323 1786 1376 ab
1825 1320 2233 1375 Occidentalibus

379 1429 481 1464 non
506 1411 648 1464 fuere
663 1451 677 1476 ‚
705 1409 779 1462 uti
805 1408 1105 1480 rejecissent
1130 1409 1454 1480 proculdubio
1484 1429 1554 1464 ex
1578 1409 1744 1466 veteri
1769 1408 2123 1479 constantique
2149 1427 2234 1462 eo-

380 1517 491 1550 rum
516 1508 800 1571 temporum
827 1496 1108 1568 disciplina,
1137 1497 1181 1550 si
1208 1516 1320 1551 eum
1347 1516 1375 1551 a
1403 1498 1652 1552 catholica
1678 1484 1729 1552 et
1754 1495 1990 1551 Romana
2018 1516 2234 1550 commu-

380 1586 534 1640 nione
570 1587 796 1642 avulsum
823 1586 1157 1658 judicassent.
1213 1583 1361 1654 Quod
1399 1587 1544 1657 siqua
1577 1587 1840 1640 difficultas
1877 1585 2013 1640 circa
2037 1583 2236 1638 Meletii

380 1676 526 1729 fidem
563 1677 706 1729 falsis
758 1676 1044 1729 rumoribus
1094 1675 1421 1729 disseminata
1455 1675 1792 1728 immediatam
1838 1673 2234 1728 communionem

380 1764 684 1836 aliquamdiu
706 1764 995 1836 suspendit3
1026 1783 1086 1818 ea
1107 1763 1232 1816 satis
1253 1763 1461 1836 disjecta
1481 1774 1630 1834 atque
1651 1765 1848 1817 sublata
1873 1763 1966 1817 fuit
1984 1781 2054 1818 ex
2073 1761 2235 1834 gestis

379 1853 431 1905 in
472 1853 795 1907 Antiochena
834 1854 1032 1925 synodo
1071 1853 1192 1905 anni
1217 1852 1342 1906 379.
1384 1852 1468 1905 ubi
1502 1851 1740 1906 Meletius
1787 1851 1975 1924 primus
2014 1850 2233 1904 omnium

379 1941 571 2014 recepit
598 1940 1014 2014 subsignavitque
1049 1941 1248 1995 litteras
1289 1941 1472 2014 synodi
1499 1940 1767 2008 Romanae
1794 1951 1947 1994 antea
1973 1940 2153 1992 allatas
2180 1938 2232 1990 in

382 2029 644 2084 Orientem
683 2050 713 2083 a
739 2029 930 2084 Sabino
958 2027 1359 2083 Mediolanensis
1386 2028 1650 2083 Ecclesiae
1687 2029 1930 2093 diacono,
1970 2038 2022 2082 et
2057 2046 2235 2080 recen-

378 2119 512 2171 tiora
546 2119 750 2172 decreta
782 2117 998 2171 Damasi
1034 2118 1190 2171 missa
1222 2137 1313 2192 per
1338 2117 1653 2172 Dorotheum
1685 2118 2067 2190 presbyterum,
2107 2133 2234 2186 quae

379 2226 584 2261 errores
622 2210 731 2280 ejus
770 2206 1014 2279 temporis
1054 2226 1303 2280 expresse
1339 2206 1678 2280 proscribunt.
1730 2205 1872 2260 Haec
1899 2206 2095 2276 quidem
2122 2202 2234 2256 An-

379 2295 642 2350 tiochenae
679 2297 863 2369 synodi
901 2306 1050 2368 gesta
1098 2296 1331 2351 exhiberi
1381 2296 1433 2349 in
1471 2296 1768 2349 documento
1807 2294 1940 2349 edito
1981 2314 2008 2348 e
2047 2292 2233 2357 codice,

381 2404 527 2455 quem
553 2385 678 2441 vidit
702 2384 1020 2450 HolsteniUS,
1049 2395 1101 2439 et
1127 2404 1306 2440 recuso
1334 2385 1386 2438 in
1414 2384 1632 2440 editione
1658 2382 1863 2438 Veneta
1891 2380 2234 2437 Conciliorum

379 2473 443 2526 P.
472 2472 670 2527 Labbei
695 2483 818 2526 tom.
849 2475 901 2526 2.
930 2473 1024 2527 col.
1058 2474 1218 2527 1043.
1258 2473 1338 2526 ubi
1379 2473 1592 2543 primum
1616 2472 1701 2524 illa
1727 2471 1966 2543 epistola,
2005 2480 2110 2521 tum
2136 2468 2235 2519 ista

380 2562 601 2626 decreta,
630 2580 720 2614 seu
747 2562 1063 2615 decretorum
1090 2562 1393 2633 fragmenta,
1423 2579 1480 2613 ac
1500 2560 1704 2612 tandem
1718 2557 1916 2618 Meletii
1944 2567 1993 2611 et
2022 2555 2235 2609 aliorum

379 2647 746 2722 Episcoporum
762 2647 1099 2702 Orientalium
1121 2648 1517 2720 subscriptiones
1538 2648 1819 2701 afferuntur
1845 2666 1955 2700 cum
1981 2648 2075 2699 hac
2102 2646 2237 2699 clau-

381 2739 519 2791 sula:
567 2739 820 2807 Explicit
856 2739 1091 2808 synodus
1133 2737 1383 2791 Romana
1421 2744 1470 2790 et
1506 2735 1914 2797 Antiochensis,
1952 2734 2080 2787 satis
2118 2752 2236 2805 pro-

379 2828 530 2880 basse
566 2825 712 2878 nobis
745 2825 974 2881 videmur
1013 2825 1065 2877 in
1106 2823 1256 2898 (Vid.
1285 2845 1489 2899 operum
1517 2822 1575 2878 S.
1603 2823 1829 2896 Leonis)
1881 2823 2141 2877 Tractatu
2168 2825 2234 2875 de

380 2919 616 2987 antiquis
655 2915 1062 2968 collectionibus
1102 2934 1368 2967 canonum
1404 2924 1536 2986 part.
1566 2913 1617 2965 2.
1666 2932 1709 2966 c.
1738 2912 1791 2967 9.
1835 2912 1887 2965 in
1926 2929 2022 2981 quo
2061 2928 2235 2962 manu-

380 3003 620 3076 scriptam
647 3003 995 3057 collectionem
1020 3000 1377 3056 Veronensem
1403 3002 1576 3056 eadem
1609 3011 1757 3072 gesta
1782 2999 2154 3062 continentem.
2185 3006 2234 3049 et

381 3111 492 3157 cum
518 3091 858 3146 Holsteniano
898 3089 1068 3144 codice
1096 3089 1447 3144 concinentem
1485 3087 1858 3160 descripsimus,
1911 3084 2054 3138 Haec
2080 3103 2232 3157 porro

380 3191 530 3254 gesta
556 3191 607 3235 et
633 3179 1061 3252 subscriptioneS‚
1099 3197 1226 3249 quae
1253 3182 1383 3232 tomi
1418 3176 1622 3231 nomine
1648 3176 1913 3229 laudantur
1939 3193 1970 3227 a
1994 3171 2235 3226 Patribus

383 3267 986 3342 Constantinopolitanae
1024 3267 1207 3340 synodi
1243 3265 1365 3323 anni
1390 3266 1516 3322 382.
1556 3284 1667 3318 can.
1698 3266 1746 3318 5.
1787 3274 1839 3318 et
1873 3263 1927 3316 in
1966 3261 2234 3316 eorundem

382 3354 596 3410 Pati-um
634 3357 849 3430 epistola
885 3357 948 3410 ad
973 3354 1254 3410 Damasum
1291 3351 1375 3426 (ut
1408 3352 1590 3408 ibidem
1628 3349 2131 3423 animadvertimus),
2174 3349 2235 3402 ad

383 3444 546 3516 ipsum
572 3444 874 3500 Pontificem
901 3465 932 3499 a
958 3443 1168 3499 Meletio
1207 3452 1259 3497 et
1283 3441 1466 3496 ceteris
1493 3441 1802 3498 Antiocheni
1839 3438 2038 3496 concilii
2063 3436 2235 3491 Patri-
