2320 3990
683 234 1287 296 ——65—....

87 417 422 473 redderentur.
475 410 606 466 Vide
641 409 786 482 epist.
825 410 875 463 8.
916 418 966 461 et
998 406 1052 462 9.
1087 405 1273 459 laudati
1310 402 1589 458 Pontificis.
1639 400 1716 456 lta
1751 403 1901 456 etiam

84 499 231 554 Felix
268 498 355 551 ΙΙΙ.
405 505 668 553 monuerat
708 495 1004 564 Thalasium
1040 489 1500 546 Archimandritam
1538 487 1902 543 Monachorum

87 585 612 657 ConstantinopoleOS,
639 601 703 636 ne
730 579 1116 635 communicaret
1140 595 1250 631 cmn
1275 575 1449 647 regiae
1473 575 1611 629 tubis
1634 573 1903 648 Episcopo,

87 672 184 725 nisi
207 672 344 744 prius
381 672 524 724 fidem
558 670 814 742 professus
850 674 1011 729 esset,
1050 681 1178 733 quae
1203 661 1438 715 Romano
1463 660 1700 715 Pontifici
1724 662 1906 734 proba-

87 769 240 812 retur.
302 756 495 811 Similia
544 757 775 827 leguntur
817 754 877 807 de
910 749 1154 804 Anatolio
1189 745 1751 821 Constantinopolitano
1784 746 1906 820 Epi-

87 863 235 917 scopo
251 884 266 909 ,
301 844 378 897 cui
405 840 874 896 communicatorias
902 837 1112 891 reddere
1137 836 1335 889 litteras
1361 833 1417 888 S.
1446 834 1556 889 Leo
1595 834 1781 888 tamdiu
1806 834 1906 888 dis-

91 932 226 996 tulit,
254 930 414 1000 quoad
441 930 575 983 circa
597 929 741 981 fidem
764 927 968 980 feclsset
993 922 1119 976 satis
1134 962 1147 988 ,
1173 932 1228 974 ut
1253 922 1408 994 liquet
1433 941 1503 975 ex
1529 923 1747 993 ejusdem
1768 920 1907 975 Pon-

90 1018 234 1070 tificis
261 1015 597 1088 epistolis69.
627 1014 712 1068 70.
743 1012 828 1068 71.
861 1022 912 1065 et
939 1010 1059 1064 111.
1088 1019 1294 1063 nostrae
1326 1007 1631 1063 novissimae
1656 1009 1905 1062 editionis.

91 1101 279 1156 Confer
315 1102 464 1155 etiam
501 1100 739 1172 epistolas
767 1098 887 1153 127.
918 1097 1039 1152 129.
1069 1107 1120 1150 et
1146 1095 1268 1150 130.
1297 1095 1473 1167 quibus
1498 1095 1772 1168 pleniorem
1797 1096 1909 1148 fidei

87 1188 454 1261 expositionem
493 1206 523 1239 a
559 1184 616 1239 S.
655 1185 892 1239 Proterio
930 1183 1284 1238 Alexandrino
1322 1183 1544 1236 eumdem
1582 1179 1640 1234 S.
1678 1180 1906 1235 Leonem

89 1275 324 1346 exegisse
348 1273 663 1327 manifestum
690 1283 784 1327 est.
836 1270 1010 1342 Itaque
1035 1271 1192 1336 videS,
1219 1268 1411 1323 Lector
1436 1269 1638 1342 optime,
1665 1268 1908 1321 unitatem

92 1361 444 1415 communionis
482 1359 770 1414 memoratis
806 1358 987 1411 litteris
1015 1367 1320 1428 compactam
1346 1356 1417 1408 ita
1445 1357 1504 1408 ad
1530 1354 1773 1407 unitatem
1798 1355 1908 1407 fidei

93 1447 330 1499 directam
354 1447 537 1511 fuisse,
566 1456 616 1499 et
640 1456 898 1514 utramque
924 1443 1056 1496 inter
1082 1461 1195 1496 sese
1220 1443 1293 1495 ita
1317 1442 1472 1495 fuisse
1499 1443 1830 1513 conjunctam,
1856 1450 1911 1493 ut

94 1531 250 1603 (quod
297 1532 490 1585 notavit
524 1531 588 1585 P.
626 1530 902 1584 Gai-nerins
948 1530 1000 1582 in
1047 1529 1253 1602 append.
1305 1528 1365 1581 ad
1399 1538 1504 1581 not.
1566 1526 1750 1580 Diurni
1784 1546 1826 1580 c.
1856 1528 1907 1581 2.

93 1638 142 1670 ιι.
172 1617 290 1688 24.)
327 1619 536 1670 alteram
571 1618 680 1670 sine
718 1618 877 1670 altera
911 1635 1019 1669 cum
1058 1615 1292 1668 Romana
1336 1616 1452 1668 sede
1495 1615 1724 1669 obtinere
1763 1634 1908 1668 nemo

90 1702 321 1775 potuerit.
396 1700 594 1772 Negari
638 1702 830 1771 quidem
868 1701 1067 1769 nequit,
1115 1700 1581 1753 communicatorias
1627 1701 1823 1754 litteras
1863 1711 1913 1753 et

93 1789 448 1842 communionis
486 1789 724 1841 unitatem
763 1787 1024 1858 aliquando
1061 1786 1215 1840 fuisse
1253 1796 1489 1858 negatam
1513 1787 1705 1840 intacta
1730 1788 1823 1841 fide
1849 1788 1911 1840 ob

93 1876 279 1928 laesum
307 1875 501 1944 aliquod
527 1885 671 1948 caput
696 1893 866 1928 merae
891 1873 1205 1946 disciplinae:
1233 1883 1285 1926 at
1310 1874 1540 1927 diversae
1565 1874 1678 1927 fidei
1703 1874 1913 1927 homini-

91 1964 182 2015 bus
208 1981 436 2032 umquam
460 1961 614 2014 fuisse
635 1979 924 2014 concessam
948 1961 1151 2033 probari
1175 1980 1276 2014 non
1302 1960 1500 2033 poterit.
1536 1960 1658 2014 Alia
1682 1961 1912 2014 nimirum

93 2048 256 2119 capita
302 2058 503 2119 praeter
548 2049 691 2102 fidem
732 2067 1100 2118 nonnumquam
1134 2049 1472 2119 tangebantur
1517 2052 1568 2100 in
1608 2061 1913 2102 summorum

94 2133 391 2186 Pontificum
418 2134 868 2187 communicatoriis
894 2135 1100 2187 litteris:
1128 2135 1221 2187 hoc
1246 2155 1369 2189 vero
1397 2154 1593 2206 semper
1621 2145 1834 2200 cautum,
1862 2146 1917 2187 ut

96 2239 195 2272 una
232 2221 497 2290 eademque
535 2220 653 2273 fides
690 2230 1003 2285 servaretur,
1052 2240 1144 2274 nec
1179 2220 1279 2273 nisi
1313 2220 1658 2293 profitentibus
1695 2222 1914 2275 eamdem

96 2307 238 2359 fidem
263 2307 599 2359 traderentur.
639 2305 822 2358 Unitas
851 2326 972 2377 ergo
1000 2307 1112 2360 fidei
1139 2326 1247 2360 cum
1274 2307 1507 2360 Romano
1534 2305 1780 2360 Pontifice
1807 2308 1916 2360 uni-

98 2393 190 2444 tati
226 2393 580 2445 communionis
618 2393 906 2445 necessaria
943 2411 1138 2465 semper
1173 2394 1281 2446 fuit.
1334 2393 1463 2447 Hinc
1500 2395 1684 2446 factum
1720 2405 1826 2459 est,
1863 2406 1918 2446 ut

95 2481 439 2550 praeferentes
462 2478 743 2531 Romanam
771 2479 1182 2544 communionem,
1209 2479 1293 2532 ubi
1320 2481 1516 2533 dubium
1542 2490 1695 2545 esset,
1724 2481 1782 2533 de
1808 2481 1917 2532 uni-

98 2575 200 2617 tate
239 2565 350 2617 fidei
387 2565 850 2637 interrogarentur,
886 2567 958 2619 uti
983 2565 1259 2620 Flavianus
1286 2567 1636 2620 Antiochenae
1676 2567 1918 2621 ecclesiae

98 2651 361 2722 presbyter
401 2670 429 2703 a
464 2649 678 2704 Paulino
726 2653 986 2722 quaesisse
1031 2655 1219 2717 fertur,
1272 2652 1610 2724 (Theodoret.
1647 2654 1679 2705 l.
1709 2654 1760 2706 5.
1799 2654 1916 2706 hist.

100 2754 143 2787 c.
173 2735 224 2788 3.
266 2733 455 2789 Confer
491 2738 624 2790 infra
661 2757 702 2791 c.
743 2738 828 2792 13.
869 2758 919 2790 n.
948 2739 1066 2809 30.)
1148 2742 1211 2791 Si
1247 2741 1476 2791 Damasi
1507 2745 1919 2792 communionem

101 2824 462 2890 amplecteris,
501 2843 531 2875 o
559 2827 750 2884 amice,
787 2822 1064 2876 doctrinae
1090 2826 1239 2876 nobis
1266 2828 1601 2891 manifestam
1626 2828 1919 2878 similitudi-

101 2927 215 2960 nem
253 2911 468 2960 ostende
510 2949 521 2958 .
554 2949 565 2959 .
599 2950 609 2959 .
693 2910 923 2962 Ostende
972 2915 1133 2980 iyitm·
1181 2912 1574 2962 consensionem
1624 2912 1921 2973 doetrinae,

103 2995 230 3063 quod
256 2994 446 3048 scilicet
470 3005 640 3047 notum
667 3004 831 3060 esset,
859 2996 969 3049 sine
996 2996 1252 3050 doctrinae
1280 2995 1626 3060 consensione,
1653 2997 1783 3050 idest
1810 2998 1919 3051 sine

101 3080 291 3134 unitate
316 3079 444 3145 fidei,
473 3082 828 3135 communionis
857 3082 1096 3136 unitatem
1124 3101 1223 3136 non
1248 3100 1398 3154 posse
1426 3082 1722 3136 consistere.
1768 3083 1923 3138 Redit

102 3185 223 3236 ergo
252 3178 596 3236 argumentum
631 3168 856 3239 superius
891 3169 1172 3222 institutum
1189 3210 1202 3234 ,
1240 3168 1468 3223 videlicet
1494 3168 1538 3222 si
1562 3170 1923 3223 communionis

102 3251 265 3303 imitas
286 3269 394 3304 cum
408 3250 639 3305 Romana
660 3255 794 3319 sede,
820 3265 874 3307 ut
894 3256 1171 3310 adversarii
1191 3273 1383 3325 quoque
1402 3255 1693 3321 concedunt,
1721 3256 1920 3310 cuilibet

103 3335 393 3390 Christiano
422 3339 711 3392 necessaria
736 3350 844 3408 est3
870 3342 984 3396 fidei
1009 3343 1199 3415 pariter
1224 3340 1418 3405 unitaS,
1446 3340 1557 3395 sine
1583 3361 1679 3412 qua
1706 3361 1921 3396 commu-

103 3423 185 3475 nio
221 3442 320 3476 non
361 3423 618 3489 subsistit,
662 3443 816 3495 aeque
854 3429 1030 3482 saltem
1064 3427 1353 3482 necessaria
1389 3428 1566 3498 negari
1599 3448 1700 3483 non
1735 3439 1919 3501 potest.

104 3506 281 3577 Aeque
326 3513 538 3572 saltem,
580 3511 815 3581 inquam3
868 3533 976 3568 cum
1019 3515 1124 3568 fieri
1173 3523 1347 3584 queat,
1397 3523 1452 3566 ut
1499 3515 1692 3584 quidem
1737 3517 1922 3586 absque

160 3599 207 3634 P.
238 3599 388 3636 Bauer.
426 3602 474 3636 de
505 3601 682 3638 Priinatu
719 3604 795 3638 etc.
1508 3601 1540 3651 5
