2314 3984
741 215 1395 274 —375—

163 382 468 455 percipiunt3
495 400 596 436 non
621 382 823 435 multum
848 382 1080 458 fortassis
1100 383 1259 437 refert
1275 384 1338 435 ad
1355 382 1573 455 praxim,
1598 382 1711 434 dum
1735 381 1845 435 fidei
1868 382 1981 435 uni-

163 478 343 534 tatem,
382 486 510 540 quae
529 476 758 538 propter
776 457 1135 538 potentiorem
1150 472 1640 539 principalitatem,
1663 477 1719 520 ut
1742 466 1985 522 Irenaeus

160 555 392 624 loquitur,
418 554 715 630 est³penitus
739 555 1044 622 necessaria,
1070 551 1123 609 et'
1142 554 1604 622 obedientiamhcum
1631 572 1843 626 assensu
1863 571 1981 608 eor-

162 641 235 693 dis
261 638 548 712 dogmaticis
573 641 897 713 Apostolicae
923 642 1054 696 sedis
1077 641 1270 713 judiciis
1296 640 1508 695 debitam
1533 638 1806 712 praestent.
1858 639 1979 693 Illud

160 745 312 799 porro
337 727 470 780 serio
497 728 913 793 animadvertant,
938 746 1038 783 non
1063 729 1261 799 peccari
1275 738 1487 793 tantum,
1512 727 1834 798 quandoquis
1861 746 1980 780 con-

163 822 244 867 tra
267 813 633 885 propositiones
659 824 799 868 certa
820 814 916 868 fide
938 814 1221 887 propositas
1247 825 1334 868 aut
1359 814 1586 869 definitas
1620 813 1733 885 agit
1754 823 1980 868 aut-sen-

163 899 252 966 tit,
287 901 374 953 sed
406 900 558 968 etiam
592 902 786 971 quaudo
816 918 968 954 vsese
1000 900 1207 971 opponit
1249 899 1698 973 propositionibuS,
1745 918 1874 970 quae
1909 918 1980 954 ex

162 986 311 1039 certis
339 985 662 1058 Theologicis
691 985 949 1058 principiis
980 985 1197 1056 legitime
1234 987 1470 1040 deductae
1504 985 1839 1040 etcvidcntcr
1861 996 1981 1039 sunt

161 1073 548 1128 demonstratae.
622 1067 767 1137 Quae
786 1071 945 1142 ¹culpa
979 1070 1034 1124 in
1060 1075 1127 1125 're
1170 1073 1426 1144 praesenti
1468 1090 1532 1124 eo
1566 1071 1733 1143 magis
1761 1072 1979 1126 §evidens

161 1166 495 1227 agnoscetur,
520 1157 566 1210 si
589 1157 866 1225 adversarii
889 1156 955 1210 iis
977 1157 1233 1230 principiis
1249 1199 1262 1225 ,
1288 1177 1416 1229 quae
1440 1176 1542 1211 non
1566 1157 1798 1210 inanibus
1822 1158 1979 1211 ratio-

159 1242 320 1306 ciniiS,
347 1243 435 1295 sed
458 1243 749 1296 certissimis
770 1244 1157 1297 auctoritatibus
1184 1264 1242 1298 ac
1266 1244 1573 1298 documentis
1599 1244 1743 1308 nixa,
1769 1245 1829 1297 ab
1853 1244 1978 1315 ipsis

163 1329 464 1383 adversariis
490 1329 804 1382 concedenda
826 1331 994 1395 fuere,
1021 1349 1077 1384 se
1101 1349 1158 1384 se
1183 1341 1466 1402 opponant,
1493 1331 1638 1400 idque
1662 1349 1764 1382 non
1789 1331 1979 1383 metho-

160 1415 269 1468 dica
302 1415 523 1487 ipsorum
554 1415 906 1487 principiorum
942 1416 1278 1482 discussione,
1314 1418 1375 1470 ad
1400 1435 1546 1487 quam
1580 1417 1979 1487 provocavimuS,

160 1502 246 1554 sed
272 1501 458 1571 aliquot
482 1512 675 1555 tantum
698 1503 1027 1574 praesumptis
1052 1503 1330 1569 erroribuS,
1357 1505 1418 1556 ad
1443 1522 1565 1573 quos
1590 1513 1746 1555 totam
1771 1521 1978 1556 revoca-

160 1598 278 1640 runt
303 1588 662 1658 quaestionem,
689 1589 772 1659 qui
796 1599 963 1642 tamen
989 1607 1091 1642 non
1115 1599 1229 1642 sunt
1257 1588 1381 1642 certi
1407 1606 1609 1642 errores
1635 1589 1776 1650 fidei,
1801 1608 1892 1642 nec
1918 1590 1978 1642 ad

159 1674 270 1727 fidei
306 1675 616 1728 definitiones
652 1675 934 1746 pertinent,
971 1677 1030 1729 de
1055 1675 1232 1746 quibus
1267 1675 1389 1729 solis
1415 1685 1494 1728 est
1517 1675 1803 1746 disputatio.
1853 1675 1977 1728 Illud

160 1761 361 1814 tandem
394 1761 704 1832 oppositores
741 1761 786 1814 si
811 1762 895 1830 qui
920 1773 1095 1828 erunt,
1133 1781 1339 1827 moneo,
1376 1763 1527 1815 etiam
1552 1772 1701 1831 atque
1726 1762 1877 1814 etiam
1902 1762 1978 1815 vi-

159 1847 335 1911 deant,
375 1866 471 1916 qua
497 1865 551 1900 se
576 1847 771 1919 possint
797 1866 956 1917 aequa
991 1848 1187 1902 ratione
1224 1850 1284 1900 ab
1304 1848 1455 1901 ‘omni
1491 1849 1631 1919 culpa
1654 1866 1867 1919 purgare
1894 1867 1977 1901 co-

160 1952 268 1985 ram
291 1932 432 1998 Deo,
467 1934 577 1986 dum
612 1933 1008 1987 infallibilitatem
1033 1933 1349 1988 Pontificiam
1387 1953 1446 1988 eo
1483 1935 1682 1988 nomine
1717 1935 1977 2006 impugna-

161 2019 287 2084 turi,
321 2020 438 2088 quia
473 2021 653 2090 dogma
690 2021 983 2073 catholicum
1007 2035 1106 2072 non
1134 2031 1239 2084 est,
1277 2040 1379 2074 non
1417 2040 1600 2092 paucos
1634 2021 1726 2074 hoc
1750 2032 1975 2093 tempore

160 2122 283 2176 erga
306 2104 619 2159 Pontificiam
656 2106 1003 2159 auctoritatem
1036 2125 1137 2159 non
1162 2108 1288 2160 bene
1315 2108 1560 2159 animatos
1597 2108 1891 2160 excitabunt
1917 2110 1976 2160 ad

160 2210 273 2244 eam
298 2194 705 2245 contemnendam
731 2202 879 2261 atque
906 2193 1201 2263 carpendam
1225 2194 1277 2245 in
1302 2193 1424 2264 ipsis
1450 2194 1817 2247 definitionibus
1843 2195 1972 2258 fidei,

161 2278 328 2346 sicque
353 2296 384 2329 a
408 2278 572 2330 debita
597 2279 706 2331 fidei
733 2279 922 2331 unitate
947 2289 1095 2348 atque
1129 2280 1412 2332 ohedientia
1435 2279 1674 2351 plurimos
1693 2280 1971 2333 retrahent.

158 2362 216 2416 Si
241 2364 300 2416 de
325 2363 478 2416 soliu's
504 2365 789 2436 disciplinae
826 2365 1077 2430 materiis,
1113 2366 1165 2418 in
1199 2366 1374 2435 quibus
1407 2367 1573 2419 unitas
1609 2385 1718 2419 cum
1745 2365 1975 2420 Romana

157 2449 274 2501 sede
299 2449 523 2501 omnibus
546 2449 790 2503 Ecclesiis
808 2453 926 2521 jure
952 2451 1119 2504 divino
1146 2454 1434 2505 necessaria
1457 2471 1558 2505 non
1585 2463 1679 2517 est,
1707 2463 1813 2506 tota
1837 2464 1974 2506 esset

158 2535 463 2587 concertatio
492 2534 659 2606 (salva
683 2547 848 2589 tamen
874 2555 1070 2609 semper
1093 2537 1389 2608 Apostoliea
1413 2549 1692 2610 potestate,
1727 2550 1777 2592 et
1809 2540 1973 2593 debita

158 2620 499 2674 moderatione
531 2622 805 2692 adhibita);
841 2641 942 2675 nou
980 2633 1117 2676 esset
1153 2644 1458 2696 magnopere
1492 2626 1833 2678 laborandum.
1896 2627 1972 2678 At

158 2717 412 2760 certamen
436 2707 489 2759 in
515 2708 723 2760 materia
746 2708 874 2773 fidei,
898 2709 951 2760 in
977 2728 1074 2778 qua
1099 2710 1262 2762 unitas
1290 2729 1399 2763 cum
1425 2710 1659 2764 Romana
1682 2713 1774 2765 fide
1802 2715 1971 2766 catho-

158 2794 282 2846 licae
308 2793 512 2846 unitatis
539 2804 711 2847 centro
737 2804 816 2847 est
840 2795 1060 2848 maxime
1084 2797 1402 2861 necessaria,
1440 2807 1723 2862 certamen,
1749 2798 1968 2868 inquam,

158 2898 358 2944 eorum,
384 2880 468 2950 qui
493 2880 603 2933 huic
629 2881 808 2933 unitati
832 2881 1228 2952 impedimentum
1254 2883 1480 2947 afferunt,
1508 2884 1617 2952 quis
1645 2902 1894 2938 excusare
1921 2896 1972 2938 et

157 2967 418 3020 defendere
443 2968 644 3038 potest?
694 2965 879 3020 Nonne
910 2969 958 3020 id
997 2978 1074 3021 est
1099 2969 1410 3040 apertissime
1448 2987 1503 3022 se
1539 2988 1594 3023 se
1619 2989 1868 3041 opponere
1893 2971 1969 3023 in-

157 3052 405 3106 stitutioni
429 3062 479 3106 et
504 3052 706 3106 consilio
734 3049 924 3106 Christi
947 3053 1177 3119 Domini,
1215 3056 1297 3124 qui
1323 3054 1585 3109 Pontificio
1619 3057 1835 3128 primatu
1858 3058 1968 3111 uni-

158 3138 250 3190 tati
274 3138 583 3209 potissimum
606 3139 719 3191 fidei
743 3140 1026 3211 prospicere
1044 3141 1224 3207 voluit,
1250 3152 1304 3194 ut
1323 3161 1495 3196 omnes
1513 3161 1622 3195 cum
1642 3161 1699 3195 ea
1719 3153 1967 3215 potestate

158 3224 528 3295 conspiranteS‚
566 3226 723 3278 eidem
759 3226 941 3279 unitati
966 3227 1312 3281 custodiendae
1340 3239 1699 3300 cooperentur,
1734 3230 1853 3282 nulli
1878 3249 1966 3284 au·

160 3321 260 3363 tem
286 3311 581 3364 resistentes
605 3321 656 3364 et
679 3323 1020 3383 oppugnantes
1055 3313 1107 3366 in
1131 3314 1240 3385 ipsa
1277 3315 1388 3368 fidei
1423 3315 1616 3370 unitate
1641 3315 1889 3370 scissuras
1916 3328 1965 3370 et

157 3397 492 3451 dissensiones
517 3397 714 3468 pariant
738 3408 822 3451 aut
845 3401 1085 3454 foveant?
1172 3447 1175 3450 .
