2314 3984
953 238 1615 297 —214—

359 406 508 478 epist.
537 406 627 460 38.
657 404 742 457 lib.
771 401 824 456 4.
852 401 1031 457 Indict.
1065 403 1150 458 12.
1180 406 1244 459 ad
1270 402 1671 464 'theudelindam
1699 409 1949 482 reginam,
1977 409 2217 481 Diynum

358 500 464 554 est,
490 489 680 561 inquit,
732 498 794 544 at
830 492 919 554 de*
939 491 1192 546 Ecclesia
1231 493 1303 545 B.
1337 493 1907 566 Petri'zipostoloram
1937 496 2218 567 Principis

353 580 560 632 nullam
598 578 827 631 allerias
866 581 1185 649 scrupalum
1223 581 1495 644 habeatis,
1533 585 1632 636 sed
1666 586 1723 637 in
1748 605 1889 638 -vera
1910 587 2022 655 fide
2044 588 2218 654 persi-

355 668 504 726 stite,
532 673 586 718 et
607 669 769 718 vitam
799 673 1030 720 vestram
1055 668 1110 719 in
1131 675 1296 738 petra
1325 669 1634 732 Ecclesiae,
1673 671 1776 727 hoc
1803 680 1883 725 est
1916 675 1971 724 in
2010 675 2217 741 confes-

358 755 510 806 sione
546 752 618 805 B.
663 753 824 806 Petri
860 753 1257 824 ‘Apostolorum
1297 755 1578 827 Principis
1615 758 1877 820 solidate,
1921 778 1988 812 ne
2036 767 2116 823 tot
2139 778 2218 812 re·

353 847 500 893 strae
529 842 787 894 lacrimae
812 849 1070 912 tantaque
1093 843 1236 900 bona
1263 863 1436 913 opera
1456 851 1708 913 pereant,
1734 848 1784 898 si
1808 867 1840 900 a
1861 848 1973 916 fide
1987 865 2116 899 vera
2142 850 2217 899 in-

352 931 638 982 veniantur
665 931 860 983 aliena.
913 929 1007 984 His
1036 930 1206 986 verbis
1233 949 1336 984 non
1363 932 1576 985 obscure
1603 931 1797 998 innuit,
1837 931 2106 987 Romanae
2134 951 2217 987 cc-

354 1014 541 1069 clesiae
577 1015 749 1083 fidem,
802 1016 864 1070 de
903 1036 1003 1088 qua
1037 1018 1090 1071 in
1118 1017 1502 1074 Theodelindae
1543 1019 1762 1072 animum
1791 1019 1991 1091 aliquod
2017 1020 2216 1075 dubium

352 1104 589 1157 fortassis
616 1104 888 1171 inciderat,
917 1105 1118 1160 solitam
1145 1125 1261 1160 esse
1287 1104 1552 1161 Ecclesiae
1577 1117 1774 1180 petram
1791 1148 1804 1174 ,
1835 1126 1893 1161 ac
1919 1108 1972 1160 in
2001 1127 2062 1162 ea
2087 1118 2216 1161 tam-

353 1209 503 1260 quam
527 1191 582 1244 in
609 1193 930 1247 confessione
957 1213 1016 1248 ac
1042 1194 1136 1247 [ide
1163 1194 1322 1267 ipsius
1348 1192 1406 1248 S.
1437 1193 1583 1248 Petri
1612 1214 1789 1249 omnes
1817 1178 2090 1249 catholicos
2132 1197 2217 1249 de-

352 1278 476 1332 bere
504 1280 789 1334 consistere
817 1291 869 1334 et
895 1281 1120 1334 solidari.
1174 1279 1316 1335 Haec
1343 1282 1404 1334 de
1431 1281 1542 1335 fidei
1572 1282 1785 1336 unitate.
1825 1281 1993 1336 Porro
2021 1284 2080 1337 de
2107 1283 2218 1336 uni-

351 1374 457 1417 tate
484 1366 849 1420 communionis
876 1368 1101 1420 notanda
1127 1377 1246 1419 sunt
1271 1368 1360 1419 illa
1384 1367 1542 1420 verba
1569 1385 1823 1438 expressa
1858 1370 1912 1421 in
1950 1369 2135 1441 (Tom.
2163 1372 2214 1424 ἱ).

352 1452 447 1504 col.
468 1451 628 1506 1300.
643 1453 760 1506 edit.
774 1451 1076 1524 Mani-inae)
1096 1456 1464 1523 promissione
1491 1455 1770 1526 cujusdam
1806 1456 2073 1526 Fquiscopi
2097 1459 2218 1510 leae-

350 1543 511 1592 resim
547 1559 698 1593 saam
739 1544 1270 1603 anathematizantis,
1310 1559 1439 1611 quae
1473 1540 1527 1592 in
1553 1540 1849 1613 Appendice
1889 1544 2213 1617 epistolarum

352 1627 574 1698 ejusdem
611 1626 879 1684 Pontificis
919 1630 1120 1702 legitur.
1191 1629 1383 1681 Prona
1425 1636 1477 1681 et
1510 1637 1811 1698 spontanea
1845 1632 2117 1685 voluntate
2146 1635 2221 1685 ad

353 1718 612 1767 unitatem
638 1719 782 1769 sedis
810 1716 1164 1788 Apostolicae
1191 1718 1375 1768 divina
1410 1721 1599 1786 qratia
1636 1719 1774 1770 duce
1800 1737 2046 1773 reversus
2073 1740 2214 1782 sum,-

351 1810 431 1863 et,
456 1822 523 1855 ne
550 1823 658 1855 non
677 1823 829 1873 para
855 1814 1026 1859 mente
1044 1845 1058 1870 ,
1086 1823 1179 1858 sea
1206 1805 1453 1857 simulate
1482 1825 1730 1858 reversas
1774 1809 2080 1869 existimer,
2121 1810 2214 1861 snb

351 1893 457 1942 mei
482 1893 692 1943 ordinis
721 1912 852 1946 casn
879 1894 1152 1962 spondeo,
1194 1899 1244 1943 et
1283 1893 1639 1945 [mathematis
1682 1894 2009 1963 obliqatione
2038 1935 2213 1947 .....

351 1998 560 2047 semper
590 1998 668 2031 me
706 1983 761 2032 in
787 1982 995 2032 unitate
1023 1986 1243 2032 sanctae
1259 1980 1541 2033 Ecclesiae
1569 1982 1889 2044 catholicae,
1917 1991 1968 2035 et
1992 2003 2214 2037 comma-

347 2069 509 2119 nione
539 2066 778 2120 Romani
794 2068 1076 2136 Pontificis
1096 2086 1204 2135 per
1232 2071 1411 2120 omnia
1433 2087 1851 2137 permansuram
1878 2079 1974 2122 etc.
2022 2067 2215 2136 Quibus

349 2153 519 2206 unitas
547 2172 655 2206 cuni
682 2151 919 2206 Ecclesia
947 2153 1194 2206 catholica
1211 2193 1224 2218 ,
1252 2163 1302 2208 et
1329 2155 1609 2209 communio
1638 2175 1748 2209 cum
1775 2154 2009 2209 Romano
2037 2154 2217 2209 Ponti—

350 2240 441 2295 fice
467 2239 541 2293 ita
568 2242 896 2313 copulantur,
925 2251 978 2293 ut
1007 2242 1170 2295 altera
1197 2242 1307 2295 sine
1335 2243 1505 2296 altera
1532 2254 1672 2298 stare
1695 2263 1800 2297 non
1827 2242 2006 2316 possit.

495 2329 584 2383 91.
640 2327 922 2400 Gregorius
949 2327 1011 2380 11.
1045 2330 1295 2384 unitatem
1322 2331 1435 2384 fidei
1462 2351 1571 2385 cum
1599 2331 1836 2386 Romana
1862 2330 1979 2383 sede
2005 2329 2079 2382 ita
2106 2349 2216 2384 cre-

349 2417 469 2469 didit
495 2417 840 2472 necessariam
858 2458 871 2482 ‚
902 2427 954 2470 ut
981 2418 1249 2491 scripserit
1287 2420 1349 2471 ad
1382 2417 1666 2492 Episcopos
1705 2418 1975 2489 Ducesque
2002 2416 2215 2472 Germa-

350 2504 497 2569 niae,
539 2523 594 2557 se
638 2506 699 2556 ad
739 2505 878 2576 ipsos
919 2506 1119 2558 mittere
1156 2504 1214 2557 S.
1253 2505 1603 2570 Bonifacium,
1645 2506 1728 2576 qui
1767 2507 1975 2577 populos
2002 2524 2104 2559 non
2145 2525 2215 2559 ex

348 2590 446 2643 alia
483 2609 633 2660 quam
673 2611 744 2643 ea·
784 2590 1134 2661 Apostolicae
1172 2594 1315 2644 sedis
1349 2593 1506 2666 bajas
1544 2594 1798 2645 doctrina
1837 2596 2121 2662 informet,
2164 2601 2215 2645 et

346 2683 402 2730 ‘in
440 2681 626 2731 eadem
664 2680 937 2733 catholica
962 2683 1071 2751 fide
1090 2700 1421 2750 permanere
1459 2684 1717 2733 instituat.
1761 2677 1831 2731 Et
1856 2679 1909 2732 in
1936 2679 2120 2733 litteris
2155 2680 2214 2733 ad

349 2766 574 2819 eumdem
602 2764 921 2819 Bonifacium
947 2767 1160 2839 idipsum
1186 2767 1446 2821 inculcans
1474 2767 1574 2820 ait:
1617 2768 1806 2837 Itaque
1844 2786 1952 2819 non
1982 2769 2214 2828 desinaS,

348 2855 549 2907 Frater
566 2857 1028 2917 reverendissime,
1056 2859 1254 2910 doecre
1283 2876 1372 2908 eos
1400 2863 1642 2908 sanctam
1669 2857 1994 2909 catholicam
2010 2854 2213 2924 etApo-

348 2944 600 2995 stolicam
630 2943 913 2995 Romanae
943 2946 1207 2996 ecclesiae
1233 2946 1599 2996 traditionem.
1652 2941 1821 2995 Porro
1847 2941 1899 2993 in
1925 2941 2032 2995 vita
2057 2941 2212 3012 ipsius

345 3027 402 3082 S.
431 3029 688 3084 Bonifacii
715 3029 908 3102 scripta
935 3030 997 3083 ab
1027 3027 1229 3083 Othone
1256 3028 1300 3081 F
1307 3030 1502 3083 uldensi
1528 3029 1828 3082 describitur
1847 3030 2210 3099 juramentum,

346 3118 476 3187 quod
502 3118 704 3171 laudato
733 3115 988 3189 Gregorio
1015 3115 1079 3168 Π.
1109 3135 1300 3170 summo
1329 3114 1570 3169 Pontifici
1607 3115 1736 3169 idem
1763 3115 2038 3169 Bonfacius
2064 3134 2213 3187 prae-

347 3205 504 3272 stitit,
534 3225 644 3259 cuni
670 3203 952 3278 Episcopus
981 3205 1168 3259 electus
1195 3203 1302 3256 fuit.
1337 3204 1605 3256 Promitte
1636 3223 1732 3274 eqo
1750 3202 2082 3273 Bonifacias
2104 3205 2215 3257 Dei

342 3297 530 3362 qratia
557 3295 866 3364 Episcopus
894 3295 991 3347 tibi
1017 3293 1089 3345 B.
1122 3293 1311 3353 Petro,
1340 3290 1729 3367 Apostolorum
1760 3291 2048 3361 Princeps,
2075 3295 2210 3344 vica-

352 3383 543 3450 rioque
570 3389 661 3434 tao
690 3382 763 3434 B.
802 3382 1070 3452 Greyorio
1102 3380 1294 3449 Papae
1322 3386 1374 3431 et
1399 3380 1795 3432 successoribus
1824 3385 1935 3452 ejas
1967 3398 2075 3447 per
2106 3379 2209 3431 Pa-

348 3475 510 3532 trem,
539 3475 592 3521 et
616 3469 844 3531 Filiam,
872 3477 923 3522 et
953 3470 1223 3539 Spiritum
1265 3466 1548 3528 Sanctum,
1585 3466 1904 3520 Trinitatem
1931 3469 2210 3535 insepara-

349 3557 523 3618 bilem,
553 3563 604 3609 et
630 3556 733 3610 hoc
760 3560 1183 3611 sacratissimam
1207 3574 1407 3624 corpas
1436 3563 1578 3608 tunm
1595 3597 1609 3616 ,
1637 3574 1718 3608 me
1747 3571 1949 3607 omnem
1971 3557 2132 3623 fidem
2162 3562 2214 3606 et
