2320 3990
980 178 1157 190 --—-
1250 149 1376 213 112
1466 183 1642 193 —-—-—

377 325 477 370 est.
494 334 565 371 ex
601 316 821 389 ejusdem
849 316 996 388 epist.
1025 315 1248 371 69.·u}›i—
1266 315 1554 374 Ecclesiam
1592 339 1741 374 unam
1783 318 2056 387 definienS,
2098 323 2232 393 ejus-

377 424 474 476 que
511 405 758 459 unitatem
796 401 1092 458 describens
1129 404 1226 458 ait:
1281 407 1451 460 Plebs
1479 411 1762 465 sacerdoti
1795 410 2130 469 coadunata,
2182 417 2235 462 et

371 495 589 564 pastori
612 511 708 544 suo
731 511 877 562 ‚qrex
904 494 1230 547 adhaerens.
1284 491 1450 549 Sicuti
1486 495 1703 550 vero-jn
1728 496 2122 570 particularibus
2149 514 2234 550 ec-

375 579 544 634 clesiis
570 578 778 650 quilibet
803 583 1060 635 sacerdos
1088 591 1139 636 et
1156 590 1354 652 pastor
1369 625 1384 648 ‚
1409 582 1542 637 idest
1565 581 1848 658 Episcopus
1873 584 2086 639 unitatis
2113 601 2236 638 suae
2289 652 2291 654 q

376 669 610 743 cujusque
649 667 972 741 particularis
1009 669 1257 725 ecclesiae
1294 671 1440 743 origo
1481 681 1586 738 est,
1627 671 1948 751 eamdemque
1986 673 2233 726 unitatem

374 765 587 810 eatenus
630 757 816 809 format
864 767 1015 829 atque
1059 770 1362 826 conservat,
1411 768 1660 830 quatenus
1697 757 1821 832 ipsi,
1866 760 1951 832 qui
1997 761 2151 814 radix
2186 769 2237 814 et

376 853 607 897 centrum
646 854 727 898 est
761 844 998 913 unitatis,
1035 856 1144 902 tota
1180 847 1340 922 ipsius
1378 847 1625 902 ecclcsiae
1656 849 1816 918 plebs
1843 848 2146 916 coadunari,
2185 857 2236 902 et

376 941 512 985 totus
543 953 688 1004 yrex
739 933 1019 989 adhaerere
1062 935 1115 989 in
1149 955 1303 990 unum
1339 936 1515 1003 debet,
1563 946 1620 989 ut
1660 955 1731 990 ex
1767 936 1927 1009 plebis
1965 954 2024 990 ac
2059 935 2236 1008 gregis

374 1021 562 1076 unione
589 1041 699 1076 cum
727 1041 817 1076 suo
847 1023 1116 1079 sacerdote
1143 1035 1294 1097 atque
1320 1035 1528 1098 pastore
1553 1023 1788 1079 Ecclesia
1814 1044 1915 1078 una
1940 1025 2056 1091 fiat3
2084 1023 2158 1078 ita
2184 1023 2235 1076 in

375 1109 652 1164 universali
676 1107 912 1164 Ecclesia
949 1131 1078 1167 unus
1119 1132 1342 1167 summus
1382 1113 1620 1169 sacerdos
1649 1131 1708 1168 ac
1734 1121 1912 1186 pastor
1938 1111 1996 1166 S.
2025 1110 2236 1176 PetruS,

375 1207 426 1250 et
453 1196 717 1252 Romanus
754 1197 1031 1268 PontifeX,
1082 1202 1166 1273 qui
1204 1201 1366 1257 Petro
1406 1202 1658 1268 succedit,
1709 1200 1985 1255 catholicae
2024 1199 2236 1253 unitatis

374 1284 520 1355 origo
548 1294 644 1351 est,
671 1286 1019 1357 unitatemque
1043 1290 1200 1342 totius
1226 1289 1492 1344 Ecclesiae
1519 1289 1799 1344 catholicae
1824 1290 2010 1342 format
2036 1297 2088 1341 et
2115 1306 2236 1341 con-

377 1370 529 1436 tinet,
569 1380 819 1441 quatenus
844 1372 943 1445 ipsi
968 1384 1023 1427 ut
1049 1375 1206 1429 radici
1235 1395 1292 1430 ac
1320 1387 1497 1430 centro
1525 1377 1746 1448 ejusdem
1771 1375 2012 1441 unitatis,
2055 1375 2238 1428 coadu-

374 1459 490 1512 nari
516 1469 666 1531 atque
694 1461 973 1516 adhaerere
1000 1463 1186 1518 debent
1211 1483 1386 1519 omnes
1414 1475 1465 1519 et
1503 1465 1674 1518 fideles
1702 1473 1753 1518 et
1778 1462 2044 1536 Episcopi,
2085 1472 2141 1514 ut
2167 1480 2236 1516 ex

373 1548 598 1620 pluribus
632 1550 1022 1621 particularibus
1062 1553 1291 1625 plebibus
1329 1554 1671 1626 gregibusque
1709 1552 1757 1606 ei
1792 1568 2028 1623 supremo
2065 1568 2236 1604 sacer-

375 1636 479 1689 doti
517 1647 668 1707 atque
705 1639 900 1710 pastori
942 1640 1360 1707 adhaerentibus,
1407 1660 1536 1694 unus
1574 1659 1734 1712 greX,
1775 1649 1827 1693 et
1861 1636 2100 1691 Ecclesia
2137 1656 2236 1691 una

376 1724 679 1779 universalis
717 1726 987 1779 coalescat.
1051 1725 1128 1780 Ita
1167 1729 1369 1799 quidem!
1404 1729 1591 1802 optime
1628 1727 1876 1793 efficitur,
1909 1735 1966 1778 ut
1999 1723 2233 1779 Ecclesia

374 1812 650 1879 catholica,
689 1814 913 1886 pluribus
939 1815 1056 1868 licet
1081 1815 1134 1868 in
1159 1817 1284 1870 locis
1311 1816 1564 1890 dispersa,
1606 1820 1677 1870 sit
1700 1819 1883 1887 utique
1909 1833 2163 1867 connexa
2190 1821 2241 1867 et

374 1902 780 1955 cohaerentium
804 1905 908 1956 sibi
932 1907 1156 1957 invicem
1182 1907 1524 1959 sacerdotum
1546 1907 1758 1976 ylutino
1786 1905 2044 1973 copulata
2054 1922 2070 1964 ,·
2109 1902 2182 1954 uti
2209 1920 2239 1954 a

374 1987 431 2042 S.
463 1987 728 2062 Cypriano
764 1991 817 2043 in
857 1992 1030 2045 eadem
1071 1993 1283 2065 epistola
1320 1993 1555 2047 traditur.
1608 1992 1663 2046 Id
1689 1992 1884 2047 scilicet
1913 1990 2011 2044 alia
2037 1990 2237 2043 ratione

376 2097 478 2130 non
504 2078 587 2143 fit,
615 2078 717 2131 nisi
742 2079 859 2149 quia
885 2098 1061 2132 omnes
1087 2079 1422 2150 particulares
1450 2081 1699 2135 ecclesiae
1727 2099 1818 2134 suo
1848 2082 2088 2151 cujusque
2114 2075 2237 2150 Epi-

374 2183 527 2238 scopo
570 2165 931 2232 adhaerentes,
983 2186 1072 2239 per
1110 2166 1250 2240 ipsos
1289 2166 1571 2242 Episcopos
1606 2179 1860 2240 tamquam
1895 2169 2238 2221 sacerdotum

369 2256 583 2324 ylutino
622 2273 799 2308 omnes
836 2256 1135 2328 copulantur
1173 2256 1227 2310 in
1261 2255 1422 2311 Petro
1461 2267 1512 2311 et
1551 2256 1929 2311 successorihus
1971 2257 2080 2327 ejus
2107 2265 2238 2308 tam-

374 2362 523 2412 quam
560 2343 613 2396 in
642 2353 818 2397 centro
859 2353 909 2397 et
936 2343 1135 2416 origine
1161 2344 1373 2399 unitatis
1399 2345 1556 2399 totius
1585 2344 1862 2399 catholicae
1887 2342 2182 2408 Ecclesiae,
2211 2361 2240 2395 a

374 2449 471 2500 quo
501 2449 613 2483 cum
638 2435 1035 2485 sacerdotalem
1062 2452 1260 2502 quoque
1286 2437 1544 2486 unitatem
1572 2436 1787 2486 exoriri
1821 2433 1993 2485 tradat
2020 2429 2240 2504 Cypria-

376 2537 468 2571 nus
497 2518 646 2590 epist.
676 2518 765 2571 55.
795 2519 1017 2572 omnium
1044 2538 1240 2590 quoque
1268 2520 1586 2573 sacerdotum
1614 2538 1705 2573 seu
1730 2518 2099 2592 Episcoporum
2126 2519 2238 2571 uni-

376 2615 531 2660 tatem
559 2625 618 2659 eo
646 2605 699 2658 in
728 2615 904 2660 centro
931 2606 1171 2674 formari,
1214 2618 1265 2661 et
1301 2627 1393 2682 per
1434 2607 1527 2661 hoc
1555 2617 1786 2661 centrum
1814 2608 2111 2661 cohaerere
2139 2608 2241 2659 sibi

377 2698 602 2747 invicem
628 2712 832 2759 omneS,
872 2694 1134 2765 eidemque
1170 2715 1273 2749 una
1311 2715 1422 2750 cum
1462 2695 1567 2749 suis
1595 2695 1823 2768 plebibus
1851 2713 2027 2748 omnes
2055 2694 2240 2747 adhae-

377 2801 518 2847 rere,
556 2791 607 2834 et
642 2782 714 2834 ita
750 2791 911 2834 totam
947 2788 1196 2836 connecti
1218 2781 1533 2849 Ecclesiam,
1568 2784 1912 2854 unitatemque
1941 2781 2236 2836 catholicam

376 2869 656 2943 compingi,
699 2879 750 2923 et
785 2869 1039 2923 contineri
1075 2870 1335 2926 indicavit.
1389 2871 1522 2926 Hinc
1560 2891 1715 2944 porro
1753 2871 2083 2941 intelligitur,
2125 2868 2240 2938 quid

376 2957 472 3023 sit,
513 2967 564 3011 et
597 2967 849 3028 quatenus
890 2955 1129 3030 primatui
1165 2959 1291 3011 nihil
1326 2959 1637 3031 praejudicet
1672 2957 1823 3022 illud,
1864 2957 1994 3027 quod
2019 2955 2150 3008 idem
2179 2954 2236 3008 S.

375 3044 586 3119 Martyr
622 3045 828 3118 scripsit
864 3045 918 3098 in
953 3054 1230 3099 memorato
1269 3044 1396 3098 libro
1433 3046 1522 3097 De
1550 3047 1754 3097 unitate
1783 3045 2093 3104 Ecclesiae,
2129 3061 2237 3096 cum

376 3133 740 3208 Episcopatum
765 3153 919 3187 unum
946 3143 997 3187 et
1022 3132 1291 3188 indivisum
1332 3130 1630 3197 affirmavit,
1667 3137 1818 3204 cajus
1858 3152 1890 3183 a
1930 3132 2156 3201 sinqulis
2184 3133 2239 3181 in

378 3224 611 3275 solidum
643 3243 782 3293 pars
821 3230 1050 3276 tenetur.
1105 3220 1183 3274 Ita
1219 3218 1558 3293 Episcopatus
1598 3238 1727 3272 unus
1766 3228 1846 3273 est
1880 3236 1951 3272 ex
1988 3215 2238 3290 Cypriani

379 3309 662 3375 sententia,
691 3311 936 3382 quomodo
965 3308 1202 3365 Ecclesia
1227 3317 1307 3362 est
1331 3326 1462 3374 una3
1492 3325 1551 3360 ac
1577 3306 1788 3380 proinde
1815 3323 1936 3380 pars
1961 3302 2240 3378 Episcopa-

378 3407 459 3450 tus
486 3396 538 3449 in
566 3397 779 3450 solidum
806 3409 1012 3452 tenetur
1039 3398 1100 3452 ab
1127 3414 1428 3468 unoquoque
1446 3393 1720 3467 Episcopn,
1747 3403 1995 3465 quatenus
2024 3393 2086 3444 ab
2114 3410 2240 3443 uno-

378 3500 572 3557 quoque
612 3495 807 3556 regltur
848 3504 939 3539 sua
979 3482 1298 3558 particularis
1338 3482 1552 3537 ecclesia
1571 3523 1584 3549 ,
1634 3501 1722 3535 seu
1763 3499 1883 3534 suus
1911 3478 2238 3553 particularis
