2314 3984
738 240 1395 302 *235*

166 412 788 474 &menaehem-:noc
810 412 1168 478 testimonium,
1193 411 1324 482 quod
1345 406 1983 480 tam-*oxpkmte-dcchrat

165 501 515 558 necessitatem
538 498 744 553 unitatis
769 499 882 552 fidei
906 498 1107 552 omnino
1132 493 1985 570 praestandaedngmaticianonm-

163 605 259 642 nae
292 587 424 641 sedis
460 585 674 639 decretis
709 585 801 639 vix
836 583 1157 650 editis-fhoca<
1183 593 1264 637 est
1291 587 1558 651 antequam
1591 580 1702 652 ipsa
1724 578 1917 634 --nedum
1954 599 1983 634 a

164 673 388 745 generali
422 672 657 737 concilio,
697 672 783 725 sed
816 689 920 725 nec>
935 668 1197 724 Ecclesiae
1233 668 1409 721 saltem
1445 666 1702 738 dispersae
1736 683 1984 720 consensu

165 761 247 814 vel
269 759 424 812 tacito
451 758 724 830 approbata
748 766 1109 821 noscerentnr3
1141 756 1261 819 hoc,
1298 754 1530 824 inquam,
1551 753 1904 806 *testimonium
1930 753 1983 806 in

168 863 278 899 mea
303 863 455 898 causa
489 843 925 897 luculentissimum
941 880 956 907 ‚
994 859 1054 895 ue
1076 857 1147 894 ex
1171 840 1449 912 priscorum
1489 839 1796 892 saeculorum
1823 840 1986 892 sensi-

167 933 259 985 bus
295 948 622 1003 expressum,
659 939 712 984 et
746 930 808 982 ab
842 927 1016 980 iisdem
1042 925 1202 978 Gallis
1241 925 1657 990 commendatum,
1694 934 1842 995 atque
1874 925 1983 997 ipso

166 1019 297 1070 facto
323 1017 573 1088 impletum
609 1013 852 1086 displicuit
886 1009 1162 1076 nonnulliS‚
1198 1011 1282 1081 qui
1317 1010 1435 1062 illud
1469 1010 1575 1062 suis
1608 1010 1865 1082 principiis
1901 1012 1987 1063 ad-

164 1120 366 1156 versum
390 1118 623 1166 sensere3
651 1117 710 1152 ac
734 1108 1000 1171 propterea
1025 1115 1136 1150 eam
1161 1085 1600 1168 epistolam⁴veluti
1625 1096 1910 1168 subreptam
1937 1107 1984 1149 et

165 1187 362 1240 incaute
387 1187 650 1257 scriptam,
689 1202 781 1238 nec
807 1203 838 1237 a
863 1181 1126 1236 Gallicana
1159 1181 1374 1236 ecclesia
1405 1181 1665 1253 probatam
1690 1183 1983 1236 traduxere.

165 1272 237 1324 At
261 1290 325 1326 ne
349 1272 472 1326 haec
497 1271 704 1325 dicteria
734 1270 1028 1324 inanissima
1054 1269 1263 1342 cuipiam
1297 1271 1458 1321 sucum
1491 1270 1704 1332 faciant,
1742 1269 1866 1322 satis
1893 1269 1989 1322 erit

167 1377 370 1411 monere
408 1357 627 1411 eamdem
665 1357 923 1428 epistolam
954 1357 1098 1426 jussu
1134 1354 1442 1407 comitiorum
1470 1355 1589 1406 anni
1617 1355 1774 1407 1655.
1812 1373 1987 1408 rursus

169 1443 463 1514 descriptam
490 1453 540 1495 et
565 1442 691 1495 actis
716 1443 955 1495 insertam
973 1479 987 1506 ‚
1024 1459 1116 1493 nec
1154 1458 1255 1492 non
1291 1440 1472 1493 iterum
1512 1441 1562 1492 in
1588 1440 1715 1493 actis
1740 1439 1988 1495 Gallicani

169 1539 443 1583 conventus
478 1527 780 1582 anni1675.
819 1546 877 1581 ac
913 1528 965 1579 in
1003 1527 1268 1598 postremis
1297 1525 1436 1581 Cleri
1461 1525 1724 1579 Memoriis
1761 1545 1988 1580 recusam

168 1614 285 1684 legi.
337 1613 507 1684 Itaque
532 1631 633 1666 non
658 1623 760 1666 tam
797 1614 967 1678 unius,
1001 1631 1147 1683 quam
1185 1613 1401 1665 omnium
1437 1612 1647 1666 istormn
1674 1610 1812 1667 Cleri
1838 1615 1990 1667 comi-

166 1699 348 1751 tiorum
385 1699 671 1769 cognitione
703 1701 941 1770 probata,
981 1698 1180 1768 insigne
1216 1717 1307 1768 pro
1335 1698 1625 1752 necessaria
1661 1700 1770 1752 fidei
1798 1701 1989 1754 unitate

168 1782 458 1838 Gallicanae
484 1783 723 1837 ecclesiae
747 1783 1084 1836 testimonium
1111 1783 1334 1836 exhibet.

314 1871 399 1923 14.
438 1870 722 1922 Audiantur
748 1870 899 1923 etiam
925 1869 1126 1922 comitia
1153 1869 1272 1922 anni
1301 1868 1482 1934 1660„
1510 1888 1665 1939 quae,
1692 1870 1804 1924 dum
1830 1872 1882 1924 in
1911 1873 1990 1925 lit-

168 1956 290 2009 teris
318 1957 377 2008 ad
395 1955 743 2009 Alexandrum
755 1955 871 2010 Vll.
898 1955 1241 2027 Apostolicam
1267 1956 1432 2008 sedem
1450 1957 1650 2009 Montis
1676 1958 1875 2011 nomine
1903 1978 1989 2030 ap-

169 2042 379 2112 pellant,
427 2041 478 2093 in
515 2060 574 2094 eo
612 2060 784 2098 omnes
822 2041 1091 2095 catholicos
1135 2042 1315 2094 debere
1348 2041 1513 2111 pasci,
1559 2043 1786 2097 doctrina
1821 2047 1991 2115 utique

171 2127 309 2191 fidei,
337 2127 395 2179 de
423 2145 518 2196 qua
542 2136 645 2178 tum
673 2128 941 2196 agebatur,
969 2127 1094 2178 satis
1119 2127 1393 2179 insinuant.
1448 2129 1508 2179 In
1536 2130 1638 2180 Ιιοε
1665 2132 1878 2192 Monte,
1913 2132 1991 2183 in-

172 2213 344 2281 quiunt
379 2211 619 2284 (Preces.
655 2213 846 2266 verbal.
882 2211 1136 2265 Assembl.
1179 2211 1394 2283 1660),
1429 2231 1527 2265 nos
1565 2217 1672 2281 ipsi
1698 2222 1990 2284 pascimur,

170 2306 229 2350 ut
251 2302 328 2350 ait
351 2299 426 2350 D.
454 2298 778 2368 Auyustinus
805 2301 880 2350 ad
894 2302 1158 2367 populum
1183 2318 1362 2359 suum,
1380 2303 1653 2367 pascimus
1679 2321 1795 2363 vos,
1813 2309 1991 2371 pasci·

168 2403 286 2436 mur
311 2385 571 2437 vobiscum
580 2404 598 2446 3
626 2392 677 2437 et
701 2388 827 2454 quia
852 2388 906 2436 iu
934 2405 996 2438 eo
1022 2387 1285 2438 Dominus
1312 2388 1492 2447 docet,
1518 2391 1792 2442 statuimus
1818 2391 1893 2441 ibi
1917 2410 1989 2442 se-

169 2472 397 2522 cundum
430 2471 599 2522 verba·
633 2470 965 2539 Tertulliani
997 2475 1156 2540 finem
1205 2474 1522 2539 quaerendi,
1570 2477 1846 2527 statio-nem
1882 2495 1990 2528 cre-

169 2556 334 2606 dendi
367 2564 461 2608 etc.
539 2555 672 2607 Tum
705 2556 767 2607 ad
804 2554 1128 2608 Pontificem:
1186 2555 1266 2609 Tu
1298 2559 1391 2609 ille
1430 2577 1514 2618 es,
1551 2562 1605 2610 in
1634 2578 1766 2628 quo,
1803 2569 1856 2612 et
1885 2581 1990 2631 per

172 2658 322 2707 quem
346 2641 702 2707 aniseopatus
737 2649 816 2692 est
854 2661 1006 2694 unus.
1091 2642 1170 2693 Tu
1196 2648 1329 2712 jure
1366 2649 1576 2696 vocaris
1619 2664 1869 2713 suprema
1912 2667 1990 2700 sa·

172 2725 398 2774 cerdotii
428 2742 590 2790 pars,
629 2729 845 2777 unitatis
881 2729 1273 2779 ecclesiasticae
1321 2733 1474 2797 oriyo
1505 2769 1516 2780 .
1549 2769 1560 2780 .
1595 2769 1606 2779 .
1661 2732 1774 2782 Fae
1811 2735 1991 2800 igitur,

171 2816 230 2860 ut
252 2810 388 2859 idem
415 2827 590 2860 omues
617 2812 870 2870 dieamus,
898 2818 950 2861 et
971 2829 1036 2861 ne
1064 2829 1170 2878 qua
1195 2815 1333 2862 inter
1359 2831 1456 2863 uos
1483 2814 1673 2866 divisio
1694 2820 1810 2883 fiat.
1866 2819 1993 2870 Fiat

171 2913 289 2961 pax
328 2897 382 2944 in
409 2897 600 2946 virtute
638 2900 749 2946 tua.
802 2893 919 2948 Vim
954 2913 1076 2965 ergo
1116 2895 1323 2948 unitatis
1357 2897 1687 2951 continendae
1725 2900 1881 2954 eidem
1917 2914 1992 2955 at-

169 2978 409 3031 tribuunt.

315 3064 400 3116 15.
438 3062 693 3116 Eximium
740 3082 933 3135 quoque
981 3074 1060 3117 est
1107 3066 1445 3119 testimonium
1491 3070 1708 3139 ejusdem
1745 3070 1989 3126 Gallicani

174 3146 313 3201 Cleri
335 3148 388 3199 in
414 3159 659 3203 conventu
685 3151 803 3203 anni
830 3150 1008 3216 1663..
1036 3152 1163 3222 quod
1187 3152 1239 3204 in
1265 3153 1534 3225 encyclicis
1560 3155 1657 3209 diei
1683 3157 1733 3209 2.
1756 3156 1990 3212 Octobris

176 3232 235 3283 ad
271 3250 444 3285 omnes
484 3233 654 3305 Regni
687 3237 1108 3310 Archiepiscopos
1148 3248 1198 3292 et
1235 3238 1514 3312 Episcopos
1562 3241 1772 3313 legitur:
1834 3245 1988 3299 Obse-

175 3321 379 3387 quium,
416 3323 560 3387 quod
583 3330 764 3375 saneto
794 3325 956 3377 Patri
990 3326 1242 3379 exhibere
1269 3332 1656 3391 consuevimus,
1696 3332 1988 3402 Episcopo-

172 3422 290 3456 ·rum
322 3405 536 3458 Galliae
570 3408 732 3460 veluti
763 3410 1032 3464 hereditas
1070 3420 1162 3465 est.
1219 3415 1339 3467 Hoc
1377 3422 1456 3468 est
1478 3425 1735 3484 punctum
1760 3421 1987 3471 solidum

169 3491 379 3557 ylariae
403 3499 648 3551 nostrae,
689 3498 835 3564 quod
871 3505 922 3550 et
955 3506 1195 3551 nostram
1228 3501 1386 3569 fidem
1419 3504 1769 3557 invincibilem
1795 3507 1989 3563 reddit,
