2320 3990
651 270 1299 329 ——115—

65 442 139 495 sia
164 438 431 503 catholica3
460 446 510 491 et
528 436 734 491 unitatis
747 437 1007 491 Ecclesiae
1035 436 1303 492 catholicae
1329 454 1516 510 expers
1542 446 1637 504 est,
1665 438 1746 509 qui
1771 457 1881 493 cum

63 527 145 580 illo
170 525 410 580 imitatem
436 541 536 576 non
562 531 718 577 tenet.
771 521 1044 578 Enimvero
1081 540 1190 576 cum
1223 522 1431 576 unitatis
1469 521 1739 578 catholicae
1764 543 1881 579 cen-

68 623 194 664 trum
221 621 274 664 et
298 609 446 665 radix
473 609 540 662 sit
564 609 826 664 Romanus
851 607 1122 674 Pontifex,
1161 606 1243 678 qui
1277 626 1387 661 eam
1423 609 1663 664 unitatem
1700 612 1882 666 format

64 706 114 751 et
139 696 390 761 continet,
430 705 484 748 ut
521 714 589 749 ex
629 694 887 768 Cypriano
925 692 1212 764 collegimus
1229 689 1251 761 ς’
1294 712 1395 747 non
1434 694 1532 747 alia
1567 698 1768 768 proprie
1803 709 1880 752 est

64 781 331 836 catholicae
369 779 626 836 Ecclesiae
662 781 831 835 unitas
865 779 963 832 nisi
994 777 1159 831 unitas
1198 798 1307 832 cum
1346 778 1577 835 Romano
1617 779 1880 848 pontifice,

65 868 135 922 ita
161 878 215 920 ut
242 870 358 939 jure
399 868 527 921 idem
564 869 631 921 sit
656 865 1018 922 communicare
1043 872 1095 916 et
1131 865 1374 920 unitatem
1412 875 1587 920 tenere
1625 886 1732 921 cum
1768 868 1877 937 hoc,

63 964 209 1023 atque
245 953 503 1008 Ecclesiae
553 953 820 1007 catholicae
865 948 1256 1004 communionem
1295 961 1345 1004 et
1386 951 1628 1006 unitatem
1677 963 1878 1008 tenere=

65 1039 186 1092 adeo
225 1039 382 1092 altera
420 1040 530 1092 sine
566 1038 722 1092 altera
759 1048 895 1091 stare
921 1054 1021 1089 non
1048 1045 1244 1107 potest,
1285 1055 1376 1091 nec
1414 1035 1575 1088 miuus
1609 1057 1707 1090 una
1735 1059 1878 1109 quam

62 1124 221 1176 altera
245 1123 528 1177 necessaria
552 1133 647 1176 est.

207 1209 290 1262 12.
335 1208 514 1279 Neque
549 1227 669 1262 vero
709 1228 779 1262 ex
805 1210 879 1262 his
915 1209 1069 1261 solius
1073 1205 1454 1305 ‘ommunionis
1491 1208 1731 1261 unitatem
1769 1228 1879 1263 cum

61 1293 287 1347 Romano
302 1293 547 1349 Pontifice
571 1295 712 1349 novit
738 1293 1053 1368 Cypriamm,
1081 1312 1181 1346 non
1207 1312 1328 1347 vero
1354 1292 1596 1345 unitatem
1620 1289 1747 1343 fidei.
1800 1289 1879 1344 De

61 1379 150 1432 hac
176 1379 368 1448 quidem
408 1381 622 1433 secunda
661 1380 851 1434 unitate
878 1399 977 1432 nou
1004 1381 1073 1432 ita
1099 1397 1345 1449 expressa
1372 1385 1636 1450 suppetunt
1663 1378 1878 1446 ejusdem

60 1463 117 1517 S.
141 1463 390 1537 Martyris
416 1465 718 1531 testimonia,
747 1470 859 1535 quia
886 1467 944 1518 de
970 1466 1059 1517 hac
1087 1482 1331 1534 expresse
1357 1462 1535 1534 agendi
1562 1461 1759 1515 occasio
1785 1461 1880 1534 ipsi

61 1549 228 1602 defuit.
282 1551 354 1602 At
379 1551 615 1604 nonnulla
640 1551 818 1605 indicia
846 1569 935 1603 seu
960 1549 1200 1621 principia
1228 1550 1288 1602 ab
1317 1550 1487 1602 eodem
1514 1547 1746 1618 inspersa
1770 1566 1876 1600 rem

60 1634 217 1705 ipsam
243 1636 562 1705 patefaciunt.
605 1635 660 1688 In
679 1637 850 1707 primis
873 1636 984 1688 illud
1013 1636 1283 1689 observare
1301 1637 1464 1706 juvat,
1494 1636 1879 1703 Episcopatum

59 1738 217 1771 unum
254 1721 315 1772 ab
355 1738 413 1772 eo
453 1721 692 1792 appellari
731 1721 879 1792 epist.
922 1722 1008 1772 52.
1050 1738 1119 1772 ex
1161 1723 1554 1788 Episcoporum
1589 1721 1877 1771 multorum

58 1808 373 1860 concordia:
404 1825 530 1874 quae
556 1807 796 1877 quomodo
823 1807 923 1871 fiat,
952 1804 1174 1876 explicat
1200 1804 1252 1857 in
1279 1805 1406 1857 libro
1434 1808 1500 1858 de
1538 1805 1751 1857 Unitate
1778 1806 1876 1856 Ec-

58 1890 358 1951 clesiae‚ubi
378 1891 586 1946 incultat
604 1895 902 1946 unanimem
922 1895 1317 1945 consensionem
1330 1894 1384 1942 in
1391 1893 1669 1959 pascendo
1686 1887 1878 1943 Christi

57 1994 238 2046 grege3
280 1986 329 2029 et
369 1977 526 2030 locum
551 1977 698 2031 Pauli
724 1980 784 2031 ad
809 1977 1056 2050 Ephesios
1084 1997 1126 2030 c.
1155 1978 1206 2030 4.
1236 1977 1483 2047 allegans,
1522 1976 1573 2028 in
1600 1994 1695 2046 quo
1733 1975 1877 2029 varia

57 2061 188 2114 inter
214 2061 375 2133 capita
401 2063 606 2116 unitatis
632 2085 739 2117 una
757 2068 890 2133 sides
911 2074 1228 2128 recensetur,
1266 2063 1391 2116 hanc
1411 2063 1652 2115 unitatem
1677 2063 1735 2114 ab
1754 2060 1876 2132 Epi-

58 2146 219 2216 scopis
245 2149 508 2200 tenendam
535 2158 586 2201 et
604 2149 946 2202 vindicandam
974 2158 1159 2212 monet,
1186 2157 1247 2201 ut
1258 2151 1642 2216 Episcopatum
1669 2167 1875 2216 quoquc

56 2235 228 2299 ipsum
265 2251 425 2285 unum
462 2242 620 2303 atque
657 2237 936 2288 indivisum
965 2236 1208 2303 probent.
1268 2232 1397 2286 Hinc
1445 2250 1566 2285 sane
1602 2231 1875 2285 Salmasius

57 2316 182 2368 hunc
221 2314 462 2388 Cypriani
502 2329 698 2371 textum
737 2338 998 2391 exponens
1036 2320 1087 2370 iu
1122 2319 1245 2370 libro
1287 2320 1372 2371 Dc
1402 2322 1644 2386 primatu
1687 2319 1875 2386 Papae

57 2419 98 2453 c.
119 2402 168 2452 5.
189 2419 303 2471 pag.
323 2403 408 2456 79.
436 2414 609 2475 aperte
635 2406 836 2470 fatetur,
864 2414 923 2458 ut
935 2408 1196 2475 Episcopi
1219 2409 1325 2458 sint
1346 2407 1637 2457 concordes
1655 2412 1875 2457 etunum

59 2488 439 2556 Episcopatum
460 2509 636 2543 omnes
657 2496 994 2552 constituant,
1020 2510 1303 2544 consensus
1324 2509 1452 2543 sane
1473 2493 1699 2541 omnium
1720 2492 1875 2557 facit,

58 2577 183 2625 etin
210 2593 367 2626 unam
400 2578 561 2644 fidem
586 2596 650 2629 ac
685 2579 982 2630 doctrinam
1018 2580 1281 2630 unanimis
1316 2578 1662 2644 conspiratio.
1722 2571 1876 2643 Equi-

56 2657 164 2709 dem
189 2656 516 2729 Episcopatus
556 2662 726 2713 eadem
759 2662 948 2715 unitate
983 2681 1110 2715 unus
1137 2673 1240 2728 est,
1278 2681 1374 2731 qua
1399 2659 1628 2714 Ecclesia
1654 2669 1732 2712 est
1757 2677 1873 2723 uua,

57 2741 287 2794 nimirum
310 2752 413 2794 tum
439 2745 794 2799 communionis
819 2757 923 2798 tum
961 2747 1071 2799 fidei
1108 2748 1329 2801 unitate:
1357 2756 1408 2799 et
1434 2755 1675 2815 quatenus
1702 2762 1875 2796 omnes

59 2824 292 2898 Episcopi
318 2828 601 2898 inejusdem
628 2831 983 2882 communionis
1006 2849 1063 2882 ac
1083 2831 1195 2882 fidei
1220 2831 1413 2882 unitate
1439 2830 1742 2891 coalescunt,
1770 2846 1875 2879 om-

58 2929 147 2964 nes
185 2914 497 2982 quantumvis
534 2933 623 2984 per
661 2916 830 2968 orbem
868 2915 1078 2987 dispersi
1115 2933 1265 2968 unum
1301 2913 1654 2985 Episcopatum
1687 2914 1875 2967 consti-

58 3006 219 3050 tuunt.
282 2996 408 3051 Cum
445 3017 566 3052 vero
606 2999 747 3070 hujus
773 3005 992 3055 unitatis
1027 3004 1402 3061 sacerdotalis,
1441 3018 1529 3053 seu
1564 2997 1874 3071 Episcopalis

58 3092 279 3135 centrum
305 3094 355 3137 et
381 3084 522 3155 origo
551 3103 620 3138 ex
642 3083 887 3158 Cypriani
912 3087 1163 3141 senten-tia
1190 3087 1256 3140 sit
1281 3086 1540 3139 Romanus
1564 3084 1873 3157 Episcopus;

57 3167 118 3218 ad
136 3166 284 3220 istam
317 3169 557 3223 unitatem
594 3172 902 3226 formandam
927 3184 979 3226 et
1005 3173 1349 3227 continendam
1376 3188 1498 3242 opus
1522 3173 1746 3242 profecto
1775 3183 1871 3236 est,

58 3270 230 3304 omnes
255 3250 528 3325 Episcopos
553 3255 606 3308 in
631 3258 850 3327 ejusdem
877 3258 1238 3312 communionis
1265 3267 1314 3310 et
1339 3256 1450 3309 fidei
1483 3256 1726 3310 unitatem
1763 3275 1870 3310 cum

57 3337 224 3389 eodem
250 3347 420 3391 centro
442 3349 493 3391 et
518 3341 712 3411 origine
738 3345 1022 3409 convenire,
1048 3363 1111 3396 ne
1139 3344 1246 3412 quis
1274 3353 1496 3396 centrum
1522 3341 1615 3396 hoc
1640 3352 1691 3395 et
1716 3342 1871 3413 origi-

56 3438 166 3474 nem
189 3422 395 3476 unitatis
421 3424 685 3491 deserenS‚
723 3427 874 3499 ipsam
904 3432 1102 3484 deserat
1129 3430 1368 3482 unitatem
1386 3469 1399 3494 ‚
1439 3438 1489 3482 et
1514 3426 1868 3500 Episcopatum

56 3502 236 3558 dividat
263 3512 409 3577 atque
435 3510 691 3564 discindat.

1457 3614 1529 3667 8*
