2320 3990
679 200 1287 260 ——75-....

82 395 230 448 quae,
264 376 447 446 inquit,
485 390 602 428 cum
632 373 958 444 ,qoam-aliter
997 373 1063 424 ab
1101 374 1221 440 ipso
1255 387 1350 424 suo
1389 370 1563 438 eapite
1597 385 1758 437 super
1801 368 1896 420 Pe-

81 472 241 524 trum,
266 465 427 524 idest,
453 479 614 531 super
639 463 1026 529 confessionem
1053 459 1210 511 Petri
1233 460 1305 510 sit
1325 457 1613 526 aedificata
1633 463 1731 508 etc.

225 548 311 602 29.
352 547 607 619 Rupertus
635 545 918 599 Tuitiensis
942 543 1123 597 Abbas
1153 543 1238 596 lib.
1266 542 1318 596 3.
1345 541 1397 594 in
1422 541 1732 596 Matthaeum
1749 563 1765 594 ε
1804 543 1899 594 Su-

75 654 176 703 per
193 642 408 703 petram
427 636 587 703 fidei,
614 652 770 703 quam
795 636 1070 701 confessus
1098 636 1177 682 est
1202 629 1396 680 Petrus
1423 637 1519 680 etc.

223 720 312 773 30.
352 718 409 773 S.
438 719 662 772 Thomas
689 714 1072 774 Cantuariensis
1099 714 1227 786 epist
1251 713 1338 768 97.
1367 713 1479 765 libri
1504 712 1677 784 primi:
1706 714 1898 767 Nonne

83 812 133 859 in
156 809 265 876 fide
293 815 345 859 et
367 810 619 860 doctrina
646 806 801 858 Petri
822 805 984 856 totius
997 803 1274 854 Ecclesiae
1301 807 1574 853 structura
1597 805 1909 870 consurgit?

227 893 313 945 31.
354 891 409 946 S.
439 892 609 944 Bruno
635 889 871 943 Astensis
905 888 957 940 in
982 886 1320 959 Expositione
1358 886 1533 958 eapitis
1559 886 1647 940 33.
1699 885 1899 940 Exodi:

101 979 329 1032 Vocatur
348 981 484 1049 fides
500 985 688 1047 petra:
722 977 862 1027 uude
899 994 1015 1026 cum
1049 975 1284 1026 Domino
1315 975 1512 1026 Petrus
1549 976 1779 1026 diceret.-
1817 972 1899 1025 Tu

85 1083 138 1118 es
165 1063 398 1119 Christus
422 1064 551 1116 filius
573 1061 671 1115 Dei
696 1060 824 1127 νίν-ῖς
861 1080 990 1113 moa·
1026 1065 1136 1133 ejus
1157 1062 1318 1129 fidem
1345 1063 1664 1130 confirmans
1691 1064 1791 1112 ait:
1834 1062 1904 1112 Et

85 1152 200 1220 Eyo
227 1154 349 1203 dico
374 1152 485 1211 tibi,
511 1152 638 1219 quia
662 1156 718 1201 tu
746 1167 799 1200 es
833 1148 1041 1208 Petrus,
1069 1154 1120 1198 et
1144 1165 1306 1215 super
1332 1148 1472 1199 Itane
1489 1154 1723 1215 petram,
1749 1149 1902 1207 idest,

82 1256 241 1305 super
266 1238 404 1290 lianc
423 1239 587 1306 fidem
610 1243 782 1296 tuam,
817 1254 923 1304 qua
962 1253 1040 1286 me
1075 1235 1208 1286 dicis
1229 1234 1400 1304 filium
1427 1235 1536 1286 Dei
1558 1236 1688 1293 vivi,
1725 1235 1902 1303 aedifi—

83 1325 212 1375 cabo
240 1325 535 1376 Ecclesiam
559 1341 742 1375 meam.

227 1409 315 1461 32.
357 1407 628 1461 Caesarius
655 1405 1010 1460 Cisterciensis
1038 1406 1240 1459 homilia
1275 1408 1362 1460 De
1398 1407 1669 1459 Cathedra
1714 1407 1772 1457 S.
1805 1406 1902 1458 Pe·

85 1499 181 1547 tri:
227 1497 399 1563 Super
427 1496 564 1547 lianc
582 1501 823 1563 petram,
861 1495 1000 1545 idest
1023 1513 1184 1562 super
1203 1495 1336 1563 fidei
1368 1500 1490 1545 tuae
1510 1496 1844 1562 firmitatem,
1871 1513 1903 1545 a

86 1602 190 1650 qua
217 1583 632 1649 coquominaris,
659 1580 950 1648 (aedificabo
978 1581 1275 1632 Ecclesiam
1299 1598 1482 1631 meam.

228 1665 315 1717 33.
356 1663 607 1733 Magister
642 1663 972 1734 Menegaldus
1010 1665 1061 1716 in
1099 1666 1332 1736 opusculo
1372 1674 1548 1717 contra
1573 1662 1902 1717 Wolfelmum

87 1749 464 1814 Coloniensem‚
500 1750 627 1819 quod
653 1749 962 1803 Muratorius
998 1751 1048 1802 in
1074 1749 1275 1802 Latinis
1302 1748 1579 1801 Aneedotis
1619 1750 1769 1802 edidit
1796 1769 1902 1822 cap.

87 1837 169 1891 17.
199 1836 408 1890 recitata
435 1836 745 1888 confessione
771 1835 940 1901 Petri,
982 1839 1312 1905 Propterea,
1352 1834 1535 1906 inquit,
1573 1845 1676 1888 tam
1695 1841 1904 1906 perspi·

85 1926 225 1976 cacis
246 1926 378 1992 fidei
402 1924 646 1975 solidatas
686 1924 750 1974 ab
785 1926 902 1992 ipso
931 1925 1040 1976 Dei
1058 1926 1175 1993 filio
1198 1925 1603 1992 fundamentum
1631 1925 1905 1976 Ecclesiae

80 2014 231 2077 facta
258 2017 358 2070 est,
385 2028 546 2078 super
573 2011 719 2078 quod
742 2014 901 2063 totius
928 2014 1163 2080 aedificii
1187 2017 1457 2063 structura
1485 2018 1784 2080 consuryet.

229 2095 314 2148 34.
355 2093 596 2146 Similiter
631 2095 764 2147 inter
799 2095 1137 2149 Scholasticos
1176 2095 1231 2148 S.
1273 2097 1497 2148 Thomas
1532 2097 1582 2148 2.
1613 2098 1662 2148 2.
1703 2117 1750 2167 q.
1783 2098 1902 2151 174.

90 2202 135 2233 a.
164 2180 217 2232 6.
239 2202 251 2232 2
299 2183 474 2248 Super
512 2182 650 2232 hauc
678 2189 920 2249 petram,
947 2186 1151 2235 scilicet
1175 2185 1526 2250 confessionis
1551 2190 1701 2243 tuae,
1727 2186 1906 2253 aedifi-

90 2270 218 2320 cabo
250 2269 543 2320 Ecclesiam
567 2285 759 2318 ·meam:
801 2268 973 2336 quibus
1015 2268 1198 2321 similia
1225 2268 1455 2339 leguntur
1489 2268 1538 2320 in
1567 2269 1904 2340 supplemento

88 2374 134 2423 q.
164 2354 249 2406 25.
279 2371 324 2405 a.
356 2354 406 2404 1.

229 2439 315 2492 35.
354 2437 534 2509 Neque
561 2438 777 2491 Romani
798 2438 1070 2494 Pontifices
1098 2442 1156 2492 ab
1185 2441 1275 2493 hae
1301 2440 1733 2512 interpretatione,
1762 2460 1906 2511 quam

88 2525 198 2577 aliis
227 2525 538 2595 antiquorum
566 2524 875 2598 Scriptorum
911 2527 1211 2580 testimoniis
1249 2527 1545 2580 confirmare
1571 2527 1768 2592 liceret,
1809 2529 1907 2580 dis-

88 2611 322 2663 sentiunt.
377 2610 433 2664 S.
461 2610 570 2665 Leo
610 2630 760 2665 serm.
787 2611 875 2666 62.
920 2613 982 2666 al.
1011 2613 1099 2666 60.
1137 2631 1180 2666 e.
1210 2615 1260 2667 2.
1299 2633 1461 2668 novae
1498 2614 1614 2667 edit.
1658 2616 1750 2667 eol.
1781 2616 1903 2669 ⁶239.

88 2697 223 2747 illam
249 2695 391 2749 Petri
428 2698 819 2764 confessionem,
866 2699 943 2751 Tu
970 2717 1023 2752 es
1058 2701 1300 2754 Christus
1332 2703 1478 2771 filius
1506 2703 1616 2754 Dei
1650 2706 1766 2766 vici,
1797 2701 1904 2755 Deo

88 2782 344 2835 revelante
370 2783 549 2835 editam
576 2785 804 2848 affirmat,
832 2792 891 2836 ut
915 2788 990 2836 acl
1012 2789 1245 2853 reyimen
1271 2791 1431 2838 totius
1451 2789 1727 2839 Ecclesiae
1746 2808 1905 2855 prae-

81 2877 339 2939 paratus,
383 2873 615 2938 primum
660 2873 891 2922 disceret
937 2873 1083 2938 quod
1119 2873 1356 2932 doceret,
1408 2879 1459 2922 et
1485 2891 1595 2940 pro
1635 2876 1905 2927 soliditate

82 2958 240 3026 fidei,
280 2974 437 3026 quam
476 2963 594 3007 erat
621 2959 1068 3024 praedicaturus,
1108 2958 1347 3008 audiret.-
1397 2957 1473 3010 Tu
1500 2977 1553 3011 es
1584 2960 1780 3013 Petrus
1807 2971 1902 3015 etc.

88 3038 144 3091 In
171 3059 313 3110 quem
341 3041 499 3094 locum
523 3042 635 3095 vide
661 3061 785 3112 quae
819 3040 974 3094 fusius
1010 3043 1351 3096 adnotavimus
1391 3043 1442 3095 in
1478 3046 1648 3098 eadem
1688 3046 1906 3101 editione

91 3136 209 3177 tom.
240 3127 289 3178 1.
318 3127 410 3179 col.
438 3127 560 3181 461.
591 3138 641 3180 et
667 3128 789 3182 462.
835 3127 958 3181 Item
986 3146 1136 3181 serm.
1166 3129 1252 3182 51.
1283 3129 1345 3182 al.
1375 3130 1462 3183 94.
1491 3149 1535 3184 e.
1566 3132 1646 3184 l.:
1684 3133 1903 3187 Tantum

93 3216 145 3263 in
173 3214 276 3264 liae
307 3215 440 3282 fidei
473 3212 544 3284 (a
569 3213 726 3267 Petro
762 3214 1081 3287 declaratae)
1119 3217 1435 3269 sublimitate
1470 3221 1813 3287 complacuit,
1850 3229 1908 3274 ut

92 3299 427 3351 beatitudiuis
448 3301 710 3367 felicitate
736 3301 961 3355 donatus
977 3344 991 3362 ‚
1029 3322 1237 3356 sacram
1266 3305 1584 3358 inviolabilis
1603 3314 1796 3375 petrae
1823 3327 1904 3360 ac·

93 3389 293 3454 ciperet
313 3388 633 3454 firmitatem,
660 3406 818 3456 super
845 3408 997 3457 quam
1021 3394 1251 3458 fundata
1269 3392 1511 3445 Ecclesia
1537 3397 1712 3461 portis
1744 3399 1910 3463 inferi

99 3476 147 3520 et
173 3475 351 3524 mortis
381 3474 579 3541 leyibus
602 3477 956 3542 praevaleret.
