2314 3984
609 207 1333 305 A--rts—

110 422 541 498 boja-decretum,
561 433 659 488 qno
674 415 958 470 Romanam
983 411 1474 468 consuetudinemah
1489 408 1733 464 Africana
1755 410 1920 465 diver-

110 527 215 564 sam
249 503 609 560 observandam
632 503 843 574 urgebat
860 540 874 566 ,
914 518 1026 554 eam
1061 498 1403 570 quaestionem
1436 495 1767 566 dogmau'cam
1784 528 1785 533 κ
1801 513 1918 549 num

109 595 219 667 ipsa
241 590 540 646 consuetudo
567 589 627 642 ad
652 589 794 642 fidem
808 627 825 653 ,
850 605 916 640 an
940 586 1004 640 ad
1025 583 1336 656 disciplinam
1348 582 1404 651 *)
1441 581 1746 654 pertineret,
1778 579 1919 636 indc-

110 679 260 733 cisam
297 676 509 748 reliquit.
583 673 679 728 His
713 682 878 727 autem
909 671 964 724 in
997 667 1385 724 circumstantiis
1421 685 1529 720 cum
1567 667 1711 722 salva
1739 666 1834 721 fide
1870 677 1924 722 et

111 764 296 818 unitate
331 764 392 816 ob
430 762 696 817 veritatem
731 756 1054 828 detegendam
1088 755 1338 808 rationum
1376 752 1640 806 momentis
1677 754 1921 824 agendum

111 858 275 915 esset3
312 856 564 902 momenta
600 845 876 907 rationum,
919 857 1045 911 quae
1076 856 1166 910 pro
1203 835 1453 911 Cypriani
1488 837 1739 892 sententia
1770 838 1921 891 allata

110 938 332 999 fuerant,
358 934 431 987 ita
453 931 665 986 fortiora
685 929 799 984 visa
821 935 937 981 sunt
959 924 1245 996 Augustino
1261 963 1277 990 ,
1312 934 1367 976 ut
1393 924 1650 996 scripserit
1673 942 1728 978 se
1753 942 1926 977 cessu-

114 1039 220 1073 rum
244 1021 397 1073 fuisse
421 1018 473 1071 in
498 1017 716 1072 eamdem
739 1010 1063 1075 sententiam,
1089 1028 1181 1063 nec
1208 1028 1439 1063 ausurum
1464 1009 1722 1079 quicquam
1747 1020 1925 1063 contra

113 1106 244 1158 illam
272 1121 517 1167 asserere,
543 1101 589 1155 si
610 1098 828 1154 vixisset
853 1116 913 1151 eo
939 1106 1189 1168 tempore,
1215 1114 1312 1165 quo
1337 1113 1422 1148 res
1446 1095 1662 1147 nondum
1689 1095 1922 1164 eliquata,

114 1209 204 1243 nec
228 1190 280 1242 in
307 1188 512 1243 concilio
538 1184 763 1257 plenario
788 1183 990 1237 definita
1011 1181 1206 1235 fuisset.
1258 1178 1403 1248 Quod
1438 1181 1482 1234 si
1507 1181 1648 1251 hujus
1675 1181 1927 1250 quaestio-

114 1275 192 1328 nis
216 1273 548 1328 definitionem
573 1289 674 1324 non
699 1268 954 1343 Stephano
981 1266 1183 1340 Papae,
1219 1268 1306 1320 sed
1343 1266 1565 1338 plenario
1605 1266 1811 1319 concilio
1840 1267 1925 1318 ad-

116 1359 343 1431 scripsit3
379 1378 480 1412 non
505 1377 568 1412 ea
592 1358 651 1410 de
689 1375 842 1411 causa
865 1357 1047 1408 factum
1074 1364 1179 1419 est,
1219 1354 1334 1423 quia
1370 1352 1572 1406 summis
1598 1350 1925 1405 Pontificibus

118 1444 373 1498 definiendi
399 1443 745 1497 auctoritatem
771 1443 944 1494 deesse
971 1441 1223 1503 crederet,
1250 1456 1345 1507 qua
1370 1436 1699 1506 Pelagianam
1725 1455 1926 1491 causam

120 1529 318 1582 omnino
353 1529 540 1582 finitam
577 1528 730 1582 fuisse
769 1528 1025 1581 confessus
1064 1535 1171 1590 est3
1211 1524 1298 1577 sed
1324 1523 1439 1593 quia
1463 1541 1564 1576 non
1599 1526 1672 1576 ita
1695 1522 1748 1576 in
1774 1542 1927 1576 causa

119 1616 177 1667 de
203 1614 561 1667 haereticorum
598 1614 871 1685 baptismo,
909 1612 981 1664 uti
1017 1612 1070 1664 in
1095 1609 1293 1681 Pelagii
1329 1627 1480 1662 causa
1505 1609 1764 1662 definierat
1787 1610 1929 1682 Apo·

119 1698 296 1752 stolica
321 1699 492 1763 sedeS,
531 1691 913 1751 sedconcilium
937 1697 1239 1767 plenarimn:
1276 1696 1356 1748 vel
1391 1695 1541 1748 etiam
1578 1695 1693 1764 quia
1727 1695 1810 1766 (ut
1836 1697 1928 1749 hoc

120 1801 311 1854 quoque
337 1801 445 1836 cum
469 1783 626 1854 priori
653 1781 979 1854 responsione
1013 1781 1282 1834 concinens
1309 1779 1508 1850 addam)
1549 1780 1760 1833 humano
1788 1800 1928 1834 more

120 1869 382 1923 disserenti
416 1877 591 1922 contra
625 1866 922 1922 Donatistas
957 1866 1346 1921 ecclesiasticam
1396 1865 1743 1919 auctoritatem
1790 1867 1930 1920 nihili

120 1955 358 2008 facientes
374 1994 388 2019 ‚
426 1973 528 2007 non
560 1955 632 2006 ita
658 1954 837 2007 efficax
863 1953 987 2024 apud
1013 1971 1098 2006 eos
1125 1971 1239 2006 esse
1276 1961 1474 2023 poterat
1498 1952 1643 2005 unius
1670 1950 1930 2006 Pontificis

121 2040 396 2104 decretum,
447 2039 520 2090 uti
553 2039 801 2092 decrettmi
849 2039 1043 2092 concilii
1074 2039 1309 2110 plenarii,
1356 2039 1408 2091 in
1446 2057 1541 2107 quo
1579 2049 1693 2110 post
1727 2040 1931 2092 multam

124 2125 287 2177 multis
321 2125 374 2176 in
411 2123 677 2195 provinciis
712 2124 1067 2178 discussionem
1100 2125 1416 2176 manifestata
1442 2126 1549 2194 jam
1574 2125 1817 2190 veritate,
1857 2136 1933 2177 tot

126 2209 332 2262 Patrum
356 2210 636 2262 sententiae
660 2209 713 2261 in
738 2227 887 2261 unam
913 2209 1279 2280 conspirarunt,
1307 2228 1414 2262 cum
1440 2211 1736 2280 praesertim
1762 2229 1831 2263 ex
1857 2211 1934 2263 his

125 2290 432 2358 constiterit,
460 2294 890 2359 consuetudinem,
918 2314 1043 2364 quae
1069 2293 1265 2347 Romae
1289 2295 1518 2365 vigebat,
1554 2295 1707 2348 fuisse
1733 2297 1934 2351 univer-

126 2381 277 2433 salem
301 2380 455 2432 totius
479 2378 739 2433 Ecclesiae
764 2380 1053 2445 catholicae,
1082 2399 1138 2434 ac
1163 2381 1368 2453 proinde
1394 2379 1678 2434 traditionis
1705 2383 1932 2449 divinae,

126 2466 251 2534 quod
286 2483 354 2518 ex
390 2466 496 2518 solo
533 2466 730 2518 decreto
757 2463 1002 2536 Stephani
1038 2467 1195 2519 solam
1233 2467 1495 2537 ingerente
1530 2467 1933 2520 consuetudinem

131 2549 437 2615 Romanam,
463 2569 589 2620 quae
614 2550 901 2622 disciplinae
927 2552 1085 2623 potuit
1110 2552 1347 2616 adscribi,
1374 2552 1550 2605 inferri
1577 2552 1857 2617 evidenter,
1885 2563 1936 2606 et

128 2635 353 2688 convinci
378 2653 478 2687 non
503 2645 715 2706 poterat.
766 2635 906 2688 Haec
931 2637 991 2688 ob
1018 2637 1355 2707 disjiciendam
1381 2638 1708 2708 objectionem
1734 2657 1802 2691 ex
1828 2639 1936 2690 Au-

128 2719 315 2789 gustini
350 2720 647 2772 auctoritate
681 2722 900 2784 ductam,
940 2739 1064 2789 quae
1093 2724 1269 2792 juncta
1307 2741 1415 2775 cum
1441 2725 1572 2775 facto
1600 2721 1656 2775 S.
1688 2721 1936 2795 Cypriani

130 2907 322 2947 tholicam
364 2910 537 2948 aliorum
574 2920 735 2960 quoque
778 2908 1010 2960 dogmatum
1050 2910 1268 2949 veritatem
1311 2911 1640 2960 cognoscendam
1682 2914 1936 2953 constituen-

130 2967 324 3017 damque,
367 2971 408 3006 et
449 2967 501 3005 ad
534 2967 671 3006 varios
704 2979 864 3007 errores
897 2968 1141 3007 refellendos
1173 2973 1419 3021 patuerunt,
1461 2972 1504 3008 ut
1536 2970 1600 3010 vel
1632 2983 1681 3010 ex
1715 2971 1787 3018 iis,
1831 2985 1936 3024 quae

130 3029 274 3064 contra
313 3025 554 3065 Donatistas
598 3026 763 3077 scripsit
805 3027 847 3065 S.
892 3027 1161 3077 Augustinus,
1207 3028 1465 3067 manifestum
1508 3033 1585 3068 est.
1665 3030 1778 3081 Lege
1818 3031 1936 3083 hujtn

131 3084 471 3124 sauctiDoctoris
503 3088 659 3124 textum
687 3085 730 3124 in
752 3097 812 3136 ps.
830 3085 903 3124 54.
935 3097 1059 3137 supra
1089 3086 1308 3126 recitatum
1340 3100 1375 3125 c.
1396 3087 1464 3125 12.
1498 3089 1592 3127 11.1.
1616 3089 1684 3127 ubi
1717 3091 1937 3130 occasione

133 3142 414 3190 quaestionum
441 3144 483 3182 in
514 3143 706 3184 Ecclesia
746 3146 1019 3184 excitatarum
1051 3145 1170 3184 istam
1199 3157 1428 3184 memorans
1460 3145 1511 3184 de
1541 3146 1771 3199 baptism0,
1810 3150 1938 3189 multa

134 3200 307 3238 obscura
336 3212 361 3239 a
391 3200 603 3241 catholicis
635 3203 928 3242 tractatoribus
960 3204 1000 3242 in
1032 3204 1162 3243 lucem
1195 3204 1389 3249 deducta,
1438 3208 1479 3242 et
1510 3204 1600 3244 loca
1630 3206 1935 3258 Scripturarum

133 3259 300 3308 copiose
330 3262 371 3297 et
402 3259 612 3299 enucleate
642 3261 847 3312 explicata
876 3266 1070 3303 testatur.

250 3329 288 3380 ⁸)
318 3330 423 3369 Addi
455 3334 594 3382 potest
622 3334 688 3373 vel
717 3335 773 3374 ad
801 3335 1070 3385 opinionem;
1112 3335 1296 3373 rationes
1336 3334 1443 3373 enim
1483 3339 1525 3374 et
1558 3335 1771 3386 opiniones
1803 3337 1938 3377 diver-

135 3399 203 3425 sae
237 3388 359 3427 etiam
392 3388 430 3426 in
463 3390 648 3429 materiis
678 3391 863 3433 diversae
895 3393 1134 3445 disciplinae
1167 3394 1297 3431 locum
1331 3391 1500 3432 habent:
1532 3394 1633 3433 etin
1665 3394 1742 3434 hac
1774 3397 1935 3447 quidem

138 3447 422 3486 controversia
452 3448 503 3487 de
533 3448 736 3499 baptismo
768 3454 887 3491 extra
914 3452 1143 3491 Ecclesiam
1185 3451 1335 3490 collato
1366 3452 1537 3491 statutis
1568 3452 1743 3492 diversi·
1774 3455 1825 3493 ab
1860 3457 1934 3494 Au-

137 3504 297 3552 gustino
330 3508 564 3546 memoratis
596 3507 663 3546 lib.
700 3507 743 3546 1.
775 3509 826 3548 de
855 3511 976 3561 Bapt.
1009 3523 1048 3549 11.
1082 3511 1121 3549 9.
1157 3521 1319 3549 causam
1350 3509 1566 3551 dederunt.
