2314 3984
712 235 1101 309 -ss-aes
1194 283 1361 291 ---

64 449 72 459 ·
128 423 528 492 smtpropria,
553 425 661 474 sint
691 422 793 474 tibi
823 439 1024 474 mecum
1052 420 1478 489 participatione
1512 419 1854 470 commuta...
1874 414 1943 467 Et

128 525 278 580 snper
300 507 428 561 hanc
451 516 644 579 petram
681 506 947 560 aedificabo
980 504 1262 560 Ecclesiam
1292 520 1480 568 meam,
1517 512 1571 556 et
1594 511 1771 574 portae
1793 500 1943 554 inferi

127 612 230 647 non-
250 593 604 665 praevalebunt
630 593 869 647 adversus
892 610 1030 647 em.
1064 593 1261 659 ,Super
1279 592 1439 651 hanc,
1458 589 1942 659 inquit,÷fortitudi-

126 699 242 732 nem
266 686 538 733 aeternum
577 686 852 732 exstruam
887 679 1178 746 templum,
1202 679 1256 727 et
1289 675 1568 727 Ecclesiae
1606 692 1755 727 meae
1791 675 1943 726 eaelo

127 767 410 833 inferenda
436 767 727 819 sublimitas
753 767 807 816 iu
833 765 994 836 ltaque
1009 763 1141 832 fidei
1157 764 1410 830 firmitate
1435 767 1732 829 comm-yet.
1801 756 1943 826 Quae

128 869 236 903 cum
262 850 491 920 recitas}
510 851 751 922 epistolae
775 848 997 902 decimae
1009 845 1187 901 ¹verbis
1212 845 1418 898 mirifice
1444 845 1760 899 concinentia
1783 846 1943 916 palam

124 936 326 1001 faciunt,
351 933 407 988 S.
424 935 631 989 Petrmn
645 931 1108 1007 petramEcclesiae
1119 931 1443 984 constitutum
1456 932 1517 983 ob
1529 931 1943 1002 praedicationem

129 1021 266 1087 fidei,
293 1041 355 1076 ea
378 1021 490 1075 fidei
515 1019 767 1083 soliditate
788 1036 848 1072 ac
873 1018 1109 1070 firmitate
1132 1017 1366 1070 donatum
1391 1017 1544 1069 fuisse
1572 1014 1833 1091 {djhristo
1849 1057 1864 1082 ‚
1890 1027 1944 1068 ut

127 1107 180 1159 in
203 1125 265 1160 ea
286 1105 519 1160 Ecclesia
544 1105 871 1158 corroborata
897 1105 1216 1164 consisteret,
1241 1103 1370 1171 quod
1396 1121 1498 1154 non
1522 1100 1621 1153 nisi
1656 1120 1744 1172 per
1779 1102 1944 1154 unita·

125 1201 226 1243 tem
251 1192 362 1244 fidei
386 1206 495 1244 cum
518 1189 612 1242 fide
627 1188 774 1243 Petri
793 1190 900 1243 fieri
922 1199 1112 1261 potest:
1140 1207 1198 1242 ac
1218 1197 1488 1260 propterea
1503 1187 1700 1240 laudato
1722 1206 1873 1240 serm.
1890 1188 1941 1240 4.

126 1295 170 1329 c.
197 1275 250 1328 3.
277 1285 536 1346 postquam
560 1273 618 1327 S.
645 1273 891 1330 Pontifex
916 1276 1144 1347 scripsit:
1173 1276 1437 1342 Specialis
1466 1294 1499 1325 a
1524 1274 1758 1325 Domino
1788 1275 1947 1326 Petri

125 1381 257 1413 cura
282 1364 602 1428 suscipitur,
640 1368 692 1412 et
717 1381 826 1429 pro
849 1365 956 1431 fide
987 1362 1142 1413 Petri
1161 1363 1389 1429 proprie
1416 1361 1782 1427 supplicatur,
1820 1367 1943 1410 tam-

127 1465 283 1515 quam
308 1448 537 1498 aliorum
549 1453 714 1498 status
727 1451 926 1499 certior
941 1451 1011 1499 sit
1027 1451 1264 1515 futurus,
1288 1448 1335 1496 si
1347 1462 1487 1496 meus
1506 1444 1782 1513 Principis
1807 1449 1946 1497 victa

127 1535 435 1599 uonfuerit3
461 1531 538 1583 his
550 1532 719 1586 verbis
733 1531 1000 1586 concludit:
1030 1533 1089 1583 In
1108 1533 1274 1583 Petro
1296 1551 1423 1599 erqo
1440 1534 1943 1598 ornniumfortitudo

129 1621 374 1677 munitur,
400 1624 453 1669 et
475 1620 686 1670 divinae
707 1622 920 1687 qratiae
946 1622 1021 1670 ita
1033 1620 1316 1670 ordinatur
1330 1619 1610 1678 auxilium,
1622 1623 1682 1669 ut
1698 1621 1944 1685 firmitas,

127 1721 263 1770 quae
281 1721 386 1770 per
407 1702 673 1754 Christum
691 1704 859 1754 Petro
887 1706 1153 1764 tribuitur,
1172 1724 1274 1772 per
1294 1705 1515 1756 Petrum
1531 1702 1803 1769 Apostolis
1823 1722 1941 1755 cou-

119 1792 351 1855 feratur‚
377 1805 502 1856 quae
526 1786 717 1857 pariter
742 1787 982 1841 unitatem
1008 1789 1120 1840 fidei
1157 1807 1266 1841 cum
1289 1787 1434 1841 Petri
1458 1789 1550 1840 fide
1576 1788 1870 1858 efflagitant.

266 1874 354 1927 66.
405 1872 592 1926 Eadem
618 1891 768 1943 porro
795 1874 954 1938 ratic,
982 1892 1078 1942 qua
1101 1871 1158 1926 S.
1186 1873 1374 1927 Petrus
1400 1884 1513 1945 post
1539 1872 1797 1928 Christum
1824 1875 1942 1926 reli-

126 1969 234 2012 ctus
259 1959 350 2011 fuit
372 1958 583 2012 visibilis
609 1957 869 2012 Ecclesiae
894 1968 1038 2029 petra
1063 1961 1124 2012 ad
1164 1961 1472 2012 formandam
1499 1970 1549 2014 et
1575 1958 1943 2012 custodiendam

125 2043 368 2096 visibilem
393 2045 608 2114 ejusdem
643 2043 902 2097 Ecclesiae
940 2055 990 2097 et
1027 2046 1138 2097 fidei
1162 2046 1400 2098 unitatem
1420 2085 1434 2110 ‚
1462 2046 1701 2116 exigebat
1730 2065 1942 2116 quoque,

128 2138 181 2179 ut
206 2138 317 2198 post
327 2127 532 2180 Petrum
556 2130 680 2181 alius
709 2139 859 2197 atque
880 2130 1004 2182 alius
1028 2132 1334 2196 succederet,
1353 2131 1435 2200 qni
1457 2133 1678 2183 eamdem
1703 2133 1943 2185 unitatem

130 2213 418 2266 custodiret.
447 2212 499 2266 ld
525 2223 688 2266 autem
714 2213 961 2266 Romanis
987 2213 1311 2268 Pontificibus
1338 2213 1396 2267 S.
1412 2214 1555 2267 Petri
1570 2217 1943 2270 successoribus

130 2309 407 2369 competere
425 2301 618 2354 notavit
637 2297 694 2352 S.
715 2298 825 2354 Leo
847 2318 997 2352 serm.
1019 2300 1070 2352 5.
1093 2301 1157 2352 al.
1182 2301 1230 2352 4.
1253 2320 1295 2353 c.
1312 2300 1364 2353 4.
1398 2303 1658 2354 soliditas
1680 2307 1815 2354 euim
1830 2306 1944 2365 illa,

129 2404 283 2453 quam
296 2388 362 2437 de
370 2393 530 2454 petra
553 2386 764 2438 Christo
792 2390 949 2438 etiam
974 2390 1088 2454 ipse
1103 2385 1348 2457 (Petrus)
1358 2395 1522 2456 petra
1528 2392 1710 2456 factus
1738 2394 1948 2458 accepit

128 2472 182 2520 in
197 2489 318 2522 suos
333 2490 539 2539 quoque
553 2490 608 2523 se
623 2474 921 2539 transfudit
932 2473 1169 2524 heredes.
1198 2470 1275 2524 Oh
1290 2472 1416 2524 hanc
1434 2473 1627 2541 quidem
1642 2472 1942 2526 soliditatem

127 2555 178 2605 in
189 2553 334 2607 Petri
354 2572 670 2609 successores
679 2558 983 2608 transfusam
995 2557 1154 2628 ipsum
1169 2556 1378 2610 Petrum
1394 2556 1657 2610 Romanae
1673 2559 1777 2610 sedi
1794 2559 1945 2612 adhuc

127 2657 362 2708 praeesse
387 2651 438 2693 et
462 2643 798 2711 praefuturum
825 2661 1043 2713 semper,
1070 2660 1362 2713 semperque
1400 2642 1450 2693 in
1491 2642 1611 2713 ipsis
1639 2646 1944 2698 successori-

130 2725 220 2775 bus
245 2724 417 2777 vivere
442 2727 801 2795 pronuntiavit.
853 2727 905 2779 ld
929 2745 1051 2780 vero
1084 2726 1136 2778 in
1179 2726 1439 2780 Ecclesiae
1480 2738 1530 2779 et
1564 2729 1675 2780 fidei
1701 2730 1942 2782 unitatem

129 2809 310 2860 factum
346 2808 566 2861 indicant
599 2811 683 2862 illa
721 2812 965 2863 sermonis
1002 2811 1139 2862 tertii
1177 2829 1221 2862 c.
1256 2812 1306 2862 2.
1373 2814 1635 2865 Soliclitas
1671 2819 1806 2864 enim
1845 2818 1943 2868 illa

125 2896 285 2961 fidei,
320 2913 457 2962 quae
496 2899 550 2945 in
578 2894 957 2963 Apostolorum
993 2895 1250 2963 Principe
1291 2903 1368 2946 est
1406 2899 1645 2957 laudata,
1672 2908 1942 2967 perpetua

129 2986 230 3030 est:
258 2989 500 3047 quatenus
526 2979 717 3032 scilicet
741 2990 977 3051 perpetua
1002 2989 1150 3032 estet
1176 2998 1289 3032 esse
1315 2981 1459 3032 debet
1471 2979 1730 3035 Ecclesiae
1755 2985 1942 3049 unium,

129 3081 253 3132 quae
280 3081 428 3134 super
466 3065 684 3135 ejusdem
723 3064 834 3117 fidei
874 3075 1066 3136 petram
1102 3074 1413 3128 constructa,
1454 3083 1554 3118 non
1580 3067 1807 3122 desinere
1834 3089 1942 3122 eum

130 3146 285 3199 Petro
301 3187 316 3211 ‚
343 3149 425 3200 sed
451 3167 784 3219 perseverare
809 3167 963 3219 usque
990 3150 1050 3202 ad
1076 3151 1220 3203 finem
1246 3149 1408 3200 mundi
1426 3189 1439 3213 ‚
1481 3161 1625 3220 atque
1663 3155 1940 3210 consistere

130 3232 179 3283 iu
205 3235 313 3301 ejus
339 3235 707 3287 successoribus
745 3236 913 3288 debet:
953 3237 1080 3288 unde
1121 3235 1370 3304 sequitur:
1410 3237 1483 3286 Et
1505 3241 1644 3291 sicut
1662 3251 1943 3307 permanet

130 3321 274 3386 quod
298 3321 351 3368 in
386 3319 596 3370 Christo
626 3321 820 3374 Petrus
846 3324 1103 3381 credidit,
1130 3325 1206 3374 ita
1224 3330 1511 3389 permanet
1533 3327 1680 3392 quod
1701 3329 1755 3377 in
1771 3327 1939 3379 Petro

138 3404 379 3455 Christus
405 3407 642 3456 instituit.
695 3404 878 3459 Petrus
905 3407 1133 3458 nimirum
1160 3408 1221 3458 ob
1248 3424 1387 3458 suam
1414 3407 1759 3462 solidissimam
1800 3413 1941 3464 fidem

128 3496 285 3553 petra
322 3486 579 3541 Ecclesiae
614 3490 911 3544 constitutus
953 3511 981 3544 a
1023 3491 1225 3545 Christo
1267 3493 1328 3544 ob
1355 3494 1658 3548 formandam
1686 3497 1945 3549 continen-
