2320 3990
319 366 371 410 et
397 357 766 411 communicent
795 373 906 408 cum
940 373 1031 407 suo
1072 356 1313 427 cujusque
1338 353 1622 430 Episcopo,
1665 357 1747 428 qui
1786 357 1991 411 uniatur
2031 366 2180 428 atquc

321 445 654 498 communicet
682 461 792 497 cum
820 441 932 496 aliis
956 439 1234 496 catholicae
1261 443 1626 501 communionis
1642 443 1930 518 EpiscopiS‚
1958 454 2010 499 et
2023 445 2184 517 potis-

323 532 501 586 simum
543 551 654 586 eum
694 529 931 585 Romano
949 571 963 597 ,
1019 529 1103 602 qui
1143 528 1419 583 catholicae
1466 529 1678 586 unitatis
1716 543 1769 587 et
1814 531 2183 587 communionis

322 629 550 672 centrum
579 629 631 674 et
657 618 804 691 origo
833 629 930 673 est.
1000 617 1079 672 Ita
1105 615 1238 671 enim
1267 617 1351 689 qui
1388 636 1498 671 cum
1532 610 1998 674 hoc-communicat
2034 629 2183 691 atque

321 705 527 774 unitur,
573 705 912 761 communicat
938 716 990 761 et
1015 705 1188 760 unitur
1216 724 1327 760 cum
1366 704 1598 760 omnibus
1639 701 1896 765 catholicis
1937 727 2047 763 cum
2074 707 2184 781 ipso

318 794 478 849 unitis
507 805 559 850 et
587 795 1074 849 communicantibus
1094 836 1108 862 ‚
1149 805 1202 849 et
1227 813 1298 848 ex
1325 793 1606 867 hujusmodi
1646 794 1832 850 unione
1871 806 2022 869 atque
2049 816 2184 850 com—

319 883 558 938 munione
597 883 819 936 omnium
859 902 970 936 cum
997 883 1091 945 hoc
1118 892 1296 937 centro
1334 882 1548 936 unitatis
1588 883 1826 954 exsurgit
1852 902 1914 937 ea
1940 883 2185 938 catholica

321 971 553 1025 caritatis
593 982 644 1026 et
682 969 1048 1025 communionis
1083 971 1285 1037 unitaS‚
1333 991 1459 1043 quae
1497 970 1550 1025 in
1588 991 1691 1024 una
1727 970 1915 1026 visibili
1951 969 2186 1026 Ecclesia

321 1059 536 1114 visibilis
561 1079 679 1114 esse
707 1061 872 1127 debet,
901 1069 953 1114 et
980 1059 1157 1131 cuique
1186 1059 1403 1113 fidelium
1431 1070 1512 1113 est
1539 1060 1600 1112 ad
1628 1060 1842 1113 salutem
1871 1059 2183 1113 necessaria.

468 1150 519 1202 2.
574 1147 763 1202 Unitas
791 1148 1014 1215 scilicet,
1058 1168 1184 1220 quae
1214 1166 1285 1203 ex
1312 1147 1370 1202 S.
1401 1146 1650 1221 Cypriani
1678 1147 1936 1202 sententia
1962 1148 2065 1200 late
2093 1166 2186 1201 ex-

319 1234 553 1308 plicanda
581 1255 690 1310 cap.
723 1237 810 1290 13.
841 1238 888 1307 ξ.
917 1237 970 1291 3.
1001 1238 1063 1291 ab
1090 1256 1191 1290 uno
1219 1236 1355 1290 ducit
1381 1235 1634 1307 originem
1652 1274 1666 1301 ‚
1710 1233 1860 1288 sicuti
1889 1234 1941 1287 in
1967 1236 2187 1308 particu-

322 1323 509 1376 laribus
538 1324 766 1378 ecclesiis
799 1325 963 1377 oritur
985 1326 1046 1377 ab
1067 1344 1167 1379 uno
1190 1324 1445 1397 Episcopo
1471 1320 1686 1374 unitatis
1713 1323 1999 1377 earumdem
2028 1324 2188 1377 eccle-

320 1409 512 1463 siarum
553 1421 730 1465 centro
749 1452 762 1479 ,
804 1430 1015 1483 quocum
1057 1411 1229 1465 onmia
1263 1411 1487 1483 ejusdem
1529 1408 1777 1462 ecclesiae
1802 1411 2028 1463 membra
2054 1411 2188 1464 uniri

322 1498 506 1552 debent
534 1508 685 1570 atque
712 1499 1116 1568 communicare3
1145 1498 1220 1552 ita
1245 1498 1298 1554 in
1324 1495 1605 1553 universali
1631 1494 1865 1551 Ecclesia
1895 1516 1924 1551 a
1951 1496 2186 1552 Romano

321 1585 573 1641 Pontifice
614 1587 893 1642 catholicae
945 1588 1161 1642 unitatis
1204 1597 1256 1641 et
1295 1584 1663 1641 communionis
1703 1596 1879 1639 centro
1933 1586 2187 1652 exoritur,

323 1694 534 1745 quocum
552 1696 729 1730 omnes
749 1676 1133 1749 particularium
1159 1674 1490 1728 ecclesiarum
1504 1672 1745 1747 Episcopi
1768 1692 1875 1749 cum
1900 1673 2004 1727 suis
2021 1677 2097 1747 cuj
2105 1693 2189 1727 us-

323 1782 419 1834 que
444 1765 684 1818 membris
710 1765 955 1818 uniantur
993 1774 1144 1835 atque
1184 1760 1574 1816 connnuniccnt.
1636 1760 1784 1815 Hanc
1821 1762 2018 1832 quidem
2055 1781 2190 1816 com-

322 1850 608 1923 pingendae
661 1853 939 1908 catholicae
988 1851 1202 1906 unitatis
1249 1857 1500 1906 rationem
1542 1849 1782 1903 indicavit
1816 1849 2100 1904 Bossuetus
2137 1850 2187 1903 in

321 1938 667 2013 Expositione
693 1942 956 1997 doctrinae
981 1940 1250 1996 Ecclesiae
1277 1939 1554 1995 catholicae
1582 1958 1690 2012 cap.
1708 1939 1796 1992 21.
1829 1957 1938 1991 cum
1966 1937 2189 2011 scripsit,

323 2034 701 2084 auctoritatem
727 2033 1095 2101 Episcopatus
1137 2038 1373 2084 statuere
1411 2032 1670 2082 unitatem
1695 2032 1750 2081 in
1778 2029 2038 2081 Ecclesiis
2057 2047 2189 2097 par-

322 2119 659 2179 ticularibus,
688 2124 990 2188 primatum
1028 2139 1155 2172 vero
1203 2120 1258 2171 S.
1292 2119 1451 2170 Petri
1485 2136 1598 2169 esse
1636 2124 1878 2169 centrum
1915 2135 2189 2168 commune

323 2209 484 2257 totius
524 2209 746 2258 unitatis
784 2209 1118 2269 catholicae,
1163 2204 1248 2258 ubi
1273 2203 1403 2257 hanc
1430 2204 1826 2277 compingendae
1864 2203 2075 2256 unitatis
2102 2222 2192 2257 seu

325 2293 692 2346 communionis
721 2294 998 2348 catholicae
1027 2294 1130 2349 vim
1160 2294 1223 2346 ad
1249 2291 1520 2365 primatum
1550 2295 1726 2348 refert.
1781 2289 1930 2359 Quod
1956 2290 2035 2345 hic
2060 2290 2192 2344 Bos-

327 2390 502 2433 suetus
542 2381 661 2434 dicit
700 2383 759 2435 de
800 2380 857 2436 S.
890 2381 1083 2448 Petro,
1123 2387 1178 2435 in
1220 2383 1556 2451 Defensione
1595 2384 1986 2435 declarationis
2044 2380 2193 2432 Cleri

332 2469 609 2520 Gallicani
635 2469 787 2522 lib.9.
820 2471 990 2536 03⁵2„
1018 2470 1231 2542 idipsum
1261 2470 1480 2522 affirmat
1506 2469 1565 2522 de
1582 2467 1832 2522 Romanis
1858 2465 2190 2520 Pontificibus

327 2552 706 2607 successoribus
734 2552 792 2607 S.
821 2553 997 2622 Petri,
1036 2557 1184 2628 idque
1211 2556 1412 2611 divinae
1441 2554 1636 2611 Christi
1675 2554 1987 2611 institutioni
2013 2555 2191 2608 tribuit

327 2641 586 2695 scribens:
645 2643 861 2695 Certum
889 2652 967 2696 est
994 2647 1299 2698 Romanum
1342 2647 1666 2716 Pontificem
1692 2666 1726 2698 a
1754 2647 1876 2699 Deo
1910 2664 2022 2698 esse
2042 2649 2189 2713 posi-

325 2737 464 2791 tum,
493 2734 586 2800 qui
611 2732 916 2784 catholicae
950 2736 1223 2786 societatis
1252 2737 1741 2805 communionisque
1769 2753 1881 2788 esse
1910 2735 2192 2794 vinculum,

325 2819 411 2870 ubi
447 2820 716 2871 vinculum
752 2836 844 2890 pro
885 2829 1062 2873 centro
1103 2819 1379 2892 accipian-3
1421 2831 1473 2873 et
1511 2831 1628 2891 post
1664 2840 1850 2893 pauca:
1913 2822 2192 2874 Tesseram

336 2907 678 2960 Christianae
709 2910 1082 2975 fraternitatis
1119 2912 1176 2961 in
1216 2910 1453 2964 Romani
1494 2909 1774 2977 Pontifieis
1824 2914 2193 2963 communione

330 3017 364 3048 a
412 2996 628 3048 Christo
681 2999 1023 3048 constitutam
1063 3001 1403 3064 pronuntiat.
1474 2991 1708 3063 Legatur
1764 2997 1916 3049 ctiam
1961 2994 2193 3050 Nicolius

330 3093 463 3155 part.
494 3084 546 3136 2.
575 3082 628 3135 in
657 3082 923 3136 articulum
962 3100 1149 3136 nonum
1191 3081 1411 3155 symboli
1450 3082 1539 3133 De
1581 3089 1949 3137 communione
1988 3093 2191 3139 sancto-

329 3192 450 3225 rum
476 3190 519 3225 c.
554 3171 602 3224 l'.
633 3181 701 3237 et9
729 3172 775 3225 si
803 3171 943 3238 libet,
971 3173 1264 3226 conferatur
1291 3188 1488 3240 quoque
1515 3168 1747 3241 Dupinus
1773 3169 1827 3223 in
1854 3181 2078 3226 tractatu
2106 3175 2193 3226 De

332 3264 885 3314 excommunicatione
911 3270 1044 3333 part.
1077 3261 1126 3314 l.
1156 3260 1203 3329 ξ.
1231 3259 1284 3313 3.
1315 3277 1366 3311 n.
1397 3258 1449 3309 5.
1478 3257 1562 3310 ubi
1589 3276 1691 3310 non
1720 3258 2001 3314 absimilem
2031 3261 2194 3314 unita—

332 3347 400 3401 tis
426 3348 721 3401 formandae
763 3348 1159 3421 explicationem
1186 3366 1257 3401 ex
1283 3344 1342 3399 S.
1373 3343 1640 3419 Cypriano
1678 3347 1892 3403 derivat.
1957 3347 2035 3401 Ita
2060 3348 2193 3402 enim

331 3456 394 3490 ea
442 3436 589 3489 unius
629 3433 893 3491 Ecclesiae
932 3436 1156 3492 definitio
1191 3437 1253 3490 ab
1293 3434 1387 3489 hoc
1440 3445 1619 3489 sancto
1655 3447 1887 3510 martyre
1932 3435 2195 3508 proposita

333 3525 482 3597 epist.
504 3525 594 3579 69.
654 3525 818 3578 Plebs
846 3528 1121 3581 sacerdoti
1145 3545 1240 3581 suo
1267 3527 1594 3585 coadunata,
1618 3532 1671 3578 et
1689 3522 1907 3594 pastori
1931 3543 2027 3578 suo
2053 3544 2195 3593 {frea}
