2314 3984
778 282 947 291 --
1009 194 1160 306 ’307
1254 278 1417 287 ---

210 420 479 493 reson-ipsit,
505 428 561 472 ut
582 435 702 473 mox
723 415 1055 485 videbimus);
1082 414 1169 468 sed
1192 412 1320 483 quod
1337 409 1656 468 oeconomiae
1670 427 1828 465 causa
1855 430 2013 485 expe-

205 509 311 561 dire
323 523 325 525 ’
328 504 564 577 judicavit
588 504 922 558 definitionem
937 499 1258 573 suspendere,
1281 515 1347 551 ne
1371 495 1644 556 definiendo
1668 499 1885 569 majores
1906 509 2013 555 tur.

207 595 297 646 bae
323 590 682 654 excitarentur,
709 599 759 643 et
782 590 944 660 major
969 586 1185 642 scissura
1204 585 1363 646 fieret.
1389 582 1641 656 Deceptus
1655 584 1751 638 fuit
1778 584 1870 643 hac
1893 605 2012 658 spe:

205 690 254 733 et
273 677 471 733 interim
490 695 632 730 error
652 693 721 729 ex
746 675 837 728 hac
862 672 1130 727 omissione
1155 669 1306 723 latius
1329 679 1650 742 propagatuS‚
1671 673 2014 742 profundiores

207 764 400 818 radices
412 762 530 832 egit.
546 761 621 813 At
631 779 740 814 cum
754 761 876 814 haec
889 758 1088 812 omissio
1102 774 1203 810 non
1216 755 1367 809 fuerit
1377 756 1489 809 fidei
1498 756 1716 811 definitio
1729 779 1744 825 3
1757 777 1858 813 non
1872 779 2012 815 erra-

205 851 278 903 vit
297 849 584 912 definiendo,
611 848 698 900 sed
715 845 940 911 tacendo,
963 854 1014 900 et
1026 843 1315 907 omittendo,
1342 842 1470 912 quod
1483 842 1807 899 definiendum
1829 847 2011 901 fuerat.

347 936 435 989 33.
486 933 585 987 Sed
610 935 687 1004 eja
711 931 1044 1003 expendamus
1066 929 1226 1000 ipsum
1252 929 1458 999 lapsum,
1485 929 1567 997 qui
1585 927 1814 985 Honorio
1839 933 2014 987 tribui-

210 1033 289 1075 tur
313 1039 383 1075 ex
407 1019 645 1091 epistoliS,
669 1035 792 1087 quas
817 1017 875 1069 de
899 1034 998 1069 una
1022 1016 1103 1070 vel
1128 1015 1315 1068 duabus
1342 1011 1535 1067 Christi
1559 1017 2013 1086 operationibus-ac

207 1107 540 1164 voluntatibus
565 1105 627 1157 ad
649 1101 882 1174 Sergium
908 1099 1017 1155 CP.
1044 1099 1347 1172 Episcopum
1372 1098 1588 1170 scripsit.
1649 1099 1708 1154 In
1733 1102 1809 1156 his
1848 1115 2014 1158 autem

206 1212 296 1247 nec
310 1190 750 1244 Monothelitarum
775 1206 999 1242 errorem
1025 1186 1269 1250 docuisse,
1297 1203 1389 1239 nec
1414 1185 1748 1241 definitionem
1774 1189 1886 1243 fidei
1911 1190 2014 1243 edi-

204 1280 334 1332 disse
359 1275 787 1330 demonstrandum
813 1273 1099 1345 aggredior.
1152 1269 1330 1339 Quoad
1353 1271 1532 1341 dogma
1558 1273 1850 1327 catholicum
1877 1286 2013 1330 recte

205 1365 395 1434 quidem
433 1362 652 1415 sensisse
688 1361 908 1414 eumdem
943 1359 1236 1413 Pontificem
1276 1358 1478 1411 evidens
1513 1358 1566 1410 fit
1603 1377 1671 1412 ex
1706 1360 1768 1412 iis
1793 1360 2012 1432 ipsarum

204 1452 476 1504 litterarum
500 1447 685 1510 verbiS‚
712 1446 884 1515 quibus
911 1445 1230 1517 operationes
1255 1454 1307 1498 et
1331 1446 1614 1499 voluntates
1642 1446 1899 1517 utriusque
1923 1467 2013 1502 na-

205 1548 346 1590 turae
371 1535 613 1586 humanae
638 1542 689 1586 ct
713 1532 908 1585 divinae
932 1532 1159 1604 proprias
1186 1530 1310 1583 satis
1336 1530 1580 1584 distinxit.
1606 1530 1664 1583 In
1689 1543 1841 1588 sexta
1867 1554 2013 1589 oecu-

205 1622 395 1676 menica
420 1620 611 1690 synodo
649 1627 745 1670 act.
774 1618 824 1670 2.
861 1618 1098 1671 recitatur
1134 1627 1382 1686 tamquam
1414 1619 1799 1688 peremptorium
1838 1632 2015 1676 contra

204 1706 641 1760 Monothelitarum
668 1704 913 1756 haeresim
939 1704 1056 1756 illud
1081 1701 1138 1755 S.
1154 1701 1346 1755 Leonis
1370 1703 1709 1759 testimonium
1734 1724 1804 1759 ex
1829 1708 2013 1762 celebri

204 1793 478 1865 dogmatica
505 1792 563 1843 ad
576 1789 864 1843 Flavianum
892 1789 1103 1860 epistola
1129 1797 1334 1841 nostrae
1359 1788 1589 1841 editionis
1616 1791 1698 1844 ⁶28.
1727 1791 1856 1861 Ayit
1879 1798 2014 1846 enim

203 1889 428 1950 utraque
447 1884 630 1947 forma
655 1895 771 1929 cum
797 1878 1016 1928 alterius
1043 1878 1405 1928 communione
1446 1878 1593 1944 quod
1606 1883 1895 1945 proprium
1924 1888 2016 1940 est,

219 1968 385 2019 Verbo
421 1967 630 2035 quidem
674 1969 929 2030 operante
969 1964 1114 2030 quod
1165 1961 1324 2013 Verbi
1350 1969 1453 2023 est,
1481 1982 1643 2016 carne
1684 1972 1855 2017 autem
1895 1986 2014 2019 exe-

209 2060 394 2121 quente
421 2053 565 2119 quod
588 2052 764 2100 carnis
793 2055 882 2100 est.
933 2045 989 2097 In
1015 2065 1141 2114 quae
1167 2056 1407 2098 notarunt.
1433 2047 1759 2118 Apostolicae
1785 2052 1918 2105 sedis
1944 2054 2015 2106 le-

207 2135 337 2205 gati:
366 2137 533 2195 Ecce,
559 2137 921 2203 beniynissime
947 2134 1205 2193 Domine,
1237 2128 1580 2184 MANIFES
1593 2134 1687 2185 TE
1710 2138 1843 2189 duas
1867 2147 2014 2193 natu-

208 2225 350 2275 rales
377 2225 714 2290 operationes
738 2224 1014 2287 inconfuse
1042 2226 1092 2270 et
1115 2221 1337 2270 indivise
1363 2221 1416 2269 in
1429 2219 1662 2271 Domino
1687 2230 1871 2276 nostro
1887 2227 2015 2278 Jesu

216 2310 425 2361 Christo
445 2326 705 2374 praesens
731 2309 1088 2358 sanctissimus
1106 2307 1398 2372 praedicat
1424 2305 1604 2358 Pater.
1655 2304 1711 2359 Si
1739 2326 1799 2360 ea
1824 2307 2014 2362 Leonis

207 2394 360 2446 verba
402 2396 676 2460 manifeste
720 2392 980 2443 adstruunt
1022 2390 1142 2441 duas
1185 2389 1502 2460 operationes
1546 2401 1596 2444 et
1638 2394 1919 2448 voluntates
1964 2397 2012 2448 in

208 2478 435 2542 Christ03
463 2496 629 2530 nonne
657 2495 812 2545 aeque
836 2480 1134 2543 manifeste,
1162 2485 1212 2527 et
1236 2477 1365 2529 forte
1392 2476 1541 2531 etiam
1568 2483 1900 2547 manifestius
1926 2502 2012 2535 eas

205 2566 462 2616 adstruunt
485 2562 604 2616 haec
630 2561 883 2634 apertiora
909 2560 1123 2614 Honorii
1160 2562 1316 2615 verba
1354 2562 1407 2616 in
1439 2563 1656 2616 secunda
1693 2566 1754 2617 ad
1778 2564 2010 2638 Sergium

207 2649 439 2719 epistola:
487 2651 751 2708 Quantum
790 2650 863 2699 ad
887 2650 1080 2715 dogma
1107 2650 1517 2701 ecclesiasticum
1544 2654 1807 2717 pertinet,
1844 2662 2012 2708 utras-

207 2754 305 2802 que
329 2741 549 2786 naturas
586 2738 639 2786 in
673 2752 776 2786 uno
826 2733 1036 2784 Christo
1074 2737 1272 2785 unitate
1308 2737 1550 2790 naturali
1582 2740 1860 2803 copulatas
1897 2760 2013 2792 cum

208 2822 424 2872 alterius
463 2823 820 2872 communione
869 2825 1149 2884 operantes
1193 2825 1351 2886 atque
1398 2825 1728 2886 operatrices
1774 2829 2016 2893 confiteri

208 2907 478 2965 debemus,
504 2912 555 2956 et
577 2908 805 2958 divinam
832 2905 1042 2972 quidem
1067 2922 1201 2972 quae
1227 2904 1336 2955 Dei
1359 2912 1481 2957 sunt
1503 2915 1827 2972 operantem,
1853 2918 1905 2961 et
1922 2913 2012 2964 llu-

207 3010 411 3044 manam
437 3010 572 3059 quae
597 2994 775 3044 carnis
801 2997 922 3043 sunt
946 2997 1304 3058 exequentem,
1329 3009 1435 3041 non
1462 2993 1643 3051 divise,
1669 3013 1765 3046 nec
1776 3001 2013 3065 confuse,

209 3085 300 3129 aut
322 3079 789 3130 inconvertibiliter
814 3077 924 3128 Dei
945 3083 1192 3128 naturam
1218 3079 1272 3127 in
1300 3076 1584 3137 hominem,
1619 3086 1671 3129 et
1704 3100 1800 3133 nec
1835 3083 2012 3137 liuma-

208 3182 329 3214 nam
361 3166 415 3213 in
449 3164 618 3215 Deum
654 3181 959 3216 conversam
1004 3163 1294 3214 edocentes.
1344 3160 1413 3215 Et
1447 3172 1559 3234 post
1594 3181 1751 3233 pauca
1785 3168 2012 3230 affirmat,

206 3251 339 3300 duas
385 3255 629 3309 naturas,
657 3251 806 3301 *idest
840 3251 1130 3301 divinitatis
1170 3254 1220 3299 et
1255 3254 1433 3302 carnis
1477 3258 1775 3318 assumptae
1808 3257 1862 3306 in
1901 3275 2010 3309 una

204 3353 437 3402 persona
462 3336 716 3402 unigeniti
739 3334 848 3387 Dei
874 3335 1059 3387 Patris
1087 3338 1380 3401 inconfuse,
1406 3339 1643 3397 indivise,
1670 3345 1721 3389 et
1743 3342 2008 3394 inconver-

206 3421 423 3472 tibiliter
464 3419 812 3473 PROPRIA
847 3424 1080 3488 operari.
1133 3415 1263 3485 Quid
1299 3420 1349 3474 in
1387 3422 1598 3475 recitato
1635 3432 1683 3474 et
1719 3425 1915 3480 laudato
1949 3427 2005 3480 S.

210 3503 395 3558 Leonis
438 3504 722 3557 testimonio
765 3504 966 3574 legitur,
1018 3506 1143 3575 quod
1186 3524 1286 3558 non
1329 3507 1380 3559 in
1424 3507 1634 3562 Honorii
1677 3511 1840 3565 verbis
1883 3513 2008 3566 satis

1553 3608 1659 3661 20*
