2314 3984
353 365 415 418 ab
430 363 622 419 Ot-tonc
643 362 910 430 Fuldensi,
931 379 1085 436 quam
1107 361 1636 421 flenfflnfimsius
1664 365 1832 420 edidit.
1877 364 2215 425 Verissimum

354 453 549 507 seilicet
575 461 680 516 est,
708 449 839 519 quod
864 448 918 502 in
944 448 1073 505 hanc
1099 450 1834 517 rems-Antonimdnwllosellis
1860 473 1993 512 unus
2029 473 2110 509 ex*
2127 456 2214 510 ad-

350 539 597 596 versariis
630 536 846 611 prodidit
883 537 935 590 in
963 547 1187 593 tractatu
1211 540 1301 593 De
1320 539 1974 612 potesam¹ffluperatoris
2013 550 2067 596 et
2107 544 2213 596 Pa-

344 648 479 699 pae:
518 628 828 680 Dicendum
862 635 943 680 est
966 630 1116 699 quod
1147 635 1392 698 potestas
1429 630 1695 701 majoram
1727 646 2021 690 causarum*
2052 634 2120 684 sit
2157 634 2213 683 in

354 718 524 769 Petro
553 723 607 769 et
618 713 940 784 Apostolica
965 717 1091 770 sede
1123 723 1402 787 tamquam
1427 719 1482 769 in
1509 719 1710 787 eapite,
1726 721 1987 789 ‘itaquod
2011 722 2065 772 in
2093 722 2216 788 ipsa

350 805 617 857 habeatur
653 811 933 873 respectus
969 806 1045 858 ad
1061 807 1227 875 fidem
1255 805 1417 857 Petri
1442 812 1495 858 et
1519 806 1669 858 illius
1695 793 2032 860 beatissimae
2063 810 2214 860 >sedis

349 900 624 962 tamquam
672 893 749 944 ad
785 893 986 954 solem,¹
1037 895 1180 947 ande
1218 895 1395 946 lumen
1427 895 1564 963 fidei
1603 900 1656 944 et
1685 894 1947 962 splendor
1987 896 2212 946 unitatis

350 984 404 1033 in
441 987 614 1033 totam
646 987 899 1034 causetur
928 982 1262 1034 Ecclesiam.-
1313 980 1398 1035 ubi
1434 984 1722 1042 unitatem,
1774 988 1830 1034 et
1859 983 1994 1052 fidei
2018 980 2214 1051 quidem

348 1073 607 1122 unitatem
636 1085 710 1121 ex
749 1086 809 1121 eo
837 1068 1002 1140 capite
1029 1069 1307 1124 derivatam
1334 1069 1387 1121 in
1414 1078 1576 1122 totam
1600 1066 1911 1134 Ecclesiam,
1953 1067 2216 1122 relationi-

351 1159 440 1210 bus
475 1156 587 1210 fidei
620 1156 685 1209 ad
722 1154 1009 1210 Romanam
1057 1158 1226 1211 sedem
1267 1175 1473 1211 causam
1510 1155 1709 1210 dedisse
1747 1157 1969 1210 fatetur„
2031 1155 2106 1206 At
2128 1148 2130 1150 ’
2150 1155 2210 1207 de

349 1245 510 1318 prima
535 1243 791 1298 referendi
817 1261 970 1297 causa
995 1244 1146 1297 nimis
1170 1246 1394 1298 fortasse
1419 1245 1595 1298 multa.

497 1331 586 1384 50.
639 1329 858 1384 Brevius
879 1348 963 1384 me
990 1331 1260 1402 expediam
1286 1333 1347 1383 ab
1376 1332 1568 1398 altera,
1605 1349 1737 1401 quae
1773 1330 2042 1384 Romanae
2080 1330 2214 1383 sedis

350 1417 707 1474 auctoritatem
734 1416 961 1489 respicit.
1014 1416 1161 1472 Hanc
1189 1435 1397 1471 causam
1423 1416 1542 1470 Afri
1570 1414 1887 1488 Carthagine
1914 1417 2215 1488 congregati

348 1508 400 1560 in
427 1506 612 1560 litteris
640 1506 702 1559 ad
726 1503 1074 1558 Innocentium
1094 1504 1136 1558 Ι.
1165 1516 1518 1579 exposuerunt
1542 1506 1620 1559 his
1646 1505 1848 1560 verbis:
1879 1506 2005 1558 Hoc
2030 1508 2213 1575 itaque

345 1604 579 1666 ylestam,
606 1596 841 1646 Domine
862 1598 1066 1664 frater,
1095 1603 1314 1649 sanctae
1340 1598 1562 1648 caritati
1587 1603 1710 1649 tuae
1738 1595 2092 1647 intimandum
2119 1595 2212 1645 dn-

348 1689 557 1746 ximus,
584 1691 645 1736 at
667 1686 879 1736 statutis
906 1691 1127 1736 nostrae
1153 1686 1544 1737 mediocritatis
1573 1668 1731 1735 etiam
1759 1680 2112 1751 Apostolicae
2138 1699 2213 1732 se-

349 1775 432 1826 «lis
460 1772 783 1825 adhibeatur
811 1774 1110 1824 auctoritas
1129 1791 1239 1841 pro
1267 1773 1467 1824 tuenda
1487 1773 1662 1824 salute
1686 1771 1990 1830 nzultorum,
2015 1775 2068 1821 et
2085 1788 2211 1838 qao-

349 1864 582 1915 rzmdam
600 1862 962 1929 perversitate
991 1863 1150 1912 ctiam
1176 1862 1522 1930 eorriycnda.
1575 1857 1645 1911 Et
1672 1858 1726 1911 in
1754 1857 1979 1912 eamdem
2007 1865 2214 1909 senten-

348 1949 471 2003 tiam
497 1947 787 2002 Milevitani
815 1947 1015 2002 concilii
1044 1945 1267 2001 Patres:
1323 1946 1670 2001 Arbitrantur
1699 1985 1855 1999 .....
1887 1948 2213 1998 auctoritate

349 2040 650 2090 sanctitatis
677 2043 802 2089 tuae
843 2039 910 2089 de
955 2043 1268 2088 sanctarum
1311 2035 1728 2103 Scripturaram
1766 2035 2089 2087 auctoritate
2128 2034 2214 2084 cle-

350 2214 421 2266 ris
450 2211 650 2285 probati
676 2209 916 2283 respicit)
951 2212 1180 2279 facilius
1209 2230 1329 2271 eos,
1367 2213 1463 2280 qui
1505 2217 1616 2261 tam
1647 2227 1912 2278 perversa
1951 2215 2007 2260 et
2029 2211 2214 2278 perni-

347 2306 498 2355 ciosa
534 2305 797 2366 sentiunt,
837 2319 948 2353 esse
989 2318 1250 2352 cessuros.
1303 2297 1401 2350 Hic
1441 2296 1797 2351 auctoritatem
1826 2295 2069 2368 primatus
2096 2314 2215 2367 pro-

348 2390 509 2462 priam
537 2388 590 2441 in
618 2386 961 2460 Pelagianos,
1004 2397 1057 2439 ut
1085 2387 1147 2440 ad
1173 2405 1348 2440 sanam
1377 2385 1659 2440 doctrinam
1687 2393 2017 2450 revocentur,
2053 2382 2214 2436 inter-

345 2478 583 2550 pellatam
609 2476 768 2529 vides.
823 2473 1085 2543 Quomodo
1122 2493 1245 2529 vero
1287 2474 1565 2527 auctoritas
1605 2474 1731 2525 haec
1767 2472 1820 2523 in
1859 2472 1909 2523 id
1948 2471 2212 2525 consilinm

346 2564 671 2636 interpellata
697 2562 894 2627 fuisset,
924 2561 969 2614 si
994 2579 1096 2614 non
1118 2560 1439 2633 praecipuam
1467 2558 1795 2631 cogendivim
1823 2557 1983 2611 eidem
2010 2559 2212 2611 ratione

347 2652 592 2725 primatus
633 2660 919 2723 competere
955 2648 1189 2702 Africani
1226 2648 1596 2702 credidissent?
1659 2646 1800 2700 Haec
1837 2646 2006 2718 potior
2041 2663 2210 2711 causa,

349 2760 437 2795 cur
453 2740 720 2794 Romanae
733 2738 840 2791 sedi
865 2748 969 2790 tam
997 2736 1214 2790 sollicite
1242 2754 1312 2789 ex
1340 2734 1595 2790 universis
1622 2733 2211 2807 provinciisreferretur.

347 2829 608 2883 Nonnulla
618 2827 814 2898 quidem
836 2826 1070 2898 exempla
1093 2824 1376 2877 litterarum
1399 2831 1692 2897 supersunt,
1715 2822 1892 2893 quibus
1914 2821 1975 2874 ab
1989 2821 2099 2874 aliis
2113 2821 2214 2875 Ec-

348 2917 513 2972 clesiis
542 2914 803 2971 consilium
829 2916 1041 2986 petitum
1066 2911 1184 2977 fuit,
1224 2920 1280 2964 ut
1319 2908 1680 2983 Lugdunensis
1718 2919 1871 2980 atque
1898 2907 2213 2964 Viennensis

344 3004 609 3060 Ecclesiae
637 3003 697 3057 ab
723 3000 969 3056 Ecclesiis
995 2999 1157 3052 Asiae
1183 3009 1234 3051 et
1259 2997 1524 3069 Phrygiae
1545 2999 1806 3051 consultae
1831 2997 2065 3060 fuerunt,
2095 2994 2211 3064 quid

347 3095 406 3149 dc
436 3091 784 3165 Cataphrygis
812 3088 1093 3153 sentirent,
1131 3096 1265 3140 teste
1290 3084 1514 3139 Eusebio
1554 3083 1639 3137 lih.
1677 3084 1729 3138 5.
1757 3081 1894 3136 Hist.
1924 3101 1968 3136 c.
1999 3084 2050 3136 Ξ.
2080 3093 2132 3136 et
2157 3082 2210 3137 3.

349 3179 767 3248 (Ιοιιειιίιίβῐίωιι
793 3174 1182 3248 Metropolitani
1219 3174 1280 3228 ab
1309 3171 1577 3245 Episcopis
1611 3170 1936 3243 provinciae3
1982 3170 2133 3224 immo
2161 3180 2213 3224 et

347 3267 618 3342 Episcopi,
658 3266 743 3338 qui
778 3263 1088 3337 insigniores
1122 3265 1259 3317 fama
1298 3269 1449 3316 erant
1485 3261 1547 3313 ab
1585 3259 1696 3312 aliis
1724 3268 1880 3312 extra
1899 3257 2212 3331 provinciam

349 3357 644 3428 quandoque
671 3353 889 3410 consulti
915 3353 1169 3424 leguntur.
1220 3350 1296 3404 At
1321 3348 1393 3403 illi
1410 3388 1424 3414 ,
1451 3347 1654 3402 tametsi
1680 3347 1814 3401 fama
1840 3346 2065 3400 celebres
2081 3385 2096 3412 ,
2125 3364 2213 3398 au-

349 3444 586 3499 ctoritate
613 3453 785 3498 tamen
811 3442 948 3497 intra
976 3458 1098 3494 suae
1124 3439 1415 3494 dioeceseos
1442 3437 1567 3490 fines
1596 3433 1978 3506 cii-ciunscripta
2013 3433 2087 3485 uti
2122 3451 2213 3505 po-

348 3541 548 3596 terant,
587 3549 680 3584 nec
718 3528 815 3584 nisi
855 3528 1052 3599 rogati,
1090 3526 1221 3599 quod
1246 3543 1460 3598 perraro
1487 3523 1696 3591 accidit,
1736 3524 1796 3577 de
1837 3521 2016 3576 alienis
2043 3520 2211 3576 causis
