2314 3984
705 242 1351 312 ...--ffl9—

120 420 536 490 videbitrfflo
544 420 756 488 zymboea
768 420 1170 470 excusationum
1193 421 1248 470 in
1258 417 1354 468 dia
1364 411 1838 485 obtendatjudicii.
1863 410 1935 466 Et

119 509 174 561 in·
195 507 394 561 decreto
419 500 636 575 ejusdem
663 501 925 556 Pontificis
950 505 1017 555 de
1043 503 1194 555 libris
1227 500 1581 569 recipiendis3
1615 499 1830 551 noemma
1855 517 1934 551 re-

120 594 377 662 ce'pv'endoe's
412 606 500 643 eos
535 598 727 643 tantum
766 588 1048 662 approbans
1084 586 1479 640 orthodoxomm
1514 581 1737 637 Petrum
1764 583 1937 650 libros,

122 682 224 749 qui·
245 681 299 730 in
324 678 474 730 nullo
512 697 545 728 a
571 683 786 729 sanctae
828 675 1106 727 Romanae
1144 673 1420 724 Ecclesiae
1455 673 1726 723 consortio
1764 670 1937 724 devia-

123 771 270 824 runt,
295 781 393 815 nec
418 764 483 815 ab
508 768 622 834 ejus
656 765 764 832 fide
776 791 792 823 ,·
830 761 916 813 vel
930 759 1336 828 praedicatione
1369 758 1592 828 sejuncti
1613 763 1761 816 sunt,
1805 773 1938 809 com-

120 849 399 902 munionem
427 857 477 901 et
501 847 614 900 fidei
638 848 877 900 unitatem
900 861 1011 899 ¹eum
1035 840 1269 894 Romana
1287 839 1516 895 Ecclesia
1538 841 1823 894 orthodoxo
1849 859 1938 895 ne-

123 934 391 988 cessariam
415 933 667 1004 patefacit.

263 1018 350 1074 83.
379 1017 816 1088 Utriusque-hujus
839 1015 1044 1068 unitatis
1069 1014 1344 1068 necessitas
1370 1014 1591 1066 maxime
1615 1013 1938 1066 confirmatur

122 1124 191 1158 ex
215 1105 278 1158 iis
296 1144 310 1170 ,
337 1122 464 1174 quae
488 1102 750 1157 occasione
776 1101 1057 1154 schismatis
1082 1099 1326 1154 Acaciani
1362 1099 1452 1151 sub
1476 1096 1647 1150 Felice
1671 1096 1756 1149 ΠΙ.
1786 1097 1938 1152 Gela-

121 1190 214 1254 sio,
240 1199 292 1242 et
314 1188 631 1259 sequentibus
655 1178 983 1241 Pontificibus
1009 1186 1342 1258 contigerunt.
1393 1183 1612 1238 Aeacius
1642 1180 1937 1236 Constanti-

121 1275 429 1347 nopolitanus
447 1273 742 1346 Episcopus,
769 1273 853 1344 qui
876 1273 1085 1344 primum
1111 1273 1172 1325 ab
1193 1270 1523 1343 Eutychianis
1551 1268 1824 1334 abhorruit,
1852 1288 1938 1323 eo-

120 1379 320 1428 rumque
347 1360 739 1413 communionem
763 1359 1018 1423 devitavit,
1045 1378 1153 1411 cum
1180 1358 1365 1410 sensim
1391 1357 1443 1407 in
1470 1356 1860 1408 communionem
1889 1367 1938 1408 et

120 1448 340 1499 savorem
366 1444 560 1497 illorum
576 1485 590 1510 ,
618 1445 699 1514 qui
726 1463 833 1497 cum
860 1444 932 1496 eis
958 1442 1411 1508 communicabant,
1439 1441 1748 1507 difluxisset,
1777 1442 1937 1513 suspi-

123 1531 409 1600 cionemque
434 1548 532 1582 non
557 1531 714 1584 levem
740 1531 997 1602 injecisset
1023 1529 1294 1595 Romanis3
1332 1538 1444 1600 post
1470 1528 1707 1581 nonnulla
1733 1528 1937 1599 experi-

123 1627 287 1670 menta
313 1626 363 1668 et
391 1616 591 1679 monita,
618 1634 743 1684 quae
761 1615 1007 1669 incassum
1035 1625 1310 1681 cesserunt,
1338 1615 1654 1667 anathemate
1681 1614 1938 1685 praecisus

121 1702 210 1754 fuit
236 1699 556 1764 ahEcclesia,
583 1719 860 1770 magnoque
885 1702 1160 1772 patrocinio
1187 1702 1353 1765 fultus,
1380 1702 1546 1771 plures
1572 1700 1726 1752 totius
1755 1699 1938 1753 Orien-

50 1807 54 1811 ·
121 1787 184 1839 tis
220 1805 384 1839 secum
413 1785 463 1837 iu
498 1784 624 1837 idem
651 1784 866 1837 schisma
890 1786 1171 1857 pertraxit,
1211 1785 1293 1855 qui
1319 1784 1553 1838 Romana
1577 1785 1695 1837 item
1723 1803 1939 1837 conmm-

121 1873 268 1925 nione
294 1870 476 1943 privati
501 1872 713 1923 fuerunt.
764 1869 923 1942 Hujus
961 1871 1316 1925 communionis
1355 1870 1706 1924 necessitatem
1742 1871 1938 1941 quidam

122 1967 466 2028 agnoscenteS,
494 1974 548 2009 se
575 1956 743 2008 statim
771 1967 1065 2027 separarunt
1092 1976 1121 2009 a
1149 1957 1492 2010 communione
1506 1957 1700 2022 Aeacii,
1727 1976 1819 2010 nec
1841 1959 1939 2009 ulla

122 2044 338 2107 ratione,
366 2044 465 2094 ullo
493 2042 700 2094 aliorum
727 2040 1057 2095 Orientalimu
1085 2044 1313 2114 exemplo
1331 2084 1344 2108 ,
1370 2043 1421 2097 vi
1447 2044 1544 2096 ulla
1571 2044 1742 2095 adduci
1766 2054 1940 2115 potue-

124 2138 253 2190 runt,
280 2137 334 2178 ut
353 2145 459 2178 cum
480 2127 688 2190 Acaci0,
717 2137 802 2178 aut
819 2128 1091 2179 Acacianis
1114 2130 1549 2193 communicanteS,
1577 2128 1838 2181 Romanae
1860 2148 1941 2181 se-

122 2213 195 2265 dis
209 2212 598 2265 communionem
613 2213 921 2278 desererent,
944 2214 1345 2281 quemadmodum
1360 2216 1418 2267 de
1429 2213 1717 2266 Dardaniae
1731 2213 1941 2285 Episco-

123 2300 196 2369 pis
220 2297 416 2367 legitur.
444 2297 550 2349 Alii
571 2298 665 2349 etsi
680 2297 836 2368 primo
853 2317 959 2351 cum
973 2299 1242 2351 Acacianis
1263 2299 1739 2365 communicassent,
1766 2302 1942 2353 moniti

124 2384 324 2435 subinde
344 2401 461 2435 suae
482 2382 678 2435 animae
699 2383 964 2454 periculum
985 2394 1263 2438 metuentes
1286 2387 1345 2437 ab
1365 2386 1582 2456 ipsorum
1598 2387 1940 2441 communione

124 2479 464 2532 recesserunt,
492 2478 541 2521 et
566 2469 616 2520 in
644 2470 1035 2522 communionem
1062 2470 1346 2523 Romanam
1374 2473 1594 2536 rediere,
1637 2483 1688 2524 ut
1713 2471 1940 2543 Epirotis

123 2554 312 2606 accidit.
364 2552 492 2606 Post
529 2553 704 2607 Aeacii
742 2573 864 2608 vero
902 2565 1115 2608 mortem
1152 2557 1258 2609 fere
1284 2576 1456 2610 omnes
1483 2558 1609 2610 hanc
1637 2559 1941 2610 communio-

123 2657 263 2702 nem,
315 2657 457 2706 quam
497 2640 771 2693 catholicis·
798 2641 1135 2693 necessariam
1174 2643 1425 2707 sciebant,
1477 2643 1677 2695 summis
1714 2645 1942 2715 precibus

125 2723 276 2774 enixe
313 2724 530 2793 petiere,
576 2743 781 2794 eamque
818 2726 1187 2778 concessissent
1232 2727 1451 2780 Romani
1489 2727 1790 2794 PraesuleS,
1845 2731 1942 2782 nisi

123 2806 398 2859 obstitisset
424 2826 603 2861 nomen
630 2809 808 2862 Aeacii
831 2809 884 2860 in
928 2811 1087 2862 sacris
1114 2811 1357 2881 diptychis
1385 2812 1539 2864 adhue
1566 2823 1814 2866 retentum
1831 2855 1844 2879 ,
1885 2817 1944 2867 de

124 2911 217 2960 quo
244 2893 385 2963 plura
410 2893 460 2944 in
487 2894 830 2964 Appendicula
856 2894 917 2945 ad
944 2904 1086 2964 caput
1106 2893 1201 2946 XI.
1231 2896 1279 2946 in
1309 2896 1441 2948 calce
1467 2896 1610 2968 hujus
1637 2901 1803 2970 operis
1830 2901 1943 2952 sub-

116 2977 333 3047 jicienda
358 2996 491 3029 num.
519 2979 571 3031 8.
601 2989 652 3032 et
678 2997 815 3048 seqq.
845 2976 972 3031 Cum
998 2981 1195 3032 tandem
1223 2982 1310 3033 sub
1338 2981 1605 3035 Hormisda
1624 2983 1826 3038 Justino
1852 2987 1943 3038 im-

124 3072 330 3130 perante
349 3063 479 3115 illius
502 3082 682 3116 nomen
703 3083 730 3116 e
750 3064 996 3136 diptychis
1023 3066 1197 3118 fuisset
1224 3077 1556 3138 expunctum3
1583 3079 1700 3123 tunc
1726 3090 1943 3124 commu-

129 3145 210 3196 nio
236 3145 292 3198 S.
320 3146 464 3200 Sedls
492 3147 830 3203 Orientalibus
857 3151 972 3204 data
997 3152 1088 3203 fuit
1115 3170 1174 3204 ea
1201 3152 1481 3205 conditione
1498 3193 1511 3218 ,
1548 3165 1603 3206 ut
1636 3166 1804 3210 certae
1842 3160 1944 3210 for-

123 3231 285 3282 mulae
301 3270 314 3293 ,
343 3250 431 3284 seu
458 3236 752 3303 professioni
780 3237 1175 3300 subscriberent,
1204 3256 1300 3306 qua
1327 3239 1386 3291 de
1411 3249 1620 3308 utraque
1640 3244 1943 3295 communio-

126 3316 204 3368 nis
230 3326 279 3368 et
304 3316 414 3369 fidei
439 3318 629 3372 unitate
654 3333 931 3375 caveretur.
960 3322 1156 3374 Initium
1184 3322 1326 3393 hujus
1341 3325 1665 3394 professionis
1692 3338 1769 3380 est
1783 3327 1940 3399 (TJ).

125 3398 279 3454 Cone.
309 3403 402 3454 col.
431 3402 555 3455 622.
583 3404 629 3454 d.
655 3405 709 3456 in
734 3408 941 3477 epistola
967 3408 1178 3462 ,loannis
1207 3406 1315 3460 CP.
1334 3411 1394 3461 ad
1419 3409 1792 3482 Hormisdam):
1826 3415 1942 3464 Pri-

126 3504 207 3537 ma
249 3489 397 3539 salus
426 3497 503 3540 est
530 3497 706 3542 rectae
727 3495 856 3560 fidei
878 3498 1115 3563 reyulam
1143 3497 1425 3556 custodire,
1453 3505 1503 3548 et
1527 3518 1559 3549 a
1590 3499 1811 3551 Patr-um
1841 3508 1942 3550 tra-

181 3592 225 3626 P.
245 3591 397 3627 Bauer.
417 3593 464 3628 de
484 3595 659 3630 Prilnatu
678 3600 752 3632 etc.
1566 3597 1634 3649 14
