2320 3990
109 403 230 454 dam
256 403 308 449 et
330 396 396 448 ab
421 394 658 447 omnibus
682 390 939 444 Emmaus
966 389 1166 443 Damna
1185 387 1488 450 Po'rsssrAS,
1513 395 1593 441 tot
1615 388 1670 439 in
1696 387 1931 440 ecclesiis

109 487 409 556 efficientur
443 481 756 540 schismata,
795 485 924 548 quot
958 478 1281 531 sacerdotes.
1332 473 1500 528 Aliter
1533 474 1775 546 primatus
1799 475 1931 528 bono

108 569 316 623 unitatis
341 567 631 631 institutus,
668 584 741 618 υτ
781 563 941 637 (quod
967 563 1038 617 ait
1072 562 1200 615 idem
1225 560 1598 632 Hieronymus)
1633 563 1932 615 schismatis

108 659 332 711 tollatur
369 658 608 715 occasio,
653 652 773 705 nihil
807 651 861 704 in
896 650 988 703 hoc
1023 651 1207 702 bonum
1240 646 1413 717 utique
1451 649 1845 703 conservandum
1883 659 1934 703 et

110 743 454 798 vindicandum
482 742 750 794 conferret.
802 736 933 791 Hinc
958 734 1180 789 nonnulli
1219 734 1372 787 etiam
1397 752 1467 787 ex
1491 734 1614 806 ipsis
1643 735 1931 790 acatholicis

110 827 210 881 vim
236 827 450 896 aliquam
476 826 748 881 coactivam
784 822 983 896 primati
1008 822 1322 875 tribuendam
1348 831 1786 892 praesumserunt,
1823 841 1933 875 cum

112 914 270 987 ipsum
297 914 357 966 ad
381 913 622 966 unitatem
646 910 902 964 Ecclesiae
930 908 1271 963 necessarium
1309 907 1572 978 aliquando
1598 908 1746 962 fateri
1774 909 1934 963 coacti

114 1011 253 1066 sunt,
282 1010 336 1052 ut
360 997 673 1072 praecedenti
699 997 859 1070 capite
883 997 1111 1051 w‘dimus.

253 1087 306 1138 4.
344 1084 642 1140 Adversarii
684 1085 877 1155 quidem
912 1082 1075 1136 nostri
1109 1082 1236 1135 hanc
1279 1083 1518 1135 unitatem
1557 1100 1666 1135 cum
1703 1081 1935 1134 Romano

113 1170 359 1225 Pontifice
392 1172 547 1226 veluti
582 1172 852 1226 catholicae
887 1169 1096 1222 unitatis
1132 1179 1307 1222 centro
1345 1168 1684 1223 necessariam
1712 1179 1937 1222 statuen-

114 1269 217 1323 ωε,
261 1268 316 1310 ut
350 1257 608 1312 Ecclesiae
644 1259 808 1311 unitas
850 1267 1082 1312 servetur
1126 1257 1228 1310 vim
1271 1256 1591 1328 proculdubio
1639 1255 1937 1320 coactivam,

114 1365 239 1415 quae
266 1347 325 1398 ad
351 1365 459 1398 eam
485 1345 729 1397 unitatem
757 1354 930 1415 cogat,
957 1345 1010 1396 in
1038 1344 1209 1397 eodem
1235 1353 1533 1414 agnoscunt.
1586 1341 1860 1395 Enimvero
1887 1343 1938 1394 in

115 1431 446 1484 declaratione
466 1428 604 1483 Cleri
623 1429 866 1483 Gallicani
891 1431 1010 1483 anni
1037 1431 1193 1484 1682.
1223 1429 1304 1480 ubi
1323 1433 1588 1497 primatus
1616 1438 1939 1482 asseveratur

117 1521 255 1570 sedis
291 1516 662 1586 Apostohcae,
704 1521 757 1569 in
799 1538 902 1587 qua
935 1522 1111 1570 unitas
1149 1523 1392 1570 servatur
1432 1518 1736 1578 Ecclesiae,
1781 1514 1938 1568 eidem

117 1603 219 1656 sedi
237 1610 479 1670 potestas
507 1603 769 1667 asseritur,
797 1623 901 1672 qua
918 1625 1042 1673 pax
1063 1606 1339 1657 Ecclesiae
1365 1607 1690 1655 continetur.-
1716 1602 1799 1654 ubi
1817 1622 1940 1671 pax

116 1690 390 1741 Ecclesiae
415 1692 715 1741 continetur
750 1688 877 1741 idem
906 1699 983 1741 est
1002 1728 1015 1753 ,
1056 1707 1113 1742 ac
1140 1690 1267 1758 quod
1301 1690 1446 1759 paulo
1482 1699 1598 1741 aute
1626 1689 1809 1741 dictum
1834 1691 1936 1740 fue-

115 1785 220 1839 rat,
247 1779 422 1827 unitas
447 1783 690 1827 servatur
717 1777 1018 1828 Ecclesiae:
1042 1783 1283 1845 potestas
1313 1784 1478 1828 autem
1496 1815 1510 1841 ‚
1539 1793 1636 1845 qua
1661 1774 1938 1845 hujusmodi

108 1883 229 1932 pax
256 1881 344 1915 seu
370 1866 543 1914 unitas
570 1865 900 1923 continetur,
937 1872 1086 1932 atque
1112 1870 1384 1924 servatur,
1421 1862 1522 1916 vim
1559 1862 1730 1932 utique
1757 1862 1941 1915 coacti-

114 1968 227 2002 vam
254 1949 490 2021 exprimit
515 1948 810 2019 praecipuae
828 1947 1216 2018 jurisdictionis,
1245 1968 1371 2019 quae
1398 1949 1444 2002 ei
1469 1949 1651 2002 unitati
1679 1949 1940 2002 continen-

117 2037 207 2088 dae
255 2044 306 2088 et
350 2035 722 2088 conservandae
757 2035 1044 2087 necessaria
1090 2046 1185 2088 est.
1251 2033 1386 2102 Quin
1425 2055 1534 2090 cum
1577 2036 1817 2108 ejusmodi
1844 2057 1941 2106 po-

119 2129 280 2173 testas
306 2122 484 2173 ibidem
511 2130 767 2172 asseratur
795 2121 1034 2172 adversus
1063 2121 1342 2174 haereticos
1359 2163 1373 2187 ,
1412 2124 1494 2192 qui
1521 2124 1650 2175 illam
1687 2123 1941 2175 fraudibus

121 2196 387 2259 moliuntur
422 2207 706 2270 destruere,
745 2215 796 2258 et
830 2205 883 2256 in
922 2205 1048 2258 hanc
1087 2225 1288 2259 causam
1323 2209 1574 2261 referatur
1613 2210 1829 2280 ejusdem
1854 2227 1942 2280 po-

120 2293 317 2346 testatis
345 2292 559 2345 assertio
577 2331 590 2356 ‚
629 2292 758 2361 quod
785 2291 1017 2344 nimirum
1050 2293 1118 2344 illi
1144 2298 1410 2363 simplices
1438 2300 1640 2349 animas
1668 2298 1733 2348 ab
1762 2298 1942 2349 Eccle-

118 2383 228 2431 siae
254 2383 436 2431 matris
472 2381 774 2448 Christique
811 2382 947 2432 adeo
980 2386 1343 2434 communione
1383 2379 1540 2453 (idest
1578 2382 1799 2454 unitate)
1840 2386 1943 2435 clis-

120 2470 350 2527 sociant3
377 2466 499 2518 satis
525 2467 804 2518 ostenditur
831 2485 940 2519 eam
964 2477 1263 2539 potestatem
1290 2470 1467 2540 negari
1493 2489 1593 2521 non
1619 2488 1794 2541 posse,
1824 2469 1941 2539 quin

118 2550 373 2604 Ecclesiae
400 2552 565 2605 unitas
591 2553 825 2606 scissuris
853 2564 1158 2625 exponatur.
1198 2554 1342 2608 Adeo
1364 2556 1414 2609 vi
1435 2558 1540 2627 ejus
1562 2557 1692 2610 sedis
1721 2557 1943 2610 coactiva

119 2636 375 2690 Ecclesiae
401 2638 644 2692 unitatem
677 2639 902 2703 servari,
940 2640 1195 2711 eidemque
1237 2644 1514 2696 servandae
1551 2645 1672 2697 adeo
1711 2662 1944 2697 necessa-

121 2722 245 2775 riam
270 2723 402 2775 illam
430 2743 541 2777 esse
568 2727 971 2798 Declarationis
997 2737 1230 2780 auctores
1258 2739 1535 2793 noverunt,
1574 2739 1629 2780 ut
1665 2730 1798 2781 solos
1825 2729 1943 2782 hae-

122 2809 306 2861 reticos
331 2809 541 2862 inficiari
568 2813 786 2864 eamdem
821 2811 922 2863 vim
957 2830 1105 2883 posse
1141 2812 1264 2863 satis
1292 2813 1637 2865 indicaverint.
1690 2814 1820 2867 Hinc
1845 2813 1942 2866 Ni-

121 2895 274 2948 colius
310 2895 362 2947 in
389 2896 705 2967 expositione
731 2895 960 2968 Symboli
986 2908 1083 2949 art.
1111 2898 1162 2951 9.
1194 2917 1235 2950 c.
1266 2898 1314 2949 ἱ).
1334 2937 1347 2962 ‚
1376 2909 1635 2970 postquam
1669 2900 1942 2953 necessita-

120 2992 221 3034 tem
246 2982 486 3053 primatus
523 2984 698 3036 statuit
723 2985 784 3036 ob
811 2983 1051 3037 unitatem
1077 2983 1332 3038 Ecclesiae
1349 3026 1362 3050 ‚
1398 2985 1456 3037 de
1484 3005 1543 3039 ea
1567 2997 1815 3058 potestate
1841 2988 1944 3060 pri-

125 3069 276 3121 matis
310 3068 482 3122 itidem
515 3070 803 3124 necessaria
846 3071 922 3124 his
964 3073 1133 3126 verbis
1175 3073 1432 3125 concludit.
1513 3075 1740 3143 Oportet
1782 3079 1946 3145 iyitur

121 3156 285 3207 hocce
311 3163 473 3223 caput
497 3159 812 3209 auctoritate
833 3162 980 3227 frui,
1007 3179 1142 3229 quae
1170 3163 1274 3228 ipsi
1297 3165 1600 3213 necessaria
1628 3169 1727 3223 est,
1752 3169 1812 3214 ut
1833 3166 1946 3215 uni-

122 3249 284 3294 tatem
319 3251 606 3295 conservet.
658 3241 727 3295 Et
761 3253 874 3316 post
908 3264 1082 3317 pauca.
1144 3249 1470 3316 Quamquam
1507 3268 1730 3301 summus
1761 3250 1944 3302 Ponti·

117 3334 220 3396 fex
248 3331 349 3382 hac
364 3337 632 3398 potestate
657 3350 762 3383 non
789 3340 969 3385 utatur
996 3338 1100 3386 nisi
1120 3355 1189 3386 ex
1207 3338 1662 3389 constitutionibus
1690 3345 1741 3388 et
1765 3340 1943 3390 decre-

127 3419 192 3467 tis
227 3436 510 3479 canonum,·
558 3436 734 3468 verum
771 3419 1112 3472 nihilominus
1154 3428 1231 3472 est
1247 3425 1396 3493 juris
1435 3442 1545 3476 esse
1582 3426 1749 3476 divini
1785 3431 1833 3476 et
1873 3444 1942 3475 ea·

131 3504 450 3554 institutione
474 3505 688 3563 Christi,
714 3512 773 3555 ut
795 3509 938 3557 omni
958 3514 1217 3574 potestate
1247 3515 1297 3579 et
1315 3513 1708 3578 praeroyativis
1735 3513 1810 3562 acl
1834 3514 1942 3562 uni-
