2314 3984
699 239 1083 299 —225
1176 271 1346 281 --

468 440 470 445 ’
652 436 653 440 ‘
962 438 1008 503 g,
1050 437 1087 488 1.

120 573 358 616 Cotnmunis
388 571 732 613 adversariorum
754 570 962 623 formula,
993 583 1078 625 qua
1109 571 1301 610 centrum
1329 567 1514 609 unitatis
1541 568 1587 608 in
1610 566 1807 608 Romana
1836 564 1934 606 sede

117 630 302 683 positum
326 633 577 682 agnoscunt,
610 630 828 682 explicata
859 629 1110 682 praesertim
1135 640 1187 668 ex
1214 627 1400 669 comitiis
1417 625 1656 668 Gallicanis
1681 623 1934 666 anni1682.

259 746 310 798 2.
350 745 573 799 Unitatis
611 745 863 816 cogendae
907 743 1033 808 vim,
1080 760 1139 795 ac
1177 750 1417 796 centrum
1459 741 1513 794 in
1547 739 1783 794 Romana
1817 739 1934 793 sede

117 831 327 903 positum
353 849 525 885 omnes
552 829 724 884 Gallos
751 830 903 884 etiam
927 827 1246 883 adversarios
1283 827 1508 881 confiteri
1541 845 1625 880 res
1650 824 1935 896 vulgatissi-

119 935 199 969 ma
224 927 331 982 est,
366 927 535 988 totque
570 917 790 989 ipsorum
828 922 1027 968 asserta
1050 911 1377 977 testimoniis,
1415 922 1470 964 ut
1502 912 1670 966 omnia
1695 911 1934 982 colligere

118 1005 401 1058 satietatem
435 1013 652 1075 pareret.
726 1000 873 1054 Hanc
914 1009 1079 1052 autem
1114 998 1509 1070 receptissimam
1557 997 1934 1069 appellationem

118 1093 333 1142 unitatis
371 1096 632 1150 centrum,
665 1105 792 1157 quae
830 1086 892 1139 ad
926 1085 1190 1156 primatum
1216 1083 1476 1136 Romanae
1501 1082 1634 1136 sedis
1673 1083 1733 1134 ab
1759 1082 1934 1135 iisdem

118 1174 390 1227 Gallicanis
416 1173 716 1229 adversariis
742 1174 976 1235 refertur,
1003 1170 1354 1224 celeberrimus
1380 1167 1628 1222 Gallicani
1654 1165 1792 1220 Cleri
1819 1185 1936 1220 con-

118 1270 294 1315 ventus
331 1259 451 1311 anni
487 1259 643 1314 1682.
678 1258 730 1310 in
765 1276 826 1311 ea
862 1259 1227 1310 declaratione
1267 1259 1333 1309 de
1372 1257 1756 1308 Ecclesiastica
1785 1261 1934 1322 pote-

118 1354 279 1406 state,
306 1363 402 1414 qua
426 1345 504 1398 die
531 1345 616 1400 19.
645 1343 822 1397 Martii
846 1343 1024 1395 famosi
1051 1342 1244 1395 articuli
1272 1340 1531 1394 constituti
1555 1343 1782 1404 fuerunt,
1811 1340 1936 1392 satis

120 1431 523 1502 comprobaturus
561 1441 708 1500 atque
743 1428 1082 1500 explicaturus
1102 1467 1116 1492 ,
1156 1426 1428 1481 declaravit
1454 1425 1734 1478 Romanam
1770 1425 1936 1478 sedem

119 1517 254 1568 illam
282 1534 411 1580 esse,
439 1520 491 1568 in
519 1536 623 1586 qua
648 1519 822 1570 unitas
849 1522 1090 1567 servatur
1106 1515 1408 1566 Ecclesiae.-
1437 1530 1564 1581 quae
1590 1511 1843 1565 sententia
1867 1530 1937 1565 ex

119 1599 217 1654 SS.
245 1599 482 1654 Patribus
517 1601 814 1672 praesertim
849 1598 1133 1671 Cypriano,
1161 1598 1412 1662 Paciano,
1450 1616 1507 1650 ac
1535 1596 1720 1668 Optato
1759 1596 1938 1650 similia

120 1686 452 1739 scribentibus
477 1696 640 1738 sumta
663 1686 780 1738 fuit:
816 1687 944 1738 unde
977 1686 1030 1738 in
1058 1685 1266 1757 epistola
1291 1683 1545 1754 encyclica
1579 1683 1794 1753 ejusdem
1821 1701 1938 1736 con-

119 1781 298 1825 ventus
339 1772 400 1823 ad
434 1789 606 1824 omnes
641 1770 1092 1843 ArchiepiscopoS,
1140 1781 1190 1824 et
1226 1769 1505 1841 Episcopos
1543 1768 1688 1838 regni
1727 1769 1847 1822 haec
1886 1769 1937 1820 in

121 1876 225 1909 rem
258 1866 571 1927 praesentem
609 1874 678 1910 ex
714 1854 771 1908 S.
813 1853 1071 1928 Cypriano
1110 1857 1390 1928 praefatum
1429 1856 1684 1907 Fidenter
1721 1874 1838 1907 cum
1865 1855 1936 1907 B.

129 1944 398 2013 Gypriano
442 1946 877 2010 pronuntiamus,
919 1947 1182 1996 carissimi
1219 1944 1484 2011 colleyae,
1542 1942 1836 2002 Christum,
1882 1949 1941 1994 ut

121 2032 370 2080 unitatem
395 2033 788 2096 manifestaret,
825 2048 983 2082 unam
1018 2031 1327 2082 cathedram
1353 2031 1716 2088 constituisse,
1753 2035 1804 2079 et
1826 2032 1938 2080 irni-

123 2117 244 2165 tatis
272 2117 527 2182 oriyincm
553 2116 617 2165 ab
643 2133 748 2166 uno
774 2117 1109 2182 incipientem
1134 2135 1230 2166 sua
1256 2116 1572 2165 auctoritate
1600 2116 1942 2181 disposuisse,

125 2218 365 2267 eumque,
399 2203 489 2266 qui
525 2200 833 2251 cathedram
861 2200 1040 2259 Petri,
1079 2219 1239 2267 super
1278 2219 1435 2268 quam
1467 2202 1702 2266 fundata
1740 2207 1818 2251 est
1843 2201 1939 2251 Ec-

124 2286 316 2344 clesia,
350 2286 574 2344 deserit,
609 2288 662 2335 in
690 2285 936 2337 Ecclesia
961 2303 1068 2335 non
1095 2304 1233 2346 csse3
1272 2289 1364 2354 qui
1399 2304 1524 2336 vero
1551 2287 1805 2336 unitatem
1830 2305 1936 2337 non

124 2377 290 2429 tenet,
316 2388 413 2421 nec
433 2372 592 2438 fidem
618 2370 839 2421 habere:
869 2387 993 2438 quae
1017 2371 1269 2439 praefecto
1308 2373 1462 2425 verba
1486 2370 1559 2422 ita
1584 2381 1807 2424 centrum
1833 2373 1942 2424 uni-

124 2454 242 2506 tatis
261 2452 519 2507 Ecclesiae
546 2472 654 2506 cum
678 2454 730 2508 vi
756 2455 815 2506 ad
840 2455 1082 2507 unitatem
1111 2466 1320 2525 cogente
1346 2456 1558 2527 positum
1584 2457 1871 2526 praeferunt
1890 2457 1942 2507 in

124 2538 355 2591 Romana
380 2539 638 2604 cathedra,
674 2549 728 2591 ut
764 2540 891 2592 hanc
918 2540 1201 2592 cathedram
1229 2543 1432 2612 ejusque
1458 2541 1696 2593 unitatem
1724 2541 1942 2610 quicum-

125 2644 218 2692 que
243 2626 441 2676 deserat
476 2623 529 2675 in
564 2625 807 2677 catholica
831 2622 1090 2690 Ecclesia,
1130 2645 1253 2695 quae
1287 2627 1444 2680 eidem
1479 2636 1652 2679 centro
1689 2627 1942 2690 adhaeret,

125 2727 235 2760 esse
263 2727 364 2760 uon
389 2707 563 2779 possit.
615 2708 754 2761 Haec
779 2713 953 2762 centri
978 2714 1194 2763 unitatis
1222 2712 1359 2764 notio
1387 2722 1438 2764 et
1464 2711 1733 2782 explicatio
1762 2730 1831 2764 ex
1859 2713 1944 2764 ad-

126 2793 465 2845 versariorum
493 2793 891 2860 frequentissimo
919 2805 1167 2847 conventu
1198 2796 1428 2858 deducta,
1467 2805 1517 2846 et
1543 2814 1604 2846 ea
1639 2797 1834 2864 quidem
1860 2814 1943 2848 oc-

127 2877 326 2930 casione
353 2876 508 2941 edita,
547 2878 605 2929 de
633 2887 912 2930 ceterorum
950 2878 1350 2931 adversariormn
1376 2889 1541 2931 mente
1568 2897 1669 2931 non
1695 2879 1815 2931 sinit
1841 2898 1944 2932 am-

125 2962 313 3031 bigere.
366 2961 476 3032 lpse
501 2961 755 3032 Dupinus,
791 2963 887 3015 etsi
922 2963 1054 3016 inter
1081 2964 1397 3017 adversarios
1423 2962 1702 3017 Pontificiis
1738 2984 1942 3036 praero-

125 3046 308 3115 gativis
345 3046 506 3099 minus
540 3065 726 3116 aequus
759 3048 933 3112 fuerit,
970 3058 1023 3099 ut
1059 3049 1173 3100 alihi
1199 3050 1434 3114 vidimusg
1474 3050 1564 3102 hoc
1589 3060 1755 3103 tamen
1781 3051 1831 3103 in
1858 3053 1944 3103 du-

127 3129 258 3182 bium
283 3149 521 3185 revocare
557 3133 758 3186 minime
792 3135 967 3205 potuit.
1021 3133 1154 3200 Quin
1191 3135 1243 3187 in
1278 3134 1583 3205 praefatione
1621 3136 1681 3187 ad
1708 3135 1944 3207 Optatum

128 3215 174 3282 §.
205 3215 255 3265 2.
282 3215 414 3267 inter
440 3226 607 3270 cetera
631 3218 741 3271 fidei
767 3219 998 3290 dogmata
1035 3221 1094 3271 ab
1123 3220 1292 3272 eodem
1319 3230 1461 3291 patre
1487 3230 1683 3273 asserta
1706 3221 1837 3274 istud
1862 3225 1946 3276 ad-

131 3300 293 3364 struit,
324 3301 617 3369 Romanam
644 3308 917 3358 ecclesiam
942 3315 1239 3358 ceterarum
1264 3314 1482 3358 matrem
1503 3313 1555 3358 et
1583 3306 1718 3359 UNI
1725 3308 1816 3359 TA
1828 3308 1946 3361 TIS

139 3385 395 3437 CENTR
410 3386 526 3436 UM
545 3397 772 3456 propter
802 3392 1052 3452 Petram,
1087 3395 1179 3460 qui
1217 3399 1380 3459 caput
1406 3391 1784 3461 Apostolorum
1816 3399 1942 3462 fuit,

132 3468 341 3539 Optatus
370 3477 633 3539 aynoscit,·
674 3484 895 3529 centrmn
931 3478 1118 3530 scilicet
1148 3476 1412 3547 ejusmodi,
1450 3477 1501 3529 in
1535 3496 1630 3546 quo
1657 3484 1831 3532 unitas
1861 3479 1941 3550 (ut

192 3560 237 3594 P.
271 3559 420 3596 Baller.
457 3561 503 3596 de
535 3562 711 3598 Primatu
744 3567 819 3600 etc.
1496 3564 1562 3614 15
