2314 3984
920 157 1583 216 *360-

327 326 797 396 doymatizandum
821 328 1195 388 contrarium„
1209 329 1466 396 quamdiu
1488 330 1743 382 Ecclesia
1766 347 1876 381 non
1901 329 2160 381 reclamet
2168 343 2185 390 3

328 411 557 467 contenti
589 429 705 465 esse
742 410 979 466 videntur
1005 412 1247 484 obsequio
1273 413 1359 468 illo
1385 424 1605 476 externo
1621 456 1636 482 ,
1672 416 1806 486 quod
1831 415 2188 470 contradictio-

327 519 444 554 nem
470 499 786 554 exteriorem
818 499 1077 573 impediat.
1129 499 1207 554 At
1239 502 1292 555 in
1332 501 1588 556 exteriori
1620 502 1900 576 hujusmodi
1925 503 2186 575 obsequio,

329 588 410 642 cui
435 605 539 640 non
565 587 872 660 respondeat
907 589 1202 660 obsequium
1238 601 1291 645 et
1316 609 1558 646 assensus
1584 593 1796 660 mentis,
1836 611 2007 646 nonne
2033 592 2188 646 simu-

326 674 532 729 lationis
571 685 623 730 et
660 676 910 732 mendacii
943 677 1122 732 vitium
1163 678 1471 734 includitur?
1524 675 1790 748 Quaenam
1823 691 1962 734 esset
1993 681 2188 734 isthaec

328 763 651 830 obedientia,
690 774 841 836 atque
876 766 1222 822 subordinatio
1263 768 1612 835 hierarchica,
1649 787 1780 840 quae
1817 767 2099 822 simulando
2138 778 2191 822 et

325 852 615 907 mentiendo
653 853 1059 925 obsequeretur?
1112 852 1270 911 Certe
1308 857 1478 911 unitas
1515 856 1659 923 fidei,
1697 875 1794 928 qua
1831 874 1902 910 ex
1936 854 2189 928 Apostolo

329 938 421 1012 (2.
453 938 577 995 Cor.
611 942 707 1008 10,
748 941 844 1014 5.)
885 947 1192 1014 captivatur
1234 951 1404 1000 omnis
1454 947 1757 999 intellectus
1792 948 1849 997 in
1882 946 2194 1015 obsequium

337 1031 567 1093 Christi,
600 1040 808 1103 praeter
847 1042 1119 1086 externum
1145 1033 1466 1104 obsequium,
1507 1052 1771 1087 assensum
1798 1032 2095 1086 interiorem
2122 1034 2194 1086 ef-

329 1118 554 1190 flagitat,
595 1129 647 1171 ut
684 1137 862 1174 omnes
896 1120 950 1173 in
984 1121 1200 1175 materia
1234 1122 1348 1176 fidei
1382 1125 1616 1193 idipsum
1652 1126 1877 1175 invicem
1902 1125 2192 1174 sentiamus

331 1205 523 1278 (Rom.
560 1226 603 1260 r.
637 1206 723 1260 12.
761 1226 812 1262 v.
845 1208 930 1262 16.
974 1210 1024 1262 l.
1054 1206 1178 1263 Cor.
1210 1210 1260 1262 1.
1296 1229 1347 1264 v.
1391 1210 1550 1283 10.),
1591 1219 1644 1264 et
1677 1213 1912 1279 idipsum
1949 1212 2191 1263 dicamus

329 1314 527 1348 omnes.
580 1293 711 1347 Huic
750 1313 874 1366 ergo
913 1295 1097 1348 unitati
1134 1297 1188 1349 in
1213 1307 1324 1350 tota
1347 1295 1584 1351 Ecclesia
1608 1299 1889 1352 servandae
1928 1297 1972 1349 si
1997 1297 2076 1351 vis
2103 1316 2194 1368 per

329 1400 386 1435 se
413 1381 666 1435 sufficiens
691 1381 1024 1455 Apostolicae
1052 1384 1346 1438 auctoritati
1371 1385 1616 1438 attributa
1642 1384 1851 1438 dicenda
1877 1395 1986 1451 est3
2013 1384 2194 1455 negari

329 1489 431 1523 non
472 1480 640 1544 potest
679 1471 997 1526 definitiones
1034 1472 1362 1546 Apostolicas
1399 1473 1627 1545 obligare
1664 1472 1725 1525 ad
1751 1491 2014 1526 assensum
2043 1473 2194 1527 etiam

329 1559 612 1626 internum,
641 1559 751 1614 sine
779 1579 875 1632 quo
903 1560 1073 1615 unitas
1100 1561 1214 1616 fidei
1242 1562 1441 1617 servari
1467 1581 1569 1615 non
1595 1571 1787 1636 posset.

1180 1755 1228 1824 g,
1269 1754 1363 1811 v1.

766 1892 1363 1953 PRoPosl'rlo
1424 1892 1763 1953 SExrA.

333 2037 614 2096 Pontificem
648 2043 960 2092 auctoritem,
1003 2054 1136 2098 quae
1177 2039 1241 2085 ab
1274 2039 1509 2086 omnibus
1546 2037 1852 2084 Christianis
1885 2039 2044 2081 etiam
2076 2034 2199 2096 Epi·

333 2103 500 2161 scopis
535 2103 697 2160 exi-qil*
729 2099 1020 2158 obsequium
1068 2107 1119 2145 et
1160 2116 1422 2146 assensum
1466 2105 1728 2146 internum
1766 2101 2046 2160 proprium
2075 2096 2203 2159 fidei

337 2176 461 2221 erya
495 2160 816 2218 definitiones
850 2176 883 2205 a
916 2158 1146 2206 Summis
1170 2160 1512 2220 Pontificibus
1547 2162 1729 2213 editas,
1766 2174 1966 2203 omnem
2000 2158 2197 2203 dubita-

337 2226 529 2266 tionem
577 2220 725 2266 debet
766 2221 1065 2276 excludere,
1111 2227 1187 2268 ita
1228 2229 1286 2268 ut
1332 2223 1572 2269 dubitare
1603 2237 1706 2266 non
1739 2221 1918 2272 liceat,
1963 2234 2087 2263 num
2121 2219 2201 2264 illi

378 2298 495 2328 eum
523 2281 649 2341 fidei
680 2287 1055 2329 controversias
1088 2284 1363 2343 definiunt,
1400 2288 1454 2330 in
1487 2288 1604 2346 ipsa
1637 2281 1934 2340 definitione
1968 2286 2152 2326 errent.

479 2402 746 2457 Assensus
774 2404 1006 2458 internus
1032 2405 1267 2477 proprius
1295 2405 1436 2470 fidei,
1464 2424 1561 2475 quo
1590 2402 1917 2476 captivandus
1945 2410 2022 2454 est
2050 2400 2202 2453 intel-

336 2492 495 2544 lectus
533 2491 586 2543 in
625 2492 738 2545 fidei
764 2492 1088 2562 obsequium,
1129 2512 1240 2545 cum
1282 2493 1595 2545 dubitatione
1635 2490 1874 2561 conjungi
1902 2488 2104 2559 nequit3
2143 2507 2200 2541 ac

333 2589 608 2651 propterea
634 2579 854 2652 simplex
882 2579 1080 2632 dubium
1108 2579 1243 2633 circa
1271 2580 1467 2650 aliquod
1494 2579 1678 2650 dogma
1705 2577 1887 2630 sufficit
1915 2578 1976 2630 ad
2002 2577 2199 2631 violan-

335 2669 447 2720 dam
475 2668 638 2721 fidem.
690 2668 990 2721 Auctoritas
1019 2677 1211 2733 autem,
1252 2687 1378 2739 quae
1414 2687 1616 2721 omnem
1654 2666 2013 2719 dubitationem
2052 2667 2199 2719 debet

337 2756 640 2821 excludere,
691 2755 1028 2811 omnimodam
1067 2755 1418 2810 certitudinem
1460 2757 1642 2810 afferat
1679 2773 1890 2809 necesse
1928 2765 2033 2809 est:
2076 2755 2200 2808 alias

337 2854 474 2897 esset
500 2844 811 2899 insufficiens
838 2864 929 2917 per
956 2864 1013 2898 se
1040 2845 1101 2898 ad
1129 2846 1531 2899 conservandam
1558 2845 1611 2897 in
1638 2842 1872 2898 Ecclesia
1898 2843 2010 2897 fidei
2035 2842 2201 2896 unita-

338 2942 459 2986 tem.
501 2931 669 2989 Porro
697 2934 1017 2988 definitiones
1045 2933 1372 3006 Apostolicas
1401 2934 1538 2988 eirca
1563 2934 1707 2987 fidem
1735 2953 1827 3007 per
1855 2951 1911 2986 se
1939 2950 2086 2986 omne
2114 2932 2204 2983 du-

336 3101 645 3142 discernendae
675 3102 728 3141 ab
762 3113 908 3140 errore
940 3113 1033 3140 esse
1066 3101 1283 3140 Romanae
1315 3099 1441 3140 Sedis
1471 3099 1760 3144 traditionem,
1795 3110 1887 3137 cum
1920 3109 2001 3148 qua
2033 3097 2084 3136 ob
2117 3098 2203 3148 pri-

336 3167 473 3202 matus
504 3163 587 3202 vim
619 3163 905 3215 potentiorem
942 3173 1084 3201 omnes
1115 3160 1300 3212 undique
1332 3159 1506 3208 fideles,
1549 3164 1591 3199 et
1623 3159 1841 3199 Ecclesias
1876 3170 2019 3198 omnes
2052 3170 2204 3197 eonve-

337 3223 428 3263 nire
460 3235 632 3263 necesse
667 3227 753 3273 est,
799 3227 841 3262 et
881 3224 922 3262 in
970 3234 1050 3274 qua
1091 3233 1253 3272 semper
1286 3221 1338 3260 ab
1371 3220 1436 3260 his
1469 3221 1538 3272 qui
1582 3223 1677 3259 sunt
1720 3219 1906 3271 undique
1953 3223 2202 3259 conservata

337 3287 404 3322 est
437 3297 487 3323 ea
519 3297 625 3335 quae
659 3289 723 3324 est
755 3284 807 3323 ab
842 3283 1055 3337 Apostolis
1087 3281 1298 3324 traditio?
1359 3282 1513 3321 Nonne
1546 3293 1598 3320 ex
1629 3280 1710 3318 hae
1753 3281 1898 3332 regula
1930 3280 1984 3319 ad
2018 3280 2201 3319 eamdem

339 3345 608 3385 traditionem
639 3346 870 3387 Romanam
903 3343 1114 3395 exigenda
1147 3346 1210 3383 est
1242 3343 1560 3395 particularium
1591 3341 1879 3382 Ecclesiarum
1911 3341 2103 3386 traditio,
2139 3340 2200 3379 ita

337 3409 382 3443 ut
416 3406 536 3456 siqua
567 3418 657 3445 cum
691 3419 742 3446 ea
774 3417 855 3445 non
890 3404 1143 3453 concordet,
1176 3407 1385 3455 tamquam
1419 3415 1537 3443 error
1570 3402 1832 3454 repudianda
1863 3401 1950 3440 sit?
1997 3401 2099 3445 Quis
2133 3400 2204 3439 de-

338 3465 512 3508 fendere
537 3467 654 3516 juste
687 3470 831 3517 potest
863 3465 1242 3515 contradictionem
1274 3465 1326 3505 iis
1359 3463 1688 3511 definitionibus,
1723 3464 1871 3515 quibus
1905 3462 2083 3502 debetur
2116 3462 2204 3500 uni‘

340 3532 404 3567 tas
435 3531 479 3568 et
511 3527 756 3568 obedientia
788 3526 918 3568 fidei?
