2314 3984
753 219 922 286 -'---
1003 242 1134 299 sia
1225 215 1395 280 --L

176 414 451 486 anama(
461 412 802 486 epistffi'ffiaad
817 409 1053 482 Sergium
1069 419 1175 462 act.
1205 406 1509 480 13³·syn0d,
1524 403 1854 484 Ἦ.)τ1ᾟκι
1872 423 1970 458 που

174 510 409 573 opuntem
430 500 720 568 mmmm
749 500 882 550 duas
909 498 1245 567 operationes
1270 490 1972 560 DEFIMENTEs-pme·

173 586 471 642 dicat-&fide
495 584 826 638 definitionem
846 581 1264 646 se-nonedidisse
1279 580 1525 634 declaret.
1554 574 1686 645 Quis
1709 575 1978 654 ipsoPom

174 675 303 728 tifice
327 671 657 726 definitionem
682 672 778 723 abs>
792 688 852 723 se
875 669 1056 723 editam
1078 675 1337 738 negante,
1352 664 1474 717 rfidei
1497 664 1974 730 definitionem-‚¹81⁴-

174 777 431 828 roremque
443 756 736 811 definitionis
750 755 860 808 fidei
868 755 922 808 in
933 756 1041 826 ejus
1050 752 1231 806 litteris
1242 750 1487 806 contineri
1498 751 1678 804 audeat
1688 751 1939 804 affirmare
1949 751 1974 802 ‘2

315 845 402 898 35.
440 843 679 896 Nonnulli
714 860 806 896 nec
838 838 1253 908 levibnsaquidem
1297 836 1605 908 argmnentis
1647 837 1973 901 contendunt,

175 930 448 984 Honorium
481 930 534 982 in
568 927 971 986 iisdemfiuerssa
983 925 1235 996 privatam
1272 923 1492 994 gessisse
1527 940 1824 994 personam,
1871 940 1971 974 non

176 1017 446 1088 publicam,
483 1034 542 1068 ac
565 1014 878 1086 proindc·eas
901 1012 981 1067 vel
1005 1011 1098 1063 hoc
1121 1010 1320 1062 nomine
1351 1027 1453 1062 non
1476 1026 1625 1080 posse
1651 1009 1824 1062 haberi
1848 1018 1971 1062 tam-

177 1122 321 1171 quam
345 1101 663 1172 Apostolicae
688 1098 948 1152 cathedrae
973 1095 1303 1150 definitionem
1328 1104 1475 1164 atque
1499 1094 1798 1159 doctrinam,
1824 1105 1878 1146 ut
1903 1096 1978 1149 vi-

171 1188 290 1240 dere
309 1187 535 1239 estinter
553 1185 676 1238 alios
697 1184 823 1256 apud
834 1182 1217 1236 Thomassinmu
1235 1180 1436 1233 dissert.
1454 1181 1540 1233 20.
1558 1181 1612 1233 in
1630 1181 1874 1251 synodum
1883 1180 1976 1235 VI.

174 1271 551 1325 oecumenicam.
602 1267 746 1337 Quod
770 1270 814 1322 si
838 1270 887 1322 id
911 1288 1011 1322 non
1048 1270 1266 1322 arrideat
1297 1267 1388 1332 iis,
1423 1267 1507 1337 qui
1542 1267 1595 1319 in
1629 1266 1812 1319 litteris
1836 1267 1897 1320 de
1921 1286 1977 1320 re

174 1357 468 1427 gravissima
503 1367 553 1411 et
590 1357 652 1408 ad
685 1357 827 1408 fidem
863 1356 1141 1426 pertinente
1174 1354 1428 1418 exaratiS,
1465 1355 1650 1407 duobus
1676 1356 1977 1426 patriarchis

175 1443 513 1514 Apostolicam
538 1444 701 1496 sedem
727 1442 1093 1495 consulentibus
1109 1481 1123 1505 ,
1155 1439 1431 1492 Honoritun
1456 1439 1705 1492 silentium
1729 1443 1978 1512 praescri·

175 1529 371 1581 bentem
395 1529 687 1600 praximque
711 1528 1001 1598 dirigentem
1026 1527 1269 1599 privatam
1294 1544 1557 1598 personam
1582 1528 1803 1597 gessisse
1828 1529 1979 1581 haud-

177 1633 417 1684 quaquam
441 1615 745 1685 intelligunt,
781 1632 881 1666 non
921 1614 1101 1667 idcirco
1129 1612 1461 1667 definitionem
1486 1613 1596 1665 fidei
1621 1613 1673 1665 in
1699 1615 1871 1668 iisdem
1897 1615 1980 1667 lit-

179 1700 298 1753 teris
324 1701 565 1754 contineri
589 1701 817 1755 evincere
842 1711 1042 1769 queunt.
1093 1698 1235 1752 Sicut
1272 1699 1403 1751 enim
1437 1717 1536 1751 non
1563 1700 1758 1765 omnia,
1795 1701 1846 1752 in
1873 1700 1981 1770 qui-

176 1787 267 1838 bus
292 1787 466 1838 summi
478 1786 747 1839 Pontifices
761 1786 1101 1858 Apostolicam
1126 1785 1471 1838 auctoritatem
1495 1785 1835 1856 interponunt,
1863 1796 1980 1838 sunt

177 1871 483 1924 definitiones
521 1871 855 1942 dogmaticae,
892 1871 1067 1941 quibus
1102 1871 1386 1923 immunitas
1421 1873 1481 1924 ab
1510 1890 1683 1924 errore
1718 1873 1979 1925 tribuenda

179 1957 268 2022 sit,
295 1958 366 2010 uti
391 1977 510 2011 sane
534 1958 643 2011 fidei
669 1958 977 2011 definitiones
1003 1960 1063 2010 ab
1090 1958 1222 2011 omni
1260 1976 1433 2011 errore
1466 1958 1706 2011 immunes
1732 1959 1982 2028 haudqua-

179 2062 321 2110 quam
347 2043 584 2096 habentur
601 2044 782 2114 judicia
808 2045 942 2097 circa
966 2062 1206 2114 personas
1222 2083 1236 2107 ,
1263 2053 1450 2096 statuta
1475 2044 1777 2115 disciplinae,
1806 2055 1856 2098 et
1883 2046 1979 2098 alia

180 2130 414 2197 ejusmodi
450 2149 479 2182 a
503 2130 702 2200 negotio
737 2130 846 2182 fidei
885 2130 1072 2193 aliena,
1110 2148 1234 2197 quae
1270 2148 1339 2182 ex
1362 2130 1655 2200 Apostolica
1689 2134 1982 2184 auctoritate

183 2215 385 2268 subinde
410 2218 751 2286 proferuntur,
787 2216 857 2267 ita
881 2215 989 2267 fidei
1016 2214 1322 2268 definitiones
1348 2216 1444 2268 dici
1469 2226 1718 2287 nequeunt
1744 2217 1984 2287 epistolae

181 2298 390 2352 lionorii
415 2302 474 2353 ad
499 2300 729 2372 Sergium
744 2340 758 2366 ,
786 2320 911 2370 quae
937 2299 1032 2353 etsi
1058 2300 1189 2352 circa
1213 2302 1464 2372 negotium
1489 2302 1599 2355 fidei
1623 2313 1909 2368 versantur,
1934 2314 1985 2357 et

182 2387 419 2456 publicam
443 2407 703 2458 personam
729 2389 991 2440 creduntur
1017 2388 1298 2457 praeferre,
1335 2389 1454 2442 nihil
1487 2399 1654 2441 tamen
1691 2390 1981 2442 credendum

183 2474 476 2537 decernunt,
513 2474 634 2525 nihil
659 2475 891 2526 damnant
924 2473 995 2524 uti
1021 2473 1322 2525 contrarium
1348 2476 1483 2538 fidei,
1518 2478 1591 2526 uti
1627 2475 1844 2527 definitio
1870 2496 1986 2547 pro-

182 2557 285 2628 prie
323 2558 452 2610 dicta
487 2559 717 2629 exigeret
753 2559 951 2631 (confer
978 2559 1182 2611 dicenda
1207 2578 1322 2610 num
1347 2559 1497 2629 4103
1542 2561 1628 2612 sed
1665 2563 1986 2615 oeconomiae

183 2662 333 2694 causa
356 2644 499 2695 unius
526 2655 575 2697 et
599 2646 825 2714 geminae
849 2645 1119 2699 voluntatis
1147 2654 1294 2713 atque
1320 2646 1624 2715 operationis
1649 2647 1898 2700 silentium
1925 2651 1988 2701 ob

186 2728 486 2798 impedienda
534 2732 765 2783 scandala
812 2731 1233 2801 praescribentes,
1284 2731 1615 2784 definitionem
1660 2733 1986 2803 dogmaticam

183 2814 468 2884 expressiS,
496 2833 619 2883 quae
644 2815 990 2879 indicavimus,
1016 2815 1182 2867 verbis
1208 2816 1492 2868 excludunt.
1543 2815 1603 2869 Si
1629 2828 1790 2870 autem
1815 2819 1866 2870 in
1892 2820 1990 2872 illis

187 2901 315 2951 nulla
339 2900 429 2951 fuit
454 2901 649 2971 proprie
675 2901 806 2953 dicta
830 2901 1043 2954 definitio
1070 2901 1207 2964 fidei,
1243 2911 1394 2952 extra
1419 2920 1657 2972 praesens
1683 2906 1987 2975 propositum

188 2996 488 3055 mergantur,
515 2987 596 3055 qui
622 2987 753 3057 ipsas
779 2988 996 3038 maximo
1023 2986 1121 3039 nisi
1148 2997 1420 3058 opponunt,
1449 3007 1505 3040 ac
1531 2989 1575 3040 si
1601 3008 1743 3042 error
1769 3010 1910 3061 quem
1936 2994 1985 3044 in

188 3070 280 3122 illis
317 3072 479 3124 inesse
514 3082 712 3143 putant,
760 3073 1004 3143 pertineat
1042 3074 1102 3125 ad
1138 3073 1468 3127 definitionem
1494 3075 1634 3140 fidei,
1672 3078 1730 3129 de
1768 3096 1865 3147 qua
1890 3098 1989 3132 una

194 3175 317 3207 nuuc
343 3175 548 3225 agimus.

333 3241 418 3293 345.
459 3242 551 3295 llic
589 3254 750 3296 autem
786 3245 1178 3298 animadx'erterc
1219 3245 1364 3310 libet,
1403 3266 1544 3315 quam
1584 3249 1724 3302 facile
1751 3269 1819 3302 ex
1844 3252 1987 3304 dictis

191 3329 425 3379 hactenus
452 3327 783 3398 intelligatur,
811 3333 1048 3400 quomodo
1077 3331 1151 3383 hic
1179 3330 1387 3383 Honorii
1414 3333 1607 3403 lapsus,
1636 3336 1715 3405 qui
1742 3355 1841 3389 non
1867 3339 1986 3409 dog-

194 3413 399 3466 maticae
457 3414 751 3466 delinitionis
812 3418 970 3487 lapsus
1022 3417 1107 3468 suit
1132 3457 1144 3480 ,
1221 3419 1302 3469 scd
1366 3419 1647 3472 omissionis
1709 3423 1995 3495 subreptio-

195 3498 269 3549 nis
289 3539 302 3559 ,
354 3500 649 3570 improvidae
701 3502 998 3556 credulitatis
1046 3514 1093 3555 et
1139 3505 1453 3559 oeconomiae
1471 3545 1484 3569 ,
1545 3526 1667 3576 quae
1718 3509 1767 3560 in
1815 3511 1992 3562 bonum
