2314 3984
0 999 3 1009 <
0 943 2 948 <
0 892 2 900 -
0 712 9 876 ——-v›-vv-

748 231 1399 288 ——393—-—-

164 408 226 449 De
254 405 398 446 blatea
418 404 577 446 ⁴Petrus
600 407 751 446 auctor
780 403 876 446 libri
920 403 981 445 De
1011 403 1228 456 singulari
1267 402 1462 456 primatu
1505 400 1550 443 S.
1581 400 1713 444 Petri.
1748 401 1819 443 14.
1879 403 1984 444 Sen-

222 465 359 506 tentia
399 465 510 516 ejus,
551 475 632 517 qua
661 465 705 506 S.
739 464 866 504 Petro
907 464 1034 504 tribui
1077 475 1200 516 posse
1240 463 1406 516 putavit
1446 462 1665 514 primatum
1706 462 1985 513 auctoritatis,

223 525 271 567 S.
310 523 440 564 Paulo
480 523 696 575 primatum
735 523 973 571 doctrinae,
1015 535 1042 563 a
1079 522 1302 567 Quesnello
1341 523 1512 574 rejecta.
1557 521 1628 562 14.
1668 521 1739 564 15.
1820 522 1987 575 Aliquot

223 582 355 635 ipsius
385 582 618 622 testimonia
647 582 830 625 laudata.
861 582 932 624 47.
964 582 1038 622 84.
1069 582 1113 622 in
1144 585 1256 625 nota.
1290 581 1393 625 107.
1422 581 1526 624 230.
1557 581 1661 623 231.
1693 584 1738 621 et
1766 594 1881 634 seqq.

165 642 213 684 P.
245 642 429 682 Massuct
458 641 610 684 editor.
642 643 688 684 S.
718 642 880 682 Irenaei
912 641 1115 684 laudatus.
1148 642 1250 682 105.

163 700 471 741 Medolunensis
501 700 742 741 Conventus
780 701 1058 741 testimoninm
1102 700 1154 740 de
1195 698 1431 740 necessaria
1462 698 1622 739 unitate
1654 698 1752 740 fidei
1782 712 1873 741 cum
1903 702 1987 743 Ro-

164 759 598 859 Melssatiliaitrliggcheni
632 830 758 858 cansa
788 830 894 871 quae
924 818 1065 858 fuerit.
1094 816 1199 856 331.
1261 817 1358 856 Non
1387 816 1467 856 fuit
1496 817 1710 868 praecisus
1740 817 1792 857 ab
1825 819 1987 860 unitate

225 882 268 918 et
300 879 579 918 communione
609 877 839 924 catholica,
882 877 958 918 sed
987 878 1167 927 negatae
1209 876 1247 915 ei
1278 879 1439 916 tantum
1477 877 1644 916 fuerunt
1683 876 1847 917 litterae
1879 891 1986 919 com-

226 937 432 977 munionis
460 937 738 989 Episcopalis.
769 937 870 978 332.
931 937 1030 976 Cur.
1061 935 1132 976 ibi.
1192 935 1288 974 Non
1320 936 1455 974 caruit
1485 947 1672 986 umquam
1704 939 1988 978 communione

227 996 433 1036 catholica
463 997 608 1036 saltem
636 996 818 1037 mediata
857 1007 947 1037 cum
977 993 1078 1034 sede
1106 994 1362 1045 Apostolica.
1392 995 1494 1036 333.
1554 995 1794 1035 Immediata
1827 1009 1989 1049 quoque

229 1056 311 1108 ipsi
341 1055 563 1106 aliquando
594 1067 805 1098 concessa.
838 1056 911 1098 ibi.
972 1053 1237 1104 Subscriptus
1267 1052 1426 1106 synodo
1456 1053 1668 1094 Romanae
1699 1058 1742 1095 et
1771 1056 1989 1097 Antioche-

167 1113 457 1213 Meliigiieaez‘gss:
487 1173 640 1212 Locus.
671 1172 776 1212 213.

166 1231 459 1300 Monachorum
499 1231 702 1283 Scythiae
745 1231 953 1271 sententia
995 1230 1047 1270 ab
1081 1229 1304 1271 Hormisda
1343 1241 1598 1282 nequaquam
1640 1230 1847 1271 damnata.
1887 1233 1991 1273 324.

169 1293 531 1390 deot'hoetlziltarum
562 1361 699 1388 causa.
731 1350 835 1389 307.
866 1349 970 1388 311.
1014 1349 1076 1388 De
1108 1360 1215 1388 novo
1251 1349 1440 1388 examine
1458 1347 1745 1388 Monothelitis
1778 1362 1991 1400 concesso,

168 1408 700 1508 Moithgssli'aslffihrentius
731 1467 946 1518 allegatus.
979 1466 1052 1506 39.

170 1564 444 1627 Necessitas
488 1583 763 1624 conveniendi
806 1596 893 1624 cum
924 1584 1136 1624 Romanae
1167 1582 1383 1624 Ecclesiae
1424 1581 1507 1623 tide
1551 1594 1603 1624 ex
1633 1584 1812 1636 primatu
1843 1587 1993 1628 oritur.

230 1644 304 1683 62.
340 1644 440 1682 103.
470 1644 574 1683 267.
605 1643 709 1683 268.

171 1703 360 1743 Nectarii
382 1702 648 1742 patriarchae
661 1701 1030 1753 Hierosolymitani
1049 1702 1101 1741 de
1126 1702 1370 1742 testimonio
1391 1702 1438 1741 S.
1461 1703 1623 1742 Irenaei
1643 1701 1870 1744 confessio.
1892 1706 1992 1750 106.

171 1763 381 1802 Nicaenus
413 1774 544 1801 canon
576 1761 630 1801 de
657 1762 835 1814 primatu
864 1762 1076 1802 Romanae
1106 1761 1340 1804 Ecclesiae.
1371 1761 1446 1800 22.
1508 1763 1720 1805 Quatenus
1750 1775 1777 1802 a
1806 1764 1992 1806 Nicaeno

231 1822 374 1860 decisa
417 1821 611 1860 credatur
654 1822 844 1873 quaestio
887 1820 938 1861 de
978 1821 1179 1872 baptismo
1221 1825 1340 1861 extra
1370 1821 1602 1861 Ecclesiam
1632 1825 1846 1874 percepto.
1893 1825 1993 1866 170,

231 1882 274 1919 in
305 1884 420 1922 nota.

170 1938 432 1990 Nicephorus
462 1938 705 1978 Patriarcha
735 1937 954 1990 allegatus.
987 1938 1091 1977 219.

173 1999 370 2038 Nicolans
401 1999 434 2036 I.
466 1998 670 2037 laudatus.
703 1998 776 2036 ibi.

173 2058 339 2097 Nicolai
371 2058 441 2097 111.
489 2057 707 2095 decretalis
739 2055 862 2096 Exiit
894 2068 974 2094 non
1006 2056 1082 2095 fuit
1114 2055 1301 2095 definitio
1333 2056 1446 2096 fidei.
1476 2057 1581 2096 321.
1642 2056 1790 2099 Verbis
1821 2063 1995 2110 tantum,

235 2128 315 2155 non
358 2128 403 2154 re
444 2117 662 2156 dissentire
710 2128 735 2154 a
776 2116 974 2155 decretali
1014 2116 1184 2155 Joannis
1227 2116 1361 2158 XXII.
1446 2117 1589 2156 Natali
1631 2117 1864 2159 Alexandro
1905 2122 1997 2161 visa

235 2180 311 2215 est.
345 2176 417 2217 ibi.

175 2235 362 2275 Nicolius
395 2234 608 2284 allegatus.
642 2232 712 2275 34.
747 2233 819 2272 36.
854 2232 926 2272 54.
959 2233 1031 2272 58.
1064 2233 1167 2272 226.
1199 2233 1302 2273 335.
1364 2235 1584 2273 Sententia
1614 2237 1745 2287 ipsius
1771 2237 2000 2278 Acacianos

235 2294 472 2333 excusantis
504 2292 556 2331 ab
590 2293 1028 2339 excommunicatione,
1065 2306 1114 2332 eo
1148 2293 1256 2344 quod
1287 2304 1366 2332 non
1398 2294 1477 2333 fuit
1508 2296 1740 2346 approbata
1770 2296 1821 2335 ab
1845 2295 2002 2338 Orien-

235 2354 411 2399 talibus,
445 2353 618 2402 rejecta.
651 2352 752 2391 344.
786 2356 827 2390 et
861 2365 973 2402 seqq.

176 2413 340 2452 Novum
384 2423 554 2450 examen
595 2415 690 2462 post
734 2411 1019 2450 definitionem
1063 2411 1343 2462 Apostolicam
1385 2424 1626 2452 concessum
1665 2414 1887 2464 aliquando
1920 2428 1999 2466 quo

235 2471 340 2519 fine,
385 2474 426 2509 et
457 2474 657 2520 quatenus
689 2470 787 2509 nibil
821 2470 1078 2521 praejudicet
1108 2471 1350 2509 auctoritati
1382 2472 1662 2522 Apostolicae.
1695 2474 1794 2512 189.
1854 2475 2001 2515 Liber-

235 2534 300 2569 tas
341 2529 541 2569 examinis
580 2540 778 2568 concessa
817 2530 907 2567 sine
948 2530 1139 2567 libertate
1180 2529 1403 2568 dissensus.
1446 2532 1544 2572 191.
1626 2532 1789 2571 Novum
1830 2546 2000 2574 examen

236 2601 327 2628 cum
359 2589 583 2628 collatione
624 2587 961 2627 documentorum
1003 2592 1067 2627 est
1098 2589 1403 2636 necessarium,
1445 2601 1535 2629 cum
1566 2591 1706 2641 agitur
1747 2592 1799 2630 de
1831 2593 2001 2633 serenda

234 2649 404 2700 propria
432 2647 655 2689 sententia.
689 2647 789 2686 194.

174 2743 460 2808 obedientia
492 2762 723 2803 Pontificiis
766 2761 1075 2801 definitionibus
1107 2761 1270 2809 debita,
1313 2766 1355 2802 et
1398 2775 1470 2802 cur
1501 2775 1553 2802 ex
1585 2766 1629 2807 S.
1663 2766 1788 2805 Petro
1821 2766 2000 2819 Chryso-

235 2825 345 2874 logo.
380 2823 480 2863 197.
523 2823 620 2862 Jure
651 2822 791 2861 divino
825 2822 963 2861 debita
994 2831 1044 2859 ex
1076 2821 1179 2872 ipsis
1198 2821 1439 2861 Gallicanis.
1471 2823 1574 2861 200.
1608 2825 1719 2863 nulla
1739 2828 1999 2877 exceptione,

235 2883 484 2924 limitatione
515 2882 639 2920 nulla.
670 2881 773 2920 201.
821 2881 972 2920 Debita
1003 2892 1094 2919 cum
1126 2893 1296 2919 assensu
1329 2882 1507 2920 interno.
1540 2882 1611 2920 ibi.
1673 2884 1876 2924 Damnata
1907 2899 2000 2937 pro-

233 2942 388 2993 positio
420 2952 526 2992 quae
555 2941 683 2980 solum
715 2940 956 2991 obsequium
988 2943 1200 2979 externum
1230 2940 1483 2991 requirebat.
1514 2940 1617 2979 202.
1669 2944 1836 2994 Insigne
1869 2957 2001 2986 exem-

235 3001 344 3053 plum
389 2998 589 3051 ejusmodi
632 3000 897 3039 obedientiae
929 2999 980 3038 ab
1013 2998 1337 3050 Archiepiscopo
1370 3001 1662 3039 Cameracensi
1706 3003 1928 3044 exhibitum
1962 3007 2003 3046 in

233 3059 476 3111 recipienda
505 3060 815 3099 Constitutione
848 3059 1067 3098 damnante
1097 3060 1405 3110 propositiones
1438 3071 1489 3098 ex
1521 3072 1593 3099 suo
1625 3061 1731 3101 libro
1766 3067 2000 3115 excerptas,

234 3119 276 3157 in
309 3116 484 3159 comitiis
514 3119 611 3157 anni
646 3119 775 3157 1700.
808 3118 1032 3158 laudatum.
1064 3117 1137 3157 ibi.
1198 3118 1290 3156 Hoc
1322 3118 1586 3158 obedientiae
1625 3119 1808 3162 debitum
1841 3135 2003 3175 semper

234 3178 418 3228 agnitum
461 3190 487 3217 a
517 3178 716 3217 Conciliis
747 3182 790 3217 et
820 3178 1029 3217 Patribus.
1062 3177 1165 3216 237.
1227 3177 1336 3221 Quid
1380 3177 1431 3216 de
1470 3180 1705 3229 praeceptis
1735 3182 2003 3232 particulari-

236 3238 326 3278 bus.
360 3237 462 3275 199.
491 3237 534 3274 in
566 3240 682 3276 nota.
714 3237 814 3279 322.
878 3236 988 3280 Quid
1020 3235 1071 3274 de
1105 3235 1344 3286 quibusdam
1375 3238 1718 3286 auctoritatibus,
1758 3241 1826 3291 qui
1860 3243 2002 3282 condi-

236 3297 392 3334 tionem
423 3298 659 3346 apponunt,
692 3296 772 3335 nisi
803 3296 898 3347 quid
931 3295 1214 3347 praecipiatur
1245 3298 1389 3335 contra
1421 3295 1555 3338 fidem.
1591 3297 1647 3336 ibi
1681 3298 1722 3337 in
1754 3303 1866 3339 nota.

176 3355 320 3406 Optati
351 3354 579 3394 milevitani
610 3355 704 3394 loca
733 3356 951 3407 explicata.
987 3354 1085 3395 122.
1118 3358 1161 3393 et
1191 3366 1308 3406 seqq.

175 3414 375 3454 Ordinum
405 3424 615 3453 sacrorum
647 3414 816 3454 collatio
863 3415 914 3454 ab
947 3413 1166 3465 Episcopis
1205 3413 1448 3462 haereticis,
1492 3415 1556 3454 vel
1589 3415 1886 3465 schismaticis,
1935 3431 2004 3458 ex-

234 3472 564 3572 (Ιιὲιέῐιιξιηίοειῐῐίε,
595 3476 668 3513 aut
703 3473 946 3525 degradatis
977 3476 1151 3526 peracta
1184 3484 1277 3514 num
1307 3473 1446 3514 valida
1477 3478 1610 3523 esset,
1651 3474 1880 3518 dubitatum
1916 3477 2004 3519 suit.

328 3559 338 3572 .
372 3544 412 3571 m
445 3543 495 3572 no
518 3544 557 3574 a.
