2314 3984
749 219 1396 310 4347-

165 437 382 501 peretur.
405 416 412 422 ’
434 424 563 478 Vide
588 424 721 476 inter
747 431 943 475 ceteros
970 439 1211 475 canonem
1238 419 1459 490 quintum
1483 417 1782 471 Nicaenum.
1816 417 1890 468 At
1916 435 1984 470 ex

165 530 402 567 concessa
427 512 486 564 ab
513 509 623 563 aliis
650 509 993 562 communione
1019 505 1463 562 excommunicatis
1489 523 1519 556 a
1546 502 1984 575 sedeApostolica,

164 617 266 652 non
291 598 472 651 ideirco
499 596 638 667 hujus
665 595 796 649 sedis
823 593 1075 649 sententia
1099 593 1278 646 fuisset
1302 593 1497 662 sublata
1514 631 1527 656 ,
1555 608 1647 643 uec
1671 589 1826 661 ipsius
1852 607 1986 643 coni-

166 684 331 738 munio
357 683 514 737 invito
540 682 786 736 Pontifice
823 681 922 734 illis
955 679 1133 732 fuisset
1167 678 1418 732 restituta.
1472 675 1758 729 Orientales
1794 676 1985 746 quidem

166 770 261 841 ipsi
287 769 583 834 orthodoxi,
622 769 707 839 qui
741 786 841 821 non
879 774 1240 838 expunxerunt
1276 782 1457 818 nomen
1482 762 1688 826 Acacii,
1724 762 1840 815 licet
1867 763 1988 815 alia-

167 875 275 908 rum
299 853 640 909 Ecclesiarum
666 853 891 908 Orientis
917 850 1258 905 communione
1294 853 1549 915 fruentur,
1586 850 1886 902 sententiam
1911 859 1988 903 ta·

169 962 281 996 men
321 942 538 995 Romani
573 940 835 995 Pontificis
874 939 1024 991 latam
1058 937 1111 988 in
1148 936 1392 989 Acacium
1439 945 1490 989 et
1540 935 1986 990 communicatores

170 1031 301 1100 ejus,
342 1046 438 1098 qua
474 1046 529 1080 se
567 1043 760 1096 quoque
785 1033 1031 1078 noverunt
1057 1023 1440 1093 comprehensos
1465 1022 1527 1073 ob
1551 1021 1729 1074 Acacii
1753 1040 1933 1075 nomen
1961 1042 1988 1076 e

169 1113 414 1185 diptychis
440 1130 541 1164 non
567 1119 866 1182 expunctum
883 1149 896 1174 ,
923 1110 995 1162 ita
1020 1109 1297 1161 habuerunt
1321 1107 1534 1162 validam
1551 1145 1564 1170 ,
1600 1117 1653 1158 ut
1678 1125 1733 1160 se
1761 1110 1821 1160 ab
1848 1109 1988 1180 Apo-

170 1199 378 1251 stolicae
413 1197 544 1250 sedis
578 1195 922 1250 communione
962 1204 1222 1267 separatos
1262 1202 1624 1264 agnoscenteS,
1663 1192 1809 1264 (Vid.
1840 1195 1985 1266 epist.

169 1282 499 1337 Orientalium
546 1283 606 1335 ad
640 1281 991 1354 Symmachum
1035 1291 1147 1352 post
1189 1282 1331 1352 hujus
1371 1279 1515 1350 epist.
1543 1278 1638 1346 8.)
1679 1280 1730 1331 in
1768 1283 1987 1334 eamdem

170 1369 560 1423 communionem
594 1369 794 1421 restitui
827 1368 993 1419 multis
1031 1367 1259 1438 precibus
1297 1365 1667 1430 contenderint,
1710 1367 1835 1434 quod
1874 1387 1988 1437 pro-

168 1457 298 1508 fecto
326 1473 425 1507 non
451 1455 716 1519 fecissent,
753 1454 796 1507 si
833 1473 942 1507 eam
981 1455 1040 1505 ob
1069 1454 1309 1506 defectum
1336 1451 1710 1523 approbationis
1735 1450 1990 1505 Ecclesia-

170 1559 278 1591 rum
305 1539 635 1593 Orientalium
661 1541 854 1594 irritam
892 1551 941 1593 et
966 1541 1146 1593 effectu
1170 1557 1377 1593 vacuam
1402 1538 1723 1609 judicassent.
1774 1537 1987 1610 Idipsum

171 1644 362 1696 quoque
398 1626 521 1678 satis
547 1627 695 1680 fateri
719 1627 914 1679 videtur
940 1627 1166 1678 laudatus
1192 1624 1447 1689 NicoliuS,
1486 1643 1595 1677 cum
1621 1627 1988 1696 separationem

170 1711 431 1764 Romanae
455 1709 716 1765 Ecclesiae
752 1714 811 1764 ab
848 1711 1090 1765 Ecclesiis
1117 1711 1342 1764 Orientis
1382 1710 1736 1777 omnimodam,
1778 1722 1827 1765 et
1861 1715 1991 1783 ejus-

171 1798 300 1850 modi
335 1798 488 1851 fuisse
524 1799 632 1850 loco
661 1799 877 1868 allegato
905 1798 1142 1862 affirmet,
1178 1807 1232 1849 ut
1258 1815 1321 1849 ne
1346 1815 1496 1848 unam
1523 1797 1716 1864 quidem
1741 1798 1874 1851 inter
1901 1800 1991 1851 has

169 1882 395 1935 invenire
421 1883 594 1948 liceat,
622 1903 747 1953 quae
775 1902 883 1936 cum
910 1894 1118 1954 utraque
1143 1894 1286 1956 parte
1313 1882 1724 1949 communicaret,
1765 1903 1821 1937 ac
1846 1904 1993 1955 prae-

171 1977 311 2020 terea
334 1967 385 2018 in
410 1967 501 2028 iis,
541 1988 661 2038 quos
687 1970 942 2023 vindicare
969 1970 1180 2032 studuit,
1218 1969 1466 2021 sincerum
1506 1979 1749 2039 agnoscat
1777 1989 1992 2023 commu-

173 2053 335 2104 nionis
362 2056 728 2124 recuperandae
755 2055 1077 2120 desiderium,
1119 2056 1247 2124 quod
1274 2054 1398 2106 satis
1425 2074 1514 2125 per
1541 2074 1595 2108 se
1622 2075 1730 2108 eam
1759 2068 1870 2109 actu
1888 2060 1992 2128 jam

174 2140 415 2191 ademtam
442 2141 714 2192 confirmat.
766 2139 945 2209 Neque
970 2159 1091 2193 vero
1119 2140 1179 2204 ii,
1208 2140 1290 2209 qui
1318 2158 1347 2191 a
1373 2139 1604 2192 Romana
1631 2142 1746 2194 sede
1774 2153 1887 2195 actu
1914 2163 1994 2197 se-

173 2224 363 2294 parati,
413 2243 519 2276 cum
562 2235 664 2278 tam
701 2225 865 2277 multis
904 2223 1165 2296 Episcopis
1214 2236 1263 2278 et
1299 2223 1540 2278 Ecclesiis
1582 2228 1734 2279 totius
1771 2228 1993 2282 Orientis

173 2310 625 2375 communicabant,
664 2310 1054 2364 communicasse
1080 2311 1174 2364 dici
1198 2321 1407 2383 possunt
1435 2331 1543 2364 cum
1568 2311 1798 2366 Ecclesia
1826 2317 1994 2369 catho-

173 2396 295 2459 lica,
334 2405 382 2448 et
417 2396 468 2447 in
506 2397 719 2466 ejusdem
744 2395 1003 2450 Ecclesiae
1040 2396 1231 2448 unitate
1267 2397 1578 2467 perstitisse,
1614 2400 1711 2452 nisi
1736 2399 1994 2459 Ecclesiae

173 2480 446 2533 catholicae
472 2499 651 2534 nomen
677 2482 924 2533 tribuatur
949 2481 1028 2544 iis,
1058 2481 1140 2548 qui
1161 2500 1187 2531 a
1212 2481 1473 2536 Romanae
1495 2485 1624 2537 sedis
1653 2490 1993 2542 communione

173 2576 319 2618 erant
356 2567 591 2636 sejuncti,
645 2586 752 2619 cum
786 2565 1016 2620 Ecclesia
1051 2566 1297 2620 catholica
1343 2588 1412 2622 ex
1453 2568 1642 2623 Christi
1679 2573 1994 2629 institutione

174 2651 269 2703 alia
304 2669 405 2703 non
440 2652 531 2715 sit,
578 2651 677 2702 nisi
714 2651 853 2720 quae'
880 2670 987 2704 clun
1022 2649 1166 2721 Papa
1203 2656 1556 2721 communicat,
1606 2659 1688 2727 qui
1723 2662 1994 2715 catholicae

173 2737 528 2789 communionis
562 2736 709 2787 radix
747 2746 794 2788 et
833 2747 1056 2789 centrum
1093 2739 1152 2788 ab
1189 2738 1308 2808 ipsis
1347 2742 1651 2796 adversariis
1687 2748 1993 2815 agnoscitur.

173 2822 313 2874 Adde
341 2823 487 2875 etiam
516 2822 670 2890 quod,
710 2840 816 2874 cum
854 2841 953 2874 non
989 2833 1229 2892 negetur,
1268 2842 1359 2877 nec
1398 2829 1574 2897 negari
1612 2831 1671 2881 ab
1710 2830 1884 2884 iisdem
1913 2834 1995 2885 ad-

172 2908 411 2960 versariis
448 2907 607 2978 possit
632 2905 887 2960 Ecclesiae
925 2909 1198 2962 catholicae
1233 2929 1412 2964 nomen
1439 2913 1534 2966 illis
1563 2926 1868 2986 competere,
1910 2921 1994 2988 qui

172 3012 278 3044 cum
307 2993 566 3045 Romanae
594 2993 917 3064 Apostolicae
945 2995 1074 3047 sedis
1113 3013 1301 3048 summo
1329 2996 1575 3053 Pontifice
1602 3005 1992 3071 communicant5

174 3088 477 3131 statueretur
503 3079 592 3131 hac
623 3079 815 3132 ratione
843 3081 1025 3151 duplex
1051 3079 1312 3134 Ecclesiae
1340 3102 1517 3156 corpus
1534 3126 1547 3150 ,
1576 3088 1703 3139 aliud
1732 3092 1855 3158 quod
1885 3111 1991 3145 cum

176 3162 315 3232 Papa
342 3165 757 3228 communicabat,
796 3165 924 3217 aliud
964 3167 1091 3235 quod
1127 3185 1155 3218 a
1181 3166 1354 3236 Papae
1393 3174 1736 3227 communione
1780 3188 1889 3229 erat
1916 3197 1995 3232 se-

173 3257 458 3316 gregatum,
488 3259 537 3301 et
563 3250 632 3301 ita
660 3260 964 3303 statueretur
991 3253 1172 3322 duplex
1201 3251 1390 3306 Christi
1417 3254 1664 3324 Ecclesia,
1693 3280 1787 3330 quo
1820 3265 1994 3317 absur-

173 3332 280 3384 dius
307 3333 399 3384 dici
426 3333 545 3385 nihil
574 3345 735 3405 potest
762 3338 999 3391 adversus
1028 3338 1353 3390 certissimam
1369 3339 1626 3397 Ecclesiae
1654 3348 1990 3403 traditionem.

173 3436 296 3486 quae
324 3416 578 3471 Ecclesiae
615 3423 811 3474 nomine
851 3442 948 3474 non
991 3424 1085 3475 nisi
1123 3424 1314 3476 unicani
1355 3427 1496 3479 unius
1525 3434 1883 3487 communionis
1913 3455 1993 3488 so-
