2320 3990
925 196 1143 226 ,---
1237 163 1588 224 82——

346 331 570 405 ejusdem
604 330 719 385 fidei
759 340 960 396 teneat,
1009 332 1055 384 is
1092 346 1257 401 neque
1296 331 1367 385 in
1379 333 1710 398 fundamento
1747 332 2041 403 Ecclesiae,
2080 339 2210 408 quod

343 417 580 474 Christus
605 415 890 482 constituit,
922 434 1016 472 nec
1043 418 1096 470 in
1123 417 1235 491 ipsa
1247 407 1491 474 Ecclesia
1503 422 1754 482 subsistat
1781 420 1980 495 (Serui.
2005 425 2066 478 de
2079 425 2209 479 feria

342 506 394 560 3
423 509 615 580 palmai
620 505 685 575 ..)
738 501 944 572 Quam
930 524 982 558 ιιι
1008 526 1116 561 lem
1140 505 1282 562 Beda
1309 507 1369 562 de
1384 493 1532 562 Petri
1556 491 1652 565 fide
1675 520 1730 564 et
1753 511 2076 566 confessione
2099 531 2208 567 ser-

345 613 543 648 monem
569 593 782 660 facienS,
825 613 974 666 quam
1001 613 1116 650 esse
1143 595 1274 648 dixit
1299 595 1436 649 illam
1463 604 1677 668 petram,
1705 616 1858 672 supra
1880 618 2026 670 quam
2058 597 2207 654 Chri-

342 690 450 734 stus
490 681 782 736 construxit
819 680 1135 750 Ecclesiam,
1187 683 1236 735 A
1272 689 1425 757 cujus
1466 676 1745 738 societate·
1777 687 1938 759 (idest
1971 688 2205 758 unitate)

343 773 728 839 consessionis,
754 770 933 841 inquit,
961 775 1204 844 quisquis
1231 775 1557 833 deviaverit,
1585 777 1826 842 quamvis
1854 777 1957 829 sibi
1981 796 2204 847 maynus

347 861 619 920 videatur,
647 860 724 912 acl
747 861 1051 930 aedificium
1080 861 1361 914 Ecclesiae
1388 880 1496 913 non
1518 865 1774 930 pertinet.
1829 858 1898 915 Et
1926 862 1983 917 S.
2012 861 2125 916 Leo
2154 863 2205 916 in

345 945 560 1017 epistola
586 944 677 1000 33.
716 947 780 1000 al.
810 946 899 1001 29.
938 966 1074 1000 num.
1109 949 1155 1001 1.
1197 949 1259 1001 ad
1297 948 1546 1021 synodum
1580 946 1919 1020 Ephesiuam:
1972 951 2144 1003 Nimis
2174 972 2205 1003 a

345 1053 603 1104 (eompaye
630 1035 788 1107 hujus
816 1037 1213 1107 aedificationis
1241 1039 1450 1090 alienus
1479 1044 1584 1098 est,
1611 1041 1705 1108 qui
1730 1039 1875 1090 beati
1903 1040 2061 1092 Petri
2085 1059 2206 1091 con-

338 1125 631 1190 fessionem
656 1142 765 1176 non
793 1128 956 1195 capit.
1008 1123 1388 1179 Necessitatem
1409 1142 1532 1199 ergo
1558 1122 1770 1176 unitatis
1786 1125 1898 1180 fidei
1925 1126 2206 1181 servandae

345 1229 454 1262 cum
475 1208 622 1263 Petri
648 1210 741 1265 fide
762 1211 855 1266 hoc
874 1212 1166 1267 testimonio
1184 1211 1501 1286 Evangelico
1529 1222 1680 1283 atque
1706 1212 2028 1268 institutione
2049 1214 2206 1286 ipsius

348 1296 541 1351 Christi
569 1299 763 1352 cunctis
791 1298 1017 1354 fidelibus
1044 1301 1327 1373 impositam
1356 1300 1542 1370 liquet,
1572 1319 1631 1354 ac
1657 1301 1843 1356 idcirco
1870 1302 1948 1359 vis
1977 1303 2206 1356 coactiva

345 1386 555 1438 unitatis
583 1385 696 1439 fidei
723 1387 1080 1441 necessitatem
1117 1387 1381 1460 imponens
1409 1404 1479 1439 ex
1505 1387 1824 1440 institutione
1855 1385 2078 1454 Christi,
2107 1389 2207 1461 pri-

346 1484 508 1527 matus
535 1472 682 1528 Petri
716 1475 1154 1547 praerogativam,
1191 1492 1249 1527 ac
1278 1475 1364 1546 jus
1401 1475 1722 1547 praecipuum
1760 1475 1961 1542 statuit,
1999 1476 2129 1546 quod
2155 1476 2207 1529 in

347 1562 638 1616 memoratis
665 1560 936 1635 Evangelii
974 1563 1146 1618 verbis
1187 1572 1478 1616 contentum
1505 1562 1598 1615 hoc
1624 1563 1941 1635 paragrapho
1969 1565 2207 1619 evoluen-

345 1651 456 1703 dum
484 1652 853 1724 proposuimus.
908 1650 1040 1703 Hinc
1068 1649 1214 1703 Petri
1241 1651 1485 1722 primatus
1524 1650 1788 1721 peculiaris
1815 1652 2206 1722 praerogativae

341 1743 609 1808 primatus
632 1742 765 1810 fidei
782 1739 899 1809 jure
926 1746 1140 1791 vocatur
1167 1738 1227 1791 ab
1244 1737 1519 1791 Ambrosio
1549 1736 1819 1808 (Ambros.
1850 1738 1935 1791 lib.
1958 1738 2018 1791 de
2038 1737 2203 1791 lucar.

347 1846 390 1878 c.
419 1827 472 1880 4.
502 1845 554 1879 n.
583 1827 672 1881 32.
712 1821 862 1878 Cass.
892 1825 976 1877 lib.
1006 1824 1058 1878 3.
1101 1826 1160 1879 de
1199 1824 1364 1879 Incar.
1407 1844 1449 1879 c.
1491 1826 1577 1879 1⁵2.
1621 1824 1787 1879 Marc.
1825 1845 1903 1898 ep.
1945 1826 2031 1881 73.
2072 1826 2207 1879 inter

347 1913 640 1982 LeoninaS,
679 1915 740 1968 al.
771 1924 901 1986 post.
933 1932 1011 1987 ep.
1043 1912 1192 1984 57),
1229 1917 1364 1985 fidei
1390 1918 1740 1985 principatus
1770 1934 1799 1969 a
1827 1911 2112 1979 CassianO,
2156 1924 2206 1968 et

340 2008 687 2074 principatus
714 2007 769 2056 in
799 2007 1116 2073 episcopatu
1136 2004 1272 2073 fidei
1298 2021 1327 2054 a
1355 2001 1620 2056 Marciano
1648 2001 1986 2076 Imperatore,
2028 2003 2206 2075 quippe

347 2091 430 2161 qui
455 2091 558 2146 vim
586 2110 727 2144 suam
755 2110 845 2163 per
882 2091 1053 2157 fidem,
1095 2109 1185 2143 seu
1224 2090 1591 2162 professionem
1630 2091 1742 2144 fidei
1770 2109 1800 2143 a
1827 2088 2017 2143 Sancto
2045 2089 2205 2144 Petro

347 2179 666 2250 praedicatae
706 2178 1021 2251 potissimum
1057 2195 1308 2243 exerens,
1338 2178 1397 2229 ad
1425 2177 1669 2231 unitatem
1696 2178 1807 2231 fidei
1835 2178 2207 2230 custodiendam

347 2267 396 2318 in
424 2265 660 2321 Ecclesia
686 2266 956 2339 praecipuo
978 2268 1094 2339 jure
1121 2265 1378 2338 praeditus
1405 2265 1514 2318 fuit.

490 2355 580 2409 49.
634 2354 746 2408 Hoc
786 2364 951 2408 autem
990 2353 1313 2426 praecipuum
1331 2354 1416 2424 jus
1444 2354 1726 2408 coactivum
1755 2353 1816 2406 ad
1842 2354 2088 2407 unitatem
2127 2364 2206 2407 to-

347 2443 444 2494 tius
471 2440 736 2495 Ecclesiae
765 2441 809 2494 si
835 2442 1184 2495 consideretur
1221 2441 1480 2512 proprium
1519 2441 1766 2512 primatus
1806 2461 1875 2495 ex
1916 2442 2207 2495 constitutis

348 2549 457 2602 cap.
480 2529 534 2584 9.
572 2529 828 2602 proprium
867 2528 987 2582 item
1014 2527 1295 2581 habendum
1322 2538 1403 2581 est
1427 2528 1540 2581 fidei
1568 2527 1744 2590 Petri,
1786 2529 1868 2598 qui
1907 2531 2046 2583 solus
2072 2531 2207 2583 inter

349 2618 628 2690 Apostolos
655 2617 923 2690 primatum
949 2616 1192 2683 obtinuit3
1222 2635 1281 2670 ac
1301 2626 1571 2689 propterea
1596 2617 1658 2669 ad
1679 2627 1965 2670 ceterorum
1980 2616 2206 2689 Aposto-

350 2706 509 2758 lorum
535 2704 681 2758 fidem
707 2705 917 2759 extendi
944 2723 1046 2757 uon
1073 2715 1257 2777 potest.
1312 2703 1395 2758 Ne
1424 2705 1538 2775 quid
1567 2723 1689 2759 vero
1717 2704 1809 2758 hac
1836 2705 1887 2757 in
1916 2725 1972 2758 re
2000 2705 2206 2758 difficul-

349 2803 504 2847 tatem
531 2792 710 2859 saciat,
753 2794 869 2863 quid
902 2793 1037 2846 inter
1063 2791 1210 2846 Petri
1238 2802 1288 2845 et
1315 2792 1685 2866 Apostolorum
1726 2793 1870 2847 fidem
1898 2793 2205 2859 interfuerit,

349 2881 703 2954 explicandum
742 2890 838 2934 est.
904 2877 1150 2947 Quamvis
1186 2880 1552 2952 Apostolorum
1594 2881 1814 2935 omnium
1841 2882 1962 2934 fides
1990 2880 2086 2933 dici
2114 2880 2205 2932 ali-

349 2970 594 3040 quomodo
614 2969 779 3041 possit
798 2978 943 3042 petra
964 2977 1014 3020 et
1031 2968 1410 3021 fundamentum
1423 2967 1692 3022 Ecclesiae
1717 2967 1937 3040 (Ephes.
1956 2966 2059 3038 2),
2076 2985 2204 3037 quae

348 3078 517 3128 supra
547 3060 959 3127 fundamentum
996 3054 1383 3126 Apostolorum
1417 3065 1659 3109 extructa
1696 3055 1913 3108 traditur
1950 3073 1981 3105 a
2008 3053 2204 3122 Paulo3

350 3164 451 3198 non
480 3155 650 3199 tamen
689 3144 899 3198 unitatis
934 3144 1090 3197 totius
1127 3141 1394 3196 Ecclesiae
1434 3152 1579 3216 petra
1619 3152 1670 3195 et
1704 3143 2079 3196 fundamentum
2108 3152 2204 3208 est,

350 3234 430 3285 cui
456 3233 614 3287 totius
642 3231 908 3287 Ecclesiae
935 3231 1055 3285 fides
1081 3231 1231 3284 inniti
1258 3232 1466 3285 debeat:
1504 3232 1628 3284 haec
1655 3230 1787 3283 enim
1814 3230 2061 3303 primatus
2086 3249 2205 3303 pro-

350 3321 462 3393 pria
499 3321 578 3375 vis
615 3332 723 3387 est,
764 3321 951 3391 unique
986 3320 1195 3393 proinde
1234 3315 1292 3371 S.
1333 3316 1493 3371 Petro
1535 3319 1741 3390 ejusque
1782 3318 1892 3372 fidei
1947 3318 2202 3391 competit.

353 3405 500 3476 Quod
526 3408 571 3461 si
609 3409 720 3479 quis
758 3409 912 3462 totius
951 3408 1103 3463 etiam
1141 3405 1407 3460 Ecclesiae
1446 3415 1640 3479 petram
1669 3406 2035 3480 Apostolormn
2061 3406 2204 3459 fidem

353 3515 468 3550 esse
496 3497 785 3562 contendat,
814 3497 994 3570 quippe
1021 3496 1099 3552 cui
1127 3496 1402 3550 adhaerere
1441 3505 1642 3567 oportet
1678 3513 1855 3548 omnes
1895 3492 2204 3558 catholicos3
