2320 3990
668 213 1315 271 ——113—

76 405 224 460 ἕνα,
260 386 344 458 qui
367 395 445 440 est
463 384 520 454 *)
555 400 674 456 pars
698 381 956 438 Ecclesiae
991 381 1174 436 totius:
1209 397 1426 434 summus
1463 388 1627 433 autem
1651 378 1895 435 Pontifex

77 473 134 529 S.
159 473 305 527 Petri
324 488 616 535 successor,
655 469 751 523 etsi
776 480 830 522 ut
855 469 1128 542 Episcopus
1163 485 1312 520 unum
1337 465 1684 539 particularem
1709 465 1897 521 Roma—

78 577 190 612 num
215 576 422 630 gregem
446 556 604 627 regit,
642 555 725 626 qui
749 556 869 609 item
894 554 1165 609 catholicae
1189 551 1449 607 Ecclesiae
1485 570 1603 624 pars
1641 562 1749 620 est3
1786 571 1896 606 cum

77 655 241 698 tamen
278 661 347 697 ex
383 642 595 714 primatu
610 682 624 707 ,
665 659 759 711 quo
784 641 879 693 toti
902 638 1161 694 Ecclesiae
1183 637 1434 709 praesidet
1448 676 1464 702 ,
1499 638 1708 692 unitatis
1742 640 1896 693 totius

75 729 331 784 Ecclesiae
353 738 575 782 centrum
603 738 654 781 et
678 726 821 798 origo
848 726 912 779 sit
936 743 1006 779 ex
1030 725 1140 795 ipsa
1167 721 1414 795 Cypriani
1439 725 1720 792 sententia3
1757 726 1808 778 in
1836 745 1896 780 eo

74 815 359 889 particulari
385 815 617 867 Romano
641 812 961 886 Episcopatu,
988 809 1067 864 cui
1092 809 1152 862 ob
1173 808 1432 864 Ecclesiae
1455 811 1638 863 bonum
1664 811 1896 882 alligatus

78 903 184 967 fuit,
204 901 275 954 uti
301 919 370 954 ex
394 899 476 969 *Ἴ
503 900 751 954 Bossueto
777 895 1056 950 notavimus
1082 912 1126 948 c.
1157 896 1206 948 1.
1235 915 1284 948 n.
1314 897 1393 963 ⁶2„
1422 914 1532 950 eam
1563 895 1895 969 Episcopatus

76 998 269 1059 partem
293 997 449 1052 tenet,
475 987 527 1039 in
551 1004 648 1056 qua
671 995 921 1053 tamquam
947 991 1171 1035 centrum
1203 991 1398 1035 ceteros
1424 1000 1595 1035 omnes
1620 981 1894 1056 Episcopos

0 1093 1 1105 ¹
76 1093 183 1126 cum
208 1073 312 1126 suis
333 1074 563 1142 cujusque
582 1070 818 1141 gregibus
842 1088 1007 1122 secum
1030 1078 1401 1139 coagmentanS,
1423 1087 1492 1121 ex
1510 1069 1759 1122 universis
1781 1070 1893 1122 istis

72 1159 293 1230 partibus
337 1175 503 1211 secum
549 1155 703 1209 unitis
754 1174 900 1208 unam
939 1153 1220 1207 Ecclesiam
1254 1164 1305 1207 et
1336 1153 1692 1226 Episcopatum
1742 1173 1892 1206 unum

76 1244 224 1297 efficit
250 1253 398 1314 atque
436 1241 713 1295 constituit.
766 1241 874 1292 Hac
901 1240 959 1292 de
998 1257 1150 1292 causa
1186 1239 1314 1292 idem
1341 1238 1396 1292 S.
1425 1239 1618 1293 Doctor
1644 1241 1815 1294 eodem
1842 1241 1893 1292 in

72 1349 222 1401 opere
248 1320 479 1400 eiempla
505 1338 589 1381 aut
616 1326 961 1380 similitudines
989 1326 1187 1395 subjicit
1212 1326 1476 1377 multorum
1505 1344 1781 1390 ramorum,
1810 1327 1894 1395 qui

74 1433 222 1467 unum
246 1416 413 1477 robur,
441 1431 528 1465 seu
554 1415 780 1465 arborem
806 1413 858 1463 in
884 1411 1066 1475 radice,
1094 1411 1172 1463 cui
1198 1411 1572 1476 adhaerescunt,
1601 1413 1890 1477 efformant3

74 1518 282 1552 necnon
300 1499 560 1550 multorum
587 1498 804 1551 rivorum
822 1538 835 1562 ,
875 1516 1082 1567 quorum
1108 1500 1281 1549 unitas
1307 1504 1550 1549 servatur
1576 1501 1631 1549 in
1657 1501 1888 1567 origine.

73 1585 246 1654 quibus
283 1583 525 1653 exemplis
563 1583 784 1636 indicare
821 1583 1045 1654 profecto
1083 1582 1264 1646 voluit,
1311 1601 1380 1635 ex
1423 1581 1588 1634 multis
1625 1581 1892 1654 Episcopis

71 1669 425 1741 Episcopatum
450 1686 617 1732 unum,
645 1678 695 1720 et
715 1687 785 1721 ex
803 1668 968 1719 multis
986 1668 1206 1737 ipsorum
1227 1667 1464 1737 gregibus
1492 1677 1639 1735 atque
1666 1668 1893 1720 ecclesiis

71 1753 450 1826 particularibus
470 1771 619 1804 unam
638 1751 915 1806 Ecclesiam
937 1751 1170 1804 similiter
1195 1751 1449 1816 constitui,
1476 1761 1744 1822 propterea
1766 1755 1892 1822 quod

71 1841 123 1892 in
144 1839 374 1892 Romano
395 1838 660 1904 Pontifice,
681 1858 824 1909 quem
845 1838 1053 1891 unitatis
1067 1837 1176 1904 ***)
1203 1841 1440 1890 radicem
1461 1847 1608 1906 atque
1635 1842 1893 1907 oriqinem

71 1927 232 1978 fassus
258 1935 364 1990 est,
402 1943 574 1978 omnes
599 1923 836 1996 Episcopi
875 1943 982 1978 cum
1010 1924 1112 1977 suis
1140 1923 1364 1978 ecclesiis
1390 1924 1704 1988 coalescunt,
1745 1934 1892 1994 atque

74 2011 494 2082 conglutinantur.

215 2096 301 2147 11.
354 2095 440 2147 Ex
467 2096 542 2148 his
569 2107 731 2148 autem
758 2098 1011 2167 principiis
1039 2116 1069 2148 a
1096 2095 1352 2167 Cypriano
1378 2097 1691 2166 praestitutis
1719 2108 1891 2168 aperte

73 2179 297 2249 sequitur
330 2190 605 2234 necessitas
639 2180 843 2232 unitatis
871 2183 1085 2233 omnium
1113 2181 1431 2234 ecclesiarum
1459 2192 1509 2233 et
1533 2180 1890 2254 Episcoporum

75 2283 182 2317 cum
199 2264 430 2318 Romano
453 2264 713 2327 Pontifice,
738 2276 792 2317 ut
810 2265 1036 2324 Ecclesia
1061 2285 1160 2318 una
1179 2277 1228 2318 et
1250 2264 1578 2337 Episcopatus
1607 2286 1732 2319 unus
1760 2287 1894 2321 com-

70 2351 319 2420 pingatur,
346 2361 494 2420 atque
512 2361 759 2405 servetur.
800 2349 943 2404 Sicut
964 2361 1127 2404 aulem
1151 2370 1259 2404 cum
1278 2350 1544 2423 Episcopo,
1565 2353 1647 2421 qui
1669 2364 1890 2406 centrum

71 2445 148 2487 est
171 2435 378 2489 unitatis
405 2454 523 2491 suae
549 2437 862 2508 particularis
886 2438 1143 2503 ecclesiae,
1172 2439 1292 2491 adeo
1312 2438 1598 2491 necessaria
1625 2449 1702 2491 est
1723 2439 1892 2509 singu-

71 2520 228 2572 lorum
255 2522 360 2591 ejus
386 2522 557 2592 gregis
583 2523 748 2575 unitas
775 2541 845 2576 ex
871 2523 1029 2593 ipsius
1056 2522 1234 2576 Sancti
1259 2522 1511 2594 Martyris
1540 2526 1809 2590 sententia,
1841 2536 1888 2576 ut

74 2603 263 2674 (Epist.
291 2605 410 2675 69.)
439 2611 486 2659 εἰ
510 2612 625 2676 quis
652 2628 768 2660 cum
794 2610 1066 2678 Episcopo
1093 2629 1199 2662 non
1227 2613 1309 2670 sit,
1336 2613 1389 2660 in
1406 2611 1653 2662 Ecclesia
1674 2630 1780 2662 non
1799 2616 1890 2672 sit,-

73 2689 160 2752 ita,
187 2689 336 2741 immo
373 2692 524 2743 multo
562 2693 721 2762 magis
759 2711 868 2745 cum
894 2694 1126 2747 Romano
1154 2694 1426 2759 Pontifice,
1454 2696 1536 2764 qui
1564 2705 1787 2748 centrum
1815 2707 1892 2748 est

72 2774 277 2825 unitatis
303 2775 455 2828 totius
483 2776 753 2830 catholicac
778 2776 1034 2831 Ecclesiae
1050 2818 1064 2843 ,
1103 2786 1270 2830 unitas
1297 2781 1514 2833 omnium
1540 2781 1660 2831 adeo
1702 2791 1779 2832 cst
1805 2800 1892 2833 ne-

73 2860 308 2924 cessaria,
335 2871 388 2912 ut
411 2860 493 2931 †)
522 2862 565 2913 si
593 2863 702 2931 quis
730 2881 834 2916 cum
864 2862 1092 2915 Romano
1121 2861 1366 2916 Pontifice
1393 2882 1492 2916 non
1520 2863 1602 2927 sit,
1631 2883 1722 2917 nec
1750 2866 1810 2918 sit
1841 2867 1891 2918 in

129 3078 411 3175 ·t*)5g³⁰r¹³⁰
452 3080 595 3131 gregis
645 3081 831 3132 singulis
872 3083 1119 3134 pastoribus
1175 3082 1395 3133 adscripta
1434 3082 1585 3122 dicitur
1626 3095 1652 3122 a
1681 3085 1890 3136 Cypriano

74 3146 162 3184 epis
185 3166 197 3176 .
289 3163 300 3174 .

189 3205 249 3258 ⁸⁸)
281 3209 341 3247 Ita
374 3221 531 3261 quoque
563 3212 737 3252 unitatis
767 3212 999 3253 catholicae
1033 3218 1212 3254 centrum
1244 3214 1364 3254 fixum
1395 3226 1444 3253 ac
1477 3217 1632 3254 certum
1659 3217 1738 3259 est,
1773 3218 1816 3254 ut
1848 3215 1887 3254 in

74 3264 219 3305 bonum
252 3267 424 3307 unitatis
455 3281 546 3308 esse
579 3270 735 3313 debuit.

126 3396 136 3405 ·
189 3335 264 3388 m)
301 3341 346 3378 ln
382 3340 505 3391 epist.
526 3341 598 3382 45.
631 3343 864 3385 catholicae
896 3346 1101 3385 ecclesiae
1131 3345 1319 3385 radicem
1351 3349 1391 3386 et
1421 3347 1639 3387 matricem
1670 3346 1777 3386 idem
1809 3349 1889 3397 Cy-

76 3407 242 3446 prianus
273 3399 455 3438 nominat
486 3401 708 3442 Romanam
739 3404 970 3444 ecclesiam.

189 3465 241 3517 †)
285 3470 394 3509 Hinc
432 3472 472 3509 in
515 3472 619 3511 libro
663 3474 713 3513 de
759 3476 876 3519 Unit,
923 3475 1080 3516 Ecclos,
1123 3475 1292 3526 legitur:
1343 3477 1424 3522 Qui
1464 3478 1707 3519 cathedram
1756 3478 1886 3527 Petri,

135 3557 179 3591 P.
198 3557 344 3594 Baller.
364 3560 412 3594 dc
429 3562 603 3597 Primatu
622 3566 697 3598 etc.
1509 3562 1545 3615 8
