2320 3990
705 212 1269 270 —17—

59 390 216 443 miuus
241 387 393 439 multo
419 383 638 456 pluribus
664 382 776 435 aliis
790 381 1055 454 Episcopis
1081 378 1396 452 quantmnvis
1413 378 1466 431 in
1485 395 1635 431 uuum
1655 380 1877 434 collectis

58 473 216 547 possit
242 470 479 525 adscribi:
506 487 665 539 neque
691 468 742 520 in
770 488 831 522 ea
848 467 1198 540 jurisdictione
1223 466 1464 538 primatus
1488 466 1746 519 essentiali
1769 466 1878 520 Ro-

59 576 229 612 manus
257 555 498 609 Pontifex
523 556 800 626 dependere
827 555 887 607 ab
915 555 1012 607 alio
1039 553 1270 624 quopiam
1297 552 1442 604 debet
1468 561 1553 604 aut
1577 563 1743 624 potest
1767 571 1875 607 cum

59 644 352 716 praesertim
389 643 547 714 ipsam
587 660 616 693 a
644 639 846 695 Christo
885 637 1138 709 acceptam
1176 636 1259 708 (ut
1294 637 1568 691 videbimus
1605 640 1765 711 capite
1800 658 1879 693 se-

59 729 254 802 quenti)
282 730 409 782 idem
437 726 667 782 Christus
693 726 827 778 nulla
853 723 1134 778 conditione
1160 723 1580 795 circumscriptam
1596 762 1610 787 ,
1637 741 1879 793 persona-

61 819 151 870 lem
191 817 343 869 solius
370 814 514 868 Petri
540 831 598 866 ac
633 828 977 866 successorum
1015 828 1129 864 esse
1166 811 1469 875 instituerit,
1505 808 1575 860 uti
1612 808 1877 880 primatum

52 902 405 973 jurisdictionis
430 899 644 954 instituit
669 897 999 970 personalem,
1024 896 1107 967 qui
1132 897 1242 950 sine
1266 896 1517 968 personali
1532 895 1878 968 jurisdictione

59 990 267 1060 intelligi
290 988 474 1058 nequit.

201 1075 252 1126 5.
301 1073 354 1125 Id
380 1082 540 1145 autem
578 1071 884 1144 potissimum
925 1071 1414 1126 animadvertendum
1440 1071 1500 1122 ab
1526 1069 1623 1121 illis
1650 1079 1758 1135 est,
1798 1070 1880 1138 qui

3 1174 5 1176 ·
61 1159 339 1212 Romanam
365 1159 528 1212 sedem
545 1198 560 1224 ,
587 1177 675 1212 seu
700 1159 985 1212 cathedram
1013 1161 1073 1211 ab
1102 1157 1318 1227 antiquis
1345 1157 1594 1210 laudatam
1619 1156 1879 1210 invenien-

58 1257 163 1311 teS,
202 1246 499 1317 peculiarem
536 1246 777 1317 primatus
808 1245 1203 1316 jurisdictionem
1230 1243 1492 1297 Romanae
1532 1242 1724 1313 quidem
1753 1242 1875 1306 sedi,

58 1351 146 1386 seu
171 1332 450 1397 cathedrae,
477 1351 622 1402 quam
649 1351 678 1384 a
705 1331 936 1384 Romano
962 1330 1209 1384 Pontifice
1247 1330 1645 1400 distinguendam
1685 1339 1877 1399 putant,

60 1437 159 1471 non
188 1427 350 1470 autem
384 1418 470 1469 uni
503 1435 749 1488 personae
787 1415 1085 1469 Pontificum
1121 1418 1404 1470 vindicant:
1444 1416 1719 1486 quodquam
1758 1415 1824 1467 sit
1851 1435 1909 1467 a·

62 1505 256 1557 ratione
294 1504 533 1566 alienum,
573 1521 641 1555 ex
676 1502 915 1555 hactenus
954 1503 1097 1556 dictis
1137 1504 1454 1575 exploratum
1492 1512 1583 1555 est.
1635 1498 1880 1571 Quidquid

61 1591 190 1642 enim
218 1590 466 1660 peculiare
490 1607 612 1658 prae
639 1589 820 1641 ceteris
847 1588 1111 1642 Romanae
1137 1590 1431 1654 cathedrae,
1460 1607 1550 1641 seu
1575 1588 1681 1640 sedi
1705 1588 1881 1640 tribui-

58 1686 155 1740 tur,
183 1692 283 1726 nou
309 1673 504 1726 aliunde
530 1692 675 1743 quam
701 1691 770 1726 ex
796 1673 1036 1743 primatus
1062 1675 1418 1745 praerogativa
1454 1674 1717 1738 tribuitur,
1756 1693 1880 1743 quae

60 1779 160 1814 non
187 1761 240 1812 iu
268 1760 365 1813 alio
393 1770 497 1825 est,
537 1779 683 1829 quam
707 1759 759 1811 in
786 1758 1018 1812 Romano
1045 1758 1320 1826 Pontifice,
1360 1760 1442 1830 qui
1468 1760 1519 1812 in
1548 1778 1609 1812 ea
1647 1759 1882 1813 cathedra

60 1847 212 1900 sedet.
279 1843 698 1912 Quemadmodum
736 1864 857 1916 ergo
896 1846 1135 1917 primatus
1187 1848 1469 1919 personalis
1510 1857 1559 1900 et
1609 1847 1881 1917 singularis

60 1944 136 1986 est
171 1933 323 1985 solius
362 1931 507 1985 Petri
544 1942 594 1985 et
646 1949 988 1986 successorum
1039 1934 1175 2003 ejus,
1227 1934 1298 1986 ita
1334 1932 1481 1986 etiam
1514 1934 1793 2004 jurisdictio
1833 1945 1882 1987 et

59 2021 471 2090 praerogativae,
513 2038 638 2089 quae
675 2018 832 2072 eidem
870 2019 974 2072 sedi
1001 2021 1061 2072 ab
1100 2020 1314 2090 antiquis
1355 2030 1646 2072 asseruntur
1684 2021 1881 2074 ratione

60 2106 316 2176 primatuS,
344 2105 559 2174 ejusdem
583 2103 729 2157 Petri
755 2123 813 2157 ac
838 2124 1180 2158 successorum
1207 2106 1487 2175 singulares
1515 2116 1564 2158 et
1590 2109 1882 2177 personales

51 2191 345 2261 judicandae
371 2199 503 2254 suut,
530 2199 582 2241 ut
602 2208 666 2242 ne
690 2208 720 2241 a
738 2208 957 2260 persona
974 2188 1119 2242 Petri
1143 2200 1192 2243 et
1217 2190 1559 2243 Romanorum
1583 2191 1881 2244 Antistitum

61 2276 286 2348 separari
313 2285 522 2345 queant,
561 2293 652 2327 nec
680 2274 882 2326 attribui
906 2275 1102 2346 possint
1127 2275 1390 2330 Romanae
1427 2277 1557 2342 sedi,
1599 2288 1682 2330 aut
1715 2280 1857 2332 cathe

61 2363 196 2426 drae,
225 2362 267 2414 si
293 2361 404 2431 quid
431 2361 506 2413 his
531 2360 734 2415 vocibus
761 2360 1073 2414 disctinctum
1100 2381 1130 2415 a
1155 2381 1373 2434 persona
1398 2363 1542 2417 Petri
1567 2365 1647 2417 vel
1671 2363 1882 2417 Pontifi-

60 2466 168 2501 cum
192 2447 566 2518 intelligcndmn
606 2445 763 2518 (quod
789 2457 955 2500 tamen
994 2467 1255 2520 perperam
1280 2450 1676 2522 intelligeretur)
1714 2451 1882 2505 videa-

61 2545 157 2586 tur.
221 2533 353 2587 Idem
405 2542 483 2586 est
525 2533 835 2586 sentiendum
870 2534 928 2587 de
966 2536 1180 2609 ecclesia
1226 2534 1484 2602 Romana,
1537 2557 1631 2607 quo
1683 2540 1882 2592 nomine

60 2620 253 2689 quidam
289 2619 759 2690 comprehendentes
798 2639 898 2672 una
932 2639 1039 2673 cum
1067 2620 1312 2674 Pontifice
1339 2621 1623 2676 Romanum
1651 2622 1880 2689 Clerlmi,

61 2706 142 2758 vel
179 2702 437 2776 Synodum
475 2705 787 2771 Romanam,
835 2708 944 2778 pari
979 2727 1152 2761 errore
1191 2707 1279 2759 illa
1314 2708 1389 2760 his
1417 2710 1560 2762 simul
1580 2712 1765 2781 junctis
1791 2713 1882 2764 tri-

59 2792 242 2856 buunt,
281 2809 408 2860 quae
448 2791 508 2842 ob
547 2792 824 2862 personalis
869 2793 1110 2863 primatus
1145 2793 1389 2845 rationem
1438 2796 1583 2846 unius
1621 2796 1883 2850 Pontificis

61 2876 346 2947 personalia
384 2885 515 2927 sunt.
581 2875 762 2944 Neque
800 2876 878 2930 hic
917 2877 1201 2930 existimari
1237 2878 1386 2931 velim
1424 2879 1476 2930 in
1511 2899 1608 2934 uno
1649 2881 1882 2937 Romano

60 2959 304 3018 Pontifivce
329 2970 485 3013 totam
512 2979 624 3014 esse
651 2960 932 3016 Romanam
960 2963 1247 3029 ecclesiam,
1276 2983 1422 3034 quam
1448 2984 1570 3020 sane
1597 2969 1679 3037 qui
1707 2971 1882 3024 stricte

62 3048 310 3112 nominat,
349 3066 449 3099 non
475 3066 623 3100 imum
649 3046 977 3121 Episcopum,
1007 3052 1091 3104 sed
1119 3061 1311 3104 coetum
1340 3052 1490 3104 etiam
1516 3053 1672 3108 eidem
1702 3057 1882 3110 adhae-

60 3142 251 3185 rentem
289 3133 552 3202 significat.
618 3134 727 3188 Hoc
764 3155 912 3189 unum
940 3139 1077 3202 dieo,
1113 3138 1352 3208 primatus
1390 3139 1635 3194 rationem
1664 3152 1712 3194 et
1728 3143 1882 3214 juris-

60 3218 325 3271 dictionem
352 3237 459 3271 cum
484 3222 851 3291 praerogativis
878 3227 983 3296 ejus
1009 3224 1224 3295 propriis
1241 3264 1254 3289 ,
1295 3226 1354 3278 de
1381 3226 1555 3295 quibus
1581 3247 1710 3281 nunc
1737 3231 1882 3283 nohis

62 3313 138 3355 est
165 3322 327 3356 sermo
345 3343 358 3367 ,
399 3306 590 3374 quoties
618 3305 880 3364 Romanae
906 3311 1188 3363 tribuuntur
1213 3311 1484 3377 ecclesiae,
1524 3314 1607 3366 uni
1634 3335 1880 3386 personae

63 3390 236 3442 summi
262 3389 522 3444 Pontificis
560 3395 858 3461 convenire,
898 3415 988 3450 nec
1014 3415 1162 3468 posse
1199 3399 1464 3451 transferri
1502 3399 1554 3450 in
1581 3401 1733 3466 alios,
1774 3402 1880 3470 qui-

64 3491 266 3543 cumque
293 3476 420 3541 sint,
459 3478 538 3547 qui
577 3477 839 3535 Romanae
876 3483 1116 3536 ecclesiae
1155 3482 1352 3536 nomine
1385 3485 1878 3556 comprehendantur,

125 3581 170 3615 P.
189 3580 336 3616 Baller.
355 3582 402 3618 de
419 3584 595 3621 Primatu
613 3591 686 3621 etc.
1504 3587 1536 3637 '¹2
