2314 3984
735 271 1380 346 -—-'165---

153 467 325 512 eontr'a
346 454 652 528 Cyprianum
679 457 992 510 sentiebant:
1020 455 1148 526 quod
1174 464 1311 509 certe
1335 453 1746 527 promissionibus
1774 450 1963 509 aChri-

151 552 228 598 sto
253 542 399 596 factis
421 539 678 595 Ecclesiae
719 543 823 595 sive
861 560 949 613 per
983 542 1154 594 orbem
1191 540 1470 612 dispersae,
1508 538 1616 594 sive
1652 539 1700 592 in
1738 538 1965 610 generali

150 627 356 681 concilio
383 637 718 697 congregatae
757 626 958 680 omnino
992 634 1255 697 repugnat.
1308 623 1447 681 Haec
1482 625 1650 695 itaque
1684 625 1840 679 verba
1864 641 1963 678 non

150 733 178 767 a
202 712 343 765 nobis
370 713 554 777 solum,
594 713 679 765 sed
715 713 774 765 ab
813 711 934 783 ipsis
970 710 1120 764 etiam
1161 709 1460 763 adversariis
1497 710 1796 782 explicanda
1831 719 1964 775 sunt,

149 817 209 852 ne
236 816 334 851 non
360 807 459 850 tam
473 796 768 852 Pontifieiae
793 816 935 867 quam
950 793 1210 849 Ecclesiae
1236 805 1285 848 et
1311 794 1628 848 conciliorum
1654 795 1963 866 generalium

150 882 430 936 auctoritati
457 893 687 937 noceant.
729 879 856 949 Quid
883 881 1073 953 igitur?
1099 877 1195 933 Hie
1220 879 1403 951 duplex
1429 880 1611 933 solutio
1637 889 1839 952 praesto
1866 889 1960 934 est.

150 966 284 1022 Cedo
311 969 534 1040 primam.
588 966 712 1022 Cum
737 964 994 1027 Ecclesiae
1021 964 1293 1018 catholicae
1320 974 1371 1018 et
1396 964 1720 1018 conciliorum
1747 965 1962 1020 auetori-

148 1063 250 1106 tate
277 1054 425 1107 certis
453 1051 642 1107 Christi
665 1052 925 1124 promissis
953 1050 1221 1105 constituta
1248 1067 1347 1103 non
1375 1049 1586 1103 fuissent
1613 1052 1828 1105 convicti
1855 1050 1960 1104 Do-

147 1139 380 1202 natistae,
409 1156 530 1208 quos
544 1137 856 1210 Augustinus
882 1136 1242 1210 impugnandos
1268 1145 1587 1208 susceperat3
1615 1137 1822 1207 objectis
1849 1155 1962 1190 ver-

145 1223 219 1276 bis
245 1224 438 1276 ratione
464 1223 680 1276 naturali
707 1234 757 1277 et
782 1223 992 1277 humano
1019 1241 1157 1276 more
1184 1239 1291 1275 eum
1317 1220 1438 1293 ipsis
1466 1222 1706 1293 agendum
1736 1221 1959 1275 eredidit.

147 1306 304 1376 Quam
332 1308 383 1361 iu
409 1327 513 1361 rem
540 1309 750 1362 recitata
774 1310 928 1364 verba
948 1318 1136 1363 attente
1170 1309 1508 1362 consideranti
1527 1308 1839 1361 manifestum
1860 1308 1960 1372 fiet,

144 1395 320 1447 ibidem
344 1394 678 1464 Augustinum
704 1395 803 1448 vim
831 1395 1111 1466 argumenti
1138 1413 1236 1447 non
1276 1395 1516 1447 deducere
1555 1412 1624 1446 ex
1663 1393 1959 1446 auctoritate

144 1477 400 1533 Ecclesiae
437 1498 524 1551 per
560 1498 643 1543 se,
683 1490 924 1549 quatenus
964 1480 1141 1534 divinis
1176 1479 1437 1552 promissis
1472 1480 1726 1544 innititur,
1767 1479 1853 1533 sed
1890 1497 1959 1532 ex

145 1565 544 1618 manifestatione
568 1565 798 1619 veritatis
826 1576 971 1636 atque
998 1567 1245 1621 evidentia
1270 1566 1478 1631 morali,
1507 1570 1633 1636 quia
1659 1585 1765 1618 non
1787 1568 1958 1634 facile

135 1669 242 1718 pro
282 1670 385 1702 uno
423 1653 510 1702 vel
534 1655 728 1719 paucis
768 1654 1019 1706 adversus
1074 1653 1480 1706 innumerabiles
1510 1692 1521 1703 .
1555 1692 1566 1704 .
1599 1692 1609 1703 .
1643 1691 1653 1704 .
1703 1655 1808 1704 nisi
1834 1671 1958 1720 per-

141 1739 385 1788 tractatis
406 1754 512 1804 pro
553 1738 747 1788 viribus
782 1745 940 1806 atque
971 1741 1270 1806 perspectis
1305 1741 1459 1790 rebus
1487 1740 1722 1806 ferenda
1759 1745 1957 1790 senten-

143 1824 218 1872 tia
244 1829 332 1872 est.
383 1817 665 1890 Eodemque
701 1821 911 1875 humano
951 1822 1277 1876 ratiocinandi
1314 1823 1456 1875 modo
1494 1823 1766 1894 scripserat
1790 1821 1873 1874 lib.
1904 1823 1954 1873 Ξ.

142 1906 227 1956 De
254 1906 509 1972 baptismo
538 1924 578 1958 c.
608 1907 660 1958 4.
726 1908 910 1976 Neque
943 1927 1040 1961 nos
1077 1912 1183 1977 ipsi
1216 1910 1322 1962 tale
1359 1911 1569 1980 aliquid
1604 1905 1810 1978 (contra
1850 1903 1956 1977 Cy-

140 1989 302 2060 priani
329 1992 652 2061 sententiam)
690 1996 1001 2046 auderemus
1028 2014 1295 2056 asserere,
1333 1998 1438 2047 nisi
1470 1999 1746 2047 universae
1777 1992 1955 2046 Eccle-

141 2079 250 2127 siae
276 2078 689 2129 concordissima
717 2082 1033 2132 auctoritate
1053 2084 1283 2149 firmati,
1319 2085 1406 2133 cui
1432 2089 1481 2134 et
1508 2085 1619 2149 ipse
1655 2084 1766 2132 sine
1794 2080 1953 2132 dubio

142 2162 365 2220 cederet,
392 2165 438 2212 si
445 2168 566 2232 Jam
591 2164 686 2213 illo
707 2169 941 2230 tempore
967 2169 1288 2233 quaestionis
1316 2166 1467 2237 hujus
1493 2170 1688 2218 veritas
1717 2165 1954 2231 eliquata

143 2252 193 2295 et
216 2245 520 2306 declarata,
549 2266 652 2315 per
671 2249 978 2316 plenarium
1004 2253 1286 2303 concilium
1323 2253 1678 2305 solidaretur.-
1715 2247 1795 2299 ubi
1824 2249 1953 2299 futu-

141 2347 247 2381 rum
275 2326 517 2401 Cypriani
543 2350 799 2386 assensum
836 2352 935 2386 non
972 2335 1154 2407 repetit
1180 2353 1249 2389 ex
1274 2333 1534 2389 Ecclesiae
1573 2334 1868 2388 auctoritate
1895 2353 1953 2388 ae

138 2414 398 2485 promissis
425 2413 613 2470 Christi
641 2437 728 2489 per
755 2437 809 2472 se
826 2459 838 2483 ,
883 2420 968 2473 sed
995 2439 1063 2474 ex
1091 2440 1150 2474 eo
1178 2422 1387 2494 repetit,
1427 2422 1541 2492 quia
1567 2422 1823 2474 moraliter
1848 2438 1952 2473 rem

141 2499 440 2553 aestimando
468 2503 574 2556 fieri
600 2504 796 2573 nequit,
823 2513 878 2556 ut
903 2515 1038 2558 erret
1062 2505 1308 2573 Ecclesia,
1336 2519 1436 2563 tum
1465 2527 1573 2562 cum
1599 2517 1713 2578 post
1739 2506 1953 2559 diutinas

139 2585 493 2654 disputationes
530 2589 580 2640 in
619 2589 774 2642 variis
813 2590 1128 2661 regionibuS,
1164 2594 1352 2647 veritas
1391 2595 1587 2647 tandem
1628 2593 1698 2644 ita
1733 2592 1952 2662 eliquata

141 2670 317 2734 eluxit,
343 2681 397 2721 ut
423 2673 481 2724 ad
507 2675 776 2744 plenariam
805 2677 1048 2746 synodum
1075 2679 1327 2748 perducta,
1355 2679 1570 2732 omnium
1591 2675 1951 2749 Episcoporum

141 2772 386 2807 consensu
425 2759 592 2826 agnita
629 2769 678 2812 et
703 2761 990 2813 confirmata
1015 2762 1187 2814 fuerit:
1222 2764 1348 2815 unde
1373 2764 1551 2815 ibidem
1577 2763 1763 2814 subdit:
1815 2765 1931 2822 Quo

141 2843 294 2892 modo
333 2845 466 2892 enim
498 2848 677 2909 potuit
701 2848 799 2897 ista
840 2865 924 2897 res
961 2850 1120 2898 tantis
1149 2848 1552 2897 altercationum
1579 2849 1782 2899 nebulis
1810 2851 1948 2900 invo-

141 2927 251 2978 luta
278 2929 351 2978 ad
366 2930 608 2995 plenarii
631 2931 847 2982 concilii
885 2932 1203 2982 luculentam
1241 2932 1647 2983 illustrationem
1674 2937 1948 3002 confirma·

139 3014 430 3081 tionemque
449 3014 705 3080 perduci,
739 3018 844 3066 nisi
858 3019 1038 3083 primo
1066 3018 1262 3068 diutius
1282 3035 1385 3083 per
1413 3017 1554 3068 orbis
1580 3024 1845 3071 terrarum
1870 3040 1947 3073 re-

136 3100 318 3162 yiones
344 3099 515 3150 multis
543 3099 666 3150 hinc
692 3107 848 3168 atque
875 3102 998 3153 hine
1023 3102 1465 3170 disputationibus
1501 3110 1551 3154 et
1574 3105 1947 3168 collationibus

143 3180 528 3249 Episcoporum
554 3191 890 3252 pertractata
929 3191 1228 3239 constaret?-
1271 3185 1545 3256 Augustini
1570 3206 1748 3259 scopus
1784 3189 1836 3242 in
1862 3189 1948 3243 iis-

140 3264 246 3316 dem
274 3265 395 3316 loeis
420 3265 496 3318 hic
521 3268 635 3333 suit,
675 3279 728 3321 ut
754 3268 998 3342 Cypriani
1035 3272 1379 3324 auctoritatem
1405 3270 1687 3326 Donatistis
1714 3275 1947 3347 eriperet,

141 3350 543 3420 ostenderetque,
571 3354 807 3420 quamilli
832 3375 1088 3427 perperam
1117 3358 1222 3426 ejus
1249 3356 1447 3410 nomine
1473 3359 1809 3426 abuterentur,
1839 3381 1946 3415 eum

141 3442 356 3485 mutatae
375 3432 485 3505 jam*
507 3447 674 3490 essent
701 3441 805 3510 ejus
831 3441 1069 3512 temporis
1098 3442 1523 3496 circmnstantiae:
1561 3463 1673 3498 nam
1701 3444 1944 3518 Cypriani

145 3535 262 3568 aevo
303 3538 382 3571 res
423 3532 526 3574 erat
568 3522 761 3592 magnis
805 3525 1167 3580 difficultatibus
1219 3545 1273 3580 ac
1327 3528 1543 3583 tenebris
1592 3531 1841 3597 involuta3
1896 3543 1943 3583 at
