2320 3990
726 245 1114 334 ——41'49
1203 307 1374 316 --—

152 447 369 499 1015'4l.
403 444 614 500 ‘Verum
630 443 762 496 enim
789 462 909 498 vero
937 444 1063 497 hanc
1089 460 1198 497 oum
1223 440 1459 495 Romana
1482 437 1955 495 Ecclesia'coinmu'-

141 533 367 597 itionem,
406 549 552 600 quam
577 537 647 583 ex
673 530 914 602 primatus
941 529 1295 601 praerogativa
1328 525 1953 597 malinimeioommendavit,

141 616 477 670 necessariam
512 634 632 687 prae
671 616 1015 677 communione
1053 632 1166 667 cum
1188 611 1369 667 ceteris
1394 630 1600 684 prorsus
1624 611 1877 683 significat
1898 609 1952 664 in

147 705 362 757 Psalmo
387 711 576 756 contra
593 711 806 772 parte-m
823 703 1062 763 Donati,
1087 699 1172 752 uhi
1196 699 1437 752 allaturus
1462 704 1650 751 eei-tuin
1688 703 1954 769 argtun‘en-

139 798 269 853 tmn,
296 807 390 858 quo
418 789 526 841 illos
553 789 614 841 ab
647 786 878 842 Ecclesia
913 795 1175 858 separatos
1213 786 1546 849 demonstret,
1582 800 1731 835 unam
1766 783 1955 854 profert

145 874 421 927 Romanam
449 875 644 938 sedem,
683 893 714 927 a
749 891 849 943 qua
883 872 1044 943 palatii·
1079 880 1190 924 erat
1227 889 1314 924 eos
1341 889 1455 924 esse
1479 869 1750 942 praecisos.
1800 866 1954 921 Post-

143 979 287 1029 quam
314 960 444 1013 enim
470 958 903 1032 ipsos‘deelaravit
930 975 960 1009 a
985 956 1229 1010 catholica
1261 975 1385 1011 vera
1421 954 1652 1009 Ecclesia
1687 947 1953 1026 sejunctoS‚

144 1047 202 1098 ad
223 1065 368 1115 quam
387 1055 440 1098 nt
465 1051 800 1108 revertantur,
817 1042 860 1096 si
882 1044 1142 1097 consulere
1163 1043 1256 1095 sibi
1277 1043 1449 1107 velint,
1462 1041 1952 1111 hortatui-inquienS‚

264 1135 413 1175 Venite
431 1135 610 1185 ‚fv-atres,
640 1134 679 1172 si
710 1134 852 1184 vultis,
879 1137 931 1174 ut
960 1133 1214 1173 inseramini
1245 1133 1290 1172 in
1322 1132 1421 1172 vite.

258 1192 389 1233 Dolor
419 1196 494 1240 est,
525 1204 621 1233 cum
650 1204 725 1232 vos
753 1193 946 1233 videmus
973 1193 1192 1244 praecisos
1222 1192 1285 1232 ita
1311 1189 1478 1239 jacere:

140 1278 305 1335 statim
334 1278 391 1330 ad
419 1276 682 1331 Romanae
708 1277 838 1331 sedis
865 1277 1136 1332 Pontifices
1163 1278 1360 1331 eosdem
1389 1286 1626 1349 provocat
1655 1275 1730 1327 his
1757 1275 1951 1328 verbis:

259 1366 487 1407 Numerate
515 1368 754 1408 sacerdotes
783 1370 847 1407 vel
880 1369 931 1408 ab
960 1370 1058 1418 ipsa
1097 1369 1208 1407 Petri
1237 1367 1348 1413 sede,

261 1425 317 1466 Et
346 1427 392 1466 in
423 1426 571 1465 ordine
601 1427 675 1466 illo
713 1427 882 1466 I'atrum
917 1429 1012 1478 quis
1044 1428 1113 1467 cui
1152 1426 1354 1466 successit
1384 1424 1534 1464 videte.

266 1484 366 1535 Ipsa
407 1487 468 1524 est
500 1487 645 1534 petra,
679 1496 806 1536 quam
839 1497 922 1525 non
954 1486 1132 1526 vincunt
1162 1485 1371 1536 superbae
1404 1483 1637 1533 inferorum
1668 1486 1833 1533 portae.

142 1554 313 1607 Simile
339 1554 579 1625 quidpiam
607 1554 787 1625 legitur
812 1555 863 1607 in
890 1556 1036 1627 epist.
1063 1556 1149 1609 53.
1167 1575 1216 1608 n.
1234 1555 1284 1607 ⁶2.
1314 1572 1458 1623 quam
1476 1551 1799 1627 Fortiinat11S‚
1827 1553 1954 1625 Aly-

142 1641 267 1710 pius‚
294 1650 344 1692 et
356 1639 669 1710 Augustinus
696 1641 755 1692 ad
783 1639 1095 1695 Generosum
1120 1643 1376 1695 dederunt.
1405 1639 1475 1691 Ut
1500 1639 1631 1692 enim
1657 1638 1956 1692 Donatistas

142 1727 202 1778 ab
239 1723 468 1778 Ecclesia
512 1734 771 1795 separatos
809 1728 1130 1780 ostenderent
1164 1725 1420 1797 (quidquid
1459 1743 1603 1776 secus
1654 1726 1849 1794 quidam
1887 1744 1955 1778 ex

142 1811 262 1882 ipsis
288 1811 561 1880 angelicam
589 1811 941 1864 revelationem
981 1812 1216 1864 mentitus
1254 1809 1561 1880 dictitasset)
1590 1809 1851 1864 Romanae
1878 1829 1957 1863 se—

142 1897 215 1948 «lis
244 1895 514 1949 Pontifices
540 1897 589 1948 in
618 1897 826 1949 medium
853 1899 1111 1968 proferunt
1139 1899 1234 1950 sic:
1269 1893 1359 1950 Sic
1399 1901 1533 1948 enim
1574 1900 1707 1948 ordo
1738 1900 1956 1966 Episco-

135 2002 328 2051 porum
354 1983 454 2034 sibi
477 1986 862 2036 succedentium
884 1987 1304 2037 considerandus
1332 1993 1435 2046 θείς
1463 1991 1659 2052 quanto
1686 1989 1878 2036 certius
1908 1993 1955 2034 e!

143 2088 260 2121 cere
293 2070 576 2121 salubriter
611 2071 675 2121 ab
713 2073 829 2137 ipso
873 2071 1037 2121 Petro
1071 2090 1432 2132 numeramus,
1469 2074 1556 2124 cui
1591 2073 1749 2122 totius
1778 2071 1955 2122 Eccle-

142 2158 251 2206 siae
274 2159 501 2222 fiyuram
522 2159 731 2222 9erenti
764 2156 1026 2207 Dominus
1054 2159 1128 2207 ait
1147 2178 1160 2205 ε
1200 2154 1363 2227 Super
1399 2157 1525 2208 hanc
1561 2165 1751 2226 petram
1789 2155 1957 2208 aedifi-

143 2240 265 2291 cabo
291 2237 565 2291 Ecclesiam
594 2259 780 2303 meam,
808 2250 858 2292 et
884 2249 1059 2310 portae
1085 2240 1229 2292 inferi
1267 2261 1367 2294 non
1394 2242 1751 2313 praevalebunt
1779 2241 1954 2293 adver-

145 2343 228 2377 sus
255 2343 380 2377 eam.
437 2326 603 2376 Petro
631 2330 766 2376 euim
793 2331 1045 2378 successit
1077 2327 1270 2387 Linus,
1310 2330 1446 2379 Lino
1493 2329 1760 2390 Clemens,
1800 2337 1851 2379 et
1877 2346 1954 2379 se-

143 2421 356 2479 quuntur
381 2412 440 2462 ad
466 2410 790 2463 Anastasium
817 2430 998 2480 usque,
1039 2412 1120 2480 qui
1156 2431 1215 2465 eo
1253 2423 1476 2484 tempore
1503 2412 1763 2465 Romanae
1790 2414 1957 2466 cathe-

140 2498 260 2550 drae
285 2496 616 2568 praesidebat.
671 2495 801 2548 Tiun
838 2499 1134 2551 concludunt
1171 2499 1312 2567 quasi
1350 2498 1649 2551 Donatistas
1675 2499 1768 2551 hoc
1806 2505 1955 2569 a'rgu—

143 2592 306 2634 mento
336 2583 396 2634 ab
411 2580 639 2634 Ecclesia
665 2585 918 2653 praecisos
943 2585 1309 2638 confirmaturi:
1339 2586 1398 2636 In
1416 2586 1516 2637 hoc
1543 2588 1730 2637 ordine
1758 2605 1954 2638 succes

145 2671 306 2719 sionis
347 2670 522 2719 nullus
559 2669 851 2720 Donatista
886 2673 1186 2739 Episcopus
1222 2675 1510 2731 invenitur3
1551 2674 1647 2723 secl
1683 2692 1752 2724 cx
1787 2680 1956 2723 trans-

150 2769 296 2801 verso
324 2770 393 2802 ex
425 2750 614 2818 Africa
648 2757 951 2807 ordinatum
984 2761 1260 2815 miserunt,
1301 2761 1391 2824 qui
1417 2761 1609 2823 paucis
1641 2761 1956 2824 praesidens

151 2835 299 2902 Afris
326 2839 377 2886 in
406 2838 532 2888 urbe
563 2839 734 2890 Roma
766 2840 1147 2900 Montensium.,
1184 2843 1270 2891 vel
1300 2842 1696 2908 Cutzupitarum
1740 2844 1957 2894 vocabu-

148 2923 252 2972 lum
270 2927 613 2990 propayavit.
658 2922 791 2975 Mira
819 2927 1038 2995 prolecto
1064 2925 1218 2979 videri
1246 2925 1493 2978 nonnullis
1522 2926 1703 2996 poterit
1730 2927 1849 2980 baec
1875 2946 1957 2979 ar-

148 3007 465 3072 gumentandi
494 3008 639 3060 ratio.
670 3005 798 3074 Quid
826 3010 956 3063 enim
985 3012 1044 3063 ad
1072 3011 1435 3082 separationem
1452 3012 1520 3063 ‘ab
1541 3010 1769 3066 Ecclesia
1787 3013 1933 3071 Dona
1956 3050 1959 3053 <

147 3092 278 3144 tistis
305 3094 606 3164 probandam
631 3093 974 3148 Romanorum
1000 3096 1298 3150 Pontificum
1338 3097 1523 3161 serieS,
1574 3117 1662 3152 seu
1700 3101 1960 3170 catalogus

148 3179 372 3230 confert?
398 3178 450 3231 Id
477 3179 667 3248 quidem
694 3181 818 3234 haud
846 3183 987 3235 facile
1014 3183 1317 3253 intelligetur
1343 3183 1392 3234 in
1421 3183 1819 3238 adversariorum
1845 3205 1959 3240 sen-

147 3263 327 3329 tentia3
355 3264 404 3315 iu
431 3275 603 3318 nostra
630 3277 790 3321 autem
820 3270 874 3320 fit
912 3269 1112 3322 omnino
1151 3269 1480 3340 perspicuum.
1534 3268 1957 3325 Considerandum

150 3350 339 3403 scilicet
376 3362 480 3415 est,
508 3350 841 3422 Augustinum
870 3355 1129 3424 utrobique
1156 3373 1433 3425 proponere
1459 3353 1818 3428 Evangelieum
1844 3370 1959 3412 tex—

147 3446 263 3501 tum,
278 3455 374 3505 quo
393 3435 622 3490 Romana
633 3436 776 3493 Petri
791 3441 951 3506 sedeS,
974 3459 1060 3493 seu
1074 3439 1258 3493 Petrus
1271 3451 1321 3494 et
1344 3459 1662 3496 successores
1688 3447 1813 3515 ejus,
1835 3464 1958 3513 quos

150 3532 389 3586 recenset,
418 3523 673 3576 constituti
701 3526 895 3581 suerunt
922 3546 950 3579 a
979 3525 1181 3579 Christo
1208 3527 1291 3580 illa
1318 3537 1476 3598 petra,
1504 3529 1579 3582 cui
1607 3529 1760 3582 totius
1790 3529 1959 3583 Eccle-
