2314 3984
978 222 1153 234 ---
1237 187 1392 256 168·
1469 226 1641 237 --

380 380 474 419 nee
499 381 602 418 non
630 365 878 416 instituta-
903 361 1513 434 Patr-amimeomperoeae
1524 373 1913 430 eouiiiiemorat,
1930 373 1986 417 ut
2012 367 2138 419 inde
2164 383 2235 419 ex

381 449 683 524 Apostoliea
719 448 1146 503 sedesumerent
1183 456 1396 502 ceterae
1414 451 1716 509 *helesiae
1754 454 1922 518 (velut
1952 454 2241 507 de>³natali

377 559 474 593 suo
494 542 653 606 fonte
677 555 854 607 aquae
878 545 1106 591 caecnctae
1137 536 1546 606 procederent)
1572 538 1637 594 d·
1653 557 1758 610 per
1795 544 2040 594 diversas
2073 542 2236 601 totius

378 626 562 678 mundi
595 627 874 695 reqiones3
908 645 911 650 ·
926 629 1061 696 puri
1098 627 1287 678 latices
1335 628 1887 698 capitis-ineowupti
1937 635 2239 695 manarent)

377 715 510 784 quid
525 715 935 782 praeciperent,
961 711 1096 783 quos
1115 714 1421 775 abluerent,
1447 732 1583 783 quos
1599 748 1602 754 ι
1621 712 1979 769 &electio-oeno
2008 719 2238 768 inemun-

377 803 550 855 dabili
573 802 887 857 sordidatos
912 803 1129 855 mundis
1149 803 1318 871 diyna
1344 802 1668 871 corporibus
1687 803 1843 854 <unda
1856 805 2071 856 vitaret..
2086 802 2236 857 Haec

376 907 447 942 ex
472 887 838 942 Africanorum
863 888 1156 959 loquutione
1182 906 1242 942 ac
1268 906 1424 942 sensu
1450 887 1514 940 ab
1538 886 1837 942 Innocentio
1865 899 2032 942 sumta
2047 928 2063 956 ,
2090 907 2238 944 nemo

377 994 474 1048 per
493 994 763 1030 excessum
790 975 925 1030 dicta
952 976 1261 1030 criminetur.
1290 1006 1293 1008 ·
1327 974 1475 1044 Quod
1501 977 1547 1030 si
1574 976 1684 1047 quis
1713 976 2098 1050 suspicareturf
2126 995 2237 1030 eum

377 1064 549 1118 statim
574 1063 864 1120 revinceret
890 1064 1215 1136 Augustinus
1250 1062 1446 1138 (Epist.
1478 1063 1602 1120 186.
1630 1083 1682 1117 n.
1713 1063 1828 1137 2.),
1870 1066 2012 1136 cujus
2044 1064 2236 1137 judicio

376 1157 452 1206 ad
486 1156 667 1206 omnia
705 1155 800 1206 ille
835 1156 1147 1223 rescripsit,
1187 1155 1372 1207 eodem
1408 1155 1594 1214 modo,
1643 1172 1750 1222 quo
1781 1156 1875 1221 fas
1915 1160 2037 1205 erat
2073 1161 2234 1222 atque

374 1242 660 1310 oportebat
685 1239 1040 1310 Apostolieae
1079 1244 1222 1295 sedis
1250 1240 1575 1294 Antistitem.
1627 1236 1742 1307 Quo
1769 1257 1970 1292 rursum
2007 1239 2238 1293 testimo-

375 1327 458 1380 nio
485 1327 697 1379 unitatis
712 1328 778 1379 in
803 1320 901 1380 fid'e
924 1328 1226 1392 necessitaS‚
1253 1346 1385 1397 quae
1410 1327 1472 1379 ab
1500 1328 1675 1380 eodem
1701 1325 1952 1381 Pontifiee
1978 1325 2033 1378 in
2057 1325 2234 1380 iisdem

378 1413 561 1467 litteris
589 1412 900 1467 enucleatius
928 1412 1253 1484 exprimitur,
1282 1413 1343 1465 ah
1370 1411 1636 1465 Africanis
1663 1412 1943 1484 approbata
1969 1412 2238 1466 confirma-

377 1514 474 1556 tur.
529 1500 712 1572 Neque
739 1500 874 1554 enim
902 1519 963 1555 ea
989 1510 1186 1554 tantum
1203 1541 1217 1568 ‚
1246 1519 1374 1572 quae
1402 1500 1462 1554 de
1487 1498 1774 1571 Pelagiana
1801 1518 1986 1566 causa,
2026 1501 2116 1554 sed
2151 1500 2239 1554 illa

376 1592 528 1645 etiam
545 1631 558 1656 ‚
587 1608 715 1661 quae
742 1608 812 1644 ex
838 1589 1062 1662 ipsorum
1101 1588 1346 1662 allegoria
1385 1599 1537 1660 atque
1576 1587 1830 1641 sententia
1871 1589 1930 1642 de
1956 1607 2079 1641 suae
2105 1588 2239 1642 sedis

376 1679 738 1753 praerogativa
765 1679 817 1730 in
844 1678 1091 1731 unitatem
1118 1678 1232 1731 fidei
1255 1676 1583 1730 Innocentius
1611 1675 1900 1748 respondit,
1930 1677 2239 1748 approbasse

376 1767 570 1822 dicendi
598 1776 734 1819 sunt.
789 1763 934 1833 Quae
972 1784 1097 1819 sane
1139 1765 1199 1818 ab
1241 1764 1429 1818 eisdem
1469 1763 1797 1835 comprobata
1821 1764 1905 1818 vel
1933 1782 2003 1818 ex
2029 1783 2089 1817 eo
2117 1781 2238 1817 con-

374 1855 509 1910 vinci
534 1864 732 1927 potest,
760 1863 815 1906 ut
838 1852 904 1907 Ρ.
936 1851 1269 1907 Coustantius
1296 1851 1483 1924 optime
1521 1852 1816 1906 observavit
1855 1850 2147 1923 (Admonit.
2183 1850 2236 1903 in

377 1944 524 2017 epist.
555 1942 696 2015 26),
724 1943 855 2013 quod
882 1961 1056 1996 eorum
1083 1940 1277 2014 posteri
1303 1939 1620 2012 scripserunt
1645 1939 1698 1992 in
1727 1939 1941 1993 exordio
1971 1939 2235 2011 epistolae,

376 2052 504 2104 quae
533 2051 563 2085 a
590 2031 752 2084 tribus
778 2031 991 2084 Africae
1019 2029 1247 2084 conciliis
1274 2028 1335 2081 ad
1351 2027 1677 2081 Theodorum
1691 2025 1887 2099 Papam
1913 2027 2071 2081 missa
2097 2037 2237 2099 post-

375 2122 572 2175 modum
599 2120 652 2172 in
678 2117 1026 2172 Lateranensi
1054 2116 1266 2170 concilio
1306 2115 1396 2167 sub
1437 2113 1495 2167 S.
1534 2113 1767 2167 Martino
1803 2113 1842 2166 Ι.
1881 2124 1982 2168 act.
2011 2116 2063 2167 2.
2106 2114 2236 2167 reei-

374 2219 482 2263 tata
521 2208 631 2260 fuit.
706 2205 779 2259 Ibi
818 2206 950 2260 enim
992 2205 1167 2259 eadem
1209 2203 1452 2275 allegoria
1489 2202 1763 2274 iisdemque
1801 2201 2085 2257 Innocentii
2121 2221 2237 2255 sen-

376 2297 548 2351 tentiis
601 2314 660 2349 ac
709 2297 818 2349 fere
871 2294 1023 2348 etiam
1082 2292 1255 2348 verbis
1315 2300 1535 2357 utenteS‚
1625 2293 1887 2362 Maynum
1909 2333 1927 2354 ,
1986 2291 2236 2362 inquiunt,

373 2395 423 2439 et
451 2387 866 2456 *indeficientem
918 2383 1160 2436 omnibus
1221 2382 1546 2434 Christianis
1594 2383 1799 2451 fluenta
1846 2382 2238 2433 redundantem

373 2477 525 2543 apud
549 2471 922 2541 Apostolieam
948 2472 1128 2524 sedem
1153 2473 1448 2521 consistere
1469 2472 1706 2535 fontem,
1744 2470 1925 2520 nullus
1964 2467 2235 2535 ambigere

367 2568 565 2630 potest,
592 2561 658 2611 de
687 2578 791 2628 quo
818 2559 984 2610 rivuli
1000 2559 1283 2626 prodeunt
1308 2557 1601 2625 affluenter
1615 2556 1904 2607 universim
1933 2555 2234 2623 laryissinie

371 2653 667 2718 irriyantes
708 2646 890 2698 orbem
933 2645 1397 2705 Christianorum,
1435 2645 1525 2695 cui
1563 2645 1722 2694 etiam
1748 2645 1803 2693 in
1832 2643 2092 2692 honorem
2118 2641 2236 2693 bea-

372 2740 564 2790 tissimi
603 2736 761 2787 Petri
801 2734 1031 2786 Patrum
1064 2734 1285 2785 decreta
1318 2732 1657 2801 peculiarem
1701 2748 1904 2783 omnem
1947 2730 2235 2780 decrevere

372 2826 728 2877 reverentiam
765 2824 820 2873 in
860 2823 1202 2890 requirendis
1229 2822 1342 2872 Dei
1379 2820 1566 2880 rebus,
1603 2838 1741 2889 quae
1770 2821 1994 2870 omnino
2015 2824 2068 2868 et
2091 2817 2235 2868 solli-

373 2917 475 2966 cite
502 2914 721 2972 debent,
747 2912 984 2962 maxime
1010 2928 1138 2961 vero
1149 2914 1409 2982 justeque
1437 2908 1502 2960 ab
1531 2910 1650 2976 ipso
1681 2907 2008 2959 Praesulum
2034 2906 2234 2956 exami-

370 3004 498 3053 nari
522 3003 719 3052 vertice
753 2996 1090 3067 Apostolico,
1110 3002 1498 3068 eujus-,vetusta
1520 2995 1832 3047 sollicitudo
1860 2998 1941 3044 est
1964 2999 2072 3043 tam
2087 2991 2233 3041 mala

376 3093 666 3148 damnare,
704 3105 867 3156 quam
899 3085 1142 3156 probare
1180 3083 1475 3145 laudanda.
1543 3078 1792 3149 Antiquis
1842 3081 1981 3131 enim
2029 3079 2232 3147 reyulis

372 3180 632 3230 sancitum
663 3182 770 3237 est,
796 3182 857 3228 ut
880 3174 1148 3245 quidquid
1175 3172 1412 3241 quamvis
1440 3172 1496 3221 in
1534 3171 1779 3229 remotis,
1822 3168 1905 3219 vel
1936 3169 1990 3217 in
2027 3167 2233 3234 lonqin-

374 3285 478 3333 quo
516 3267 712 3334 positis
750 3269 1008 3334 afferetur
1042 3261 1363 3330 provinciis,
1409 3276 1518 3309 non
1558 3259 1720 3326 prius
1759 3255 2104 3308 tractandum
2151 3254 2238 3304 rel

372 3354 748 3419 accipiendum
772 3354 870 3412 sit,
895 3352 1004 3402 nisi
1027 3351 1104 3402 ad
1126 3349 1380 3400 notitiam
1398 3346 1574 3398 almae
1615 3345 1759 3397 sedis
1799 3350 2006 3396 vestrae
2036 3345 2234 3410 fuisset

376 3441 681 3499 deductum,
697 3447 757 3491 ut
775 3439 932 3511 hujus
955 3439 1279 3491 auctoritate
1283 3439 1442 3506 justa
1465 3452 1602 3504 quae
1620 3435 1821 3502 fuisset
1832 3431 2232 3500 pronuntiatio,

368 3531 682 3597 firmaretur
696 3564 710 3577 .
739 3528 969 3595 indeque
984 3527 1476 3587 sume'renteeterae
1498 3520 1779 3575 Eoo-lesiae
1805 3520 1947 3572 velut
1969 3519 2038 3570 de
2058 3517 2233 3568 natali
