2314 3984
771 270 1154 328 —299
1247 302 1416 311 --

195 462 264 498 ex
299 442 491 495 officio?
540 438 675 492 Num
712 438 970 508 quidquam
1008 439 1301 492 credendum
1351 437 1621 490 decernens
1671 434 1782 501 fidei
1827 435 2004 505 dogma

195 528 367 593 edidit,
394 545 488 597 quo
515 527 694 578 fratres
721 543 837 576 suos
865 525 1215 578 confirmaret?
1252 522 1531 576 Praeterea
1555 521 1648 574 fide
1673 520 2001 587 definitioneS,

196 625 247 666 ut
271 614 495 678 vidimus,
521 612 708 664 liberae
733 611 932 663 omnino
957 629 1014 664 ac
1039 611 1185 682 plane
1210 609 1524 663 voluntariae
1550 625 1662 661 esse
1681 608 1876 673 debent,
1903 626 2002 660 non

196 711 327 754 metu
353 708 604 753 extortae.
638 695 771 750 Num
798 707 956 750 metus
982 694 1139 749 Petro
1164 695 1395 749 incussus
1420 693 1703 766 negationis
1729 711 1880 748 causa
1903 713 2003 747 non

194 787 318 839 fuit?
369 783 498 853 Quid
522 802 671 856 porro
697 783 823 854 quod
848 781 1204 855 promissiones
1233 779 1452 846 Christi,
1478 798 1548 834 ex
1574 779 1748 850 quibus
1772 780 2005 834 inerran-

197 873 265 925 tia
289 872 397 925 fidei
421 870 477 924 S.
507 869 650 923 Petri
678 879 728 923 et
753 886 1093 923 successorum
1119 869 1225 938 ejus
1254 867 1448 920 ratione
1471 866 1712 939 primatus
1738 866 2003 938 colligitur,

194 960 476 1012 referuntur
501 957 560 1010 ad
584 966 777 1027 tempus
803 964 854 1008 et
878 952 1088 1006 officium
1115 954 1332 1024 ejusdem
1357 952 1620 1025 primatuS,
1646 971 1760 1022 quo,
1787 972 1896 1006 cum
1916 973 2004 1007 ne-

194 1045 334 1116 gavit
371 1042 653 1106 Christum,
702 1040 914 1094 nondum
951 1039 1244 1092 fruebatur?
1307 1038 1584 1092 Primatum
1622 1039 1811 1093 scilicet
1847 1039 2003 1093 Petro

194 1141 310 1183 ante
337 1128 527 1183 Christi
549 1136 760 1180 mortem
785 1125 1082 1197 promissum
1109 1125 1332 1195 quidem,
1359 1142 1460 1176 non
1484 1142 1607 1178 vero
1636 1134 1749 1178 actu
1773 1126 2006 1179 traditum

193 1215 316 1268 satis
341 1215 552 1266 innuunt
575 1213 754 1277 verba,
792 1211 967 1282 quibus
1002 1211 1160 1283 prima
1196 1210 1462 1283 promissio
1490 1228 1735 1281 expressa
1758 1212 1879 1264 fuit:
1929 1213 2006 1266 Tu

195 1323 247 1355 cs
279 1303 499 1363 Petrus,
525 1308 574 1353 et
598 1319 758 1369 super
785 1300 923 1350 hanc
943 1306 1154 1366 petram
1181 1299 1473 1367 aedificabo
1503 1299 1798 1350 Ecclesiam
1822 1318 2005 1359 meam,

196 1396 247 1440 et
262 1396 457 1456 portae
481 1391 648 1455 inferi
671 1406 776 1438 non
801 1386 1183 1454 praevalebunt
1214 1386 1467 1436 adversus
1496 1403 1638 1444 eam,
1673 1391 1723 1435 et
1746 1386 1842 1435 tibi
1866 1387 2004 1436 dabo

196 1477 367 1526 clares
395 1482 488 1525 etc.
525 1473 607 1524 ubi
643 1471 808 1524 omnia
843 1469 993 1522 futuri
1019 1470 1255 1541 temporis
1292 1479 1437 1535 sunt,
1471 1469 1546 1520 uti
1579 1467 1637 1522 S.
1666 1468 2006 1543 Hieronymus

197 1559 540 1613 animadvertit
565 1558 690 1610 libro
719 1557 770 1610 3.
797 1557 848 1608 in
876 1555 1187 1609 Matthaeum
1214 1575 1256 1609 c.
1276 1556 1360 1610 16.
1390 1575 1440 1607 11.
1457 1555 1543 1608 23.
1595 1554 1836 1609 Similiter
1860 1558 2004 1628 paulo

198 1655 312 1698 ante
331 1645 611 1716 passionem
630 1644 922 1715 praedicens
938 1644 1131 1695 futuros
1151 1642 1331 1694 diaboli
1349 1651 1574 1707 conatuS,
1599 1651 1651 1693 ut
1669 1642 2007 1697 dissensiones
2051 1633 2054 1637 ⁴

195 1731 326 1783 iuter
349 1731 516 1783 fideles
542 1738 802 1801 spargeret
827 1728 878 1780 in
904 1728 1107 1799 negotio
1135 1728 1273 1788 fidei,
1297 1738 1650 1799 prospecturus
1675 1729 1853 1782 unitati
1878 1733 2008 1802 ejus-

194 1817 302 1868 dem
321 1816 448 1880 fidei,
475 1815 637 1869 oravit
655 1833 745 1886 pro
765 1833 826 1867 ea
844 1812 989 1867 Petri
1006 1814 1114 1879 fide,
1135 1832 1231 1884 qua
1250 1823 1362 1884 post
1379 1813 1696 1883 negationem
1717 1833 2007 1882 conversuS,

194 1903 376 1954 fratres
403 1902 744 1964 confirmaret,
779 1900 908 1969 quod
933 1910 1047 1972 post
1083 1899 1461 1954 conversionem
1487 1918 1557 1953 ex
1582 1901 1823 1972 primatus
1848 1903 2007 1956 officio

195 1987 558 2059 praestandum,
578 1988 793 2039 futurum
813 2005 1004 2056 quoque
1024 1996 1216 2058 tempus
1237 1985 1459 2058 respicit,
1489 2005 1584 2056 quo
1600 1985 1862 2058 primatum
1880 1989 2008 2042 obti-

197 2073 402 2126 nuisset.
452 2073 582 2127 Vide
621 2071 1052 2144 Theophylactum
1078 2083 1127 2126 et
1152 2071 1472 2144 Euthymium
1517 2073 1568 2124 in
1611 2073 1772 2144 ipsum
1808 2085 2006 2129 textum

197 2157 548 2230 Evangelicum
570 2157 741 2211 Lucae
761 2159 847 2211 ⁶22.
869 2177 1064 2212 necnon
1088 2157 1143 2211 S.
1167 2158 1488 2211 Ambrosium
1507 2159 1558 2210 iu
1578 2160 1816 2230 psalmum
1838 2162 1925 2215 43.
1954 2182 2005 2215 n.

196 2246 283 2297 40.
336 2244 498 2316 Ipsum
523 2245 721 2296 tandem
745 2245 1008 2315 primatum
1034 2243 1189 2298 Petro
1219 2254 1331 2298 actu
1357 2245 1607 2310 collatum,
1636 2265 1744 2299 cum
1772 2245 2006 2303 Christus

198 2340 307 2401 post
328 2331 740 2384 resurrectionem
758 2331 869 2383 hinc
889 2331 1130 2396 abituruS,
1152 2350 1261 2384 eum
1280 2331 1519 2384 vicarium
1540 2350 1680 2384 suum
1702 2334 2006 2404 relinquenS,

199 2415 346 2467 totius
370 2414 654 2481 Ecclesiae,
693 2417 854 2470 ovium
881 2427 932 2469 et
956 2436 1196 2487 agnorum
1223 2417 1437 2470 omnium
1476 2428 1725 2488 pastorem
1752 2424 2007 2477 constituit

199 2503 257 2553 iis
282 2502 448 2556 verbis
474 2504 644 2556 Pasce
671 2523 836 2573 cynos
862 2523 1021 2564 meos,
1039 2523 1205 2571 pasce
1233 2523 1353 2556 oves
1378 2524 1538 2565 meas,
1565 2503 1749 2559 Patres
1776 2518 1826 2561 et
1852 2509 2008 2563 inter-

198 2599 360 2658 pretes
386 2590 731 2643 observarunt.
766 2589 966 2661 Ineptus
993 2608 1115 2658 ergo
1142 2589 1192 2640 in
1221 2609 1275 2642 re
1301 2591 1555 2660 praesenti
1583 2602 1660 2643 est
1686 2593 1767 2647 ille
1789 2593 1845 2647 S.
1862 2595 2006 2650 Petri

201 2675 392 2742 lapsus,
429 2675 508 2742 qui
535 2694 633 2727 non
661 2677 815 2727 solum
852 2693 951 2727 non
979 2675 1068 2726 fuit
1095 2675 1311 2727 definitio
1351 2676 1486 2740 fidei,
1525 2696 1698 2730 verum
1734 2682 1881 2734 etiam
1906 2685 2007 2754 pri-

201 2767 359 2810 matus
395 2768 584 2830 tempus
620 2761 917 2826 antecessit3
957 2761 1017 2812 ad
1054 2762 1179 2828 quod
1215 2779 1322 2812 cum
1349 2759 1538 2814 Christi
1576 2766 1823 2833 promissa
1847 2768 2005 2824 Petro

199 2845 356 2908 sacta,
392 2855 442 2897 ct
467 2845 527 2897 ad
563 2864 876 2900 successores
914 2848 1019 2916 ejus
1056 2846 1354 2899 transmissa
1388 2847 1693 2917 pertineant,
1733 2852 2007 2912 inerrantia

200 2930 451 2983 doctrinae
477 2931 585 2984 fidei
612 2932 800 3003 pariter
825 2933 1085 2986 referenda
1111 2943 1205 2985 est.
1259 2930 1412 2986 Certe
1438 2931 1494 2985 S.
1523 2933 1860 3011 Hieronymus
1898 2945 2006 2998 1000

200 3016 390 3068 laudato
419 3017 738 3070 considerans
763 3018 970 3089 primum
998 3015 1187 3071 Christi
1213 3019 1547 3072 testimonium
1574 3022 1632 3074 de
1656 3024 1896 3095 primatu,
1922 3033 2005 3100 qui

202 3106 254 3153 ἰιι
275 3107 462 3170 futuro
488 3104 757 3175 promissus
774 3145 787 3169 ,
822 3123 921 3156 uon
955 3104 1006 3156 iu
1041 3106 1295 3176 praesenti
1323 3108 1463 3159 datus
1490 3106 1646 3160 Petro
1682 3112 1800 3178 suit,
1849 3116 1925 3169 Tu
1952 3139 2005 3171 es

205 3188 394 3240 Petrus
421 3199 515 3242 etc.
568 3191 755 3243 Omnia
781 3194 845 3243 cle
865 3195 1082 3259 futuro,
1110 3191 1292 3260 inquit,
1334 3213 1468 3262 quae
1506 3198 1554 3246 si
1576 3202 1750 3250 statim
1776 3204 2006 3258 dedisset

202 3278 276 3333 ei,
314 3294 590 3343 numquam
623 3280 678 3327 in
705 3297 764 3328 eo
785 3297 990 3345 pravae
1029 3282 1294 3346 opinionis
1322 3300 1476 3332 error
1504 3285 1782 3338 invenisset
1805 3290 2001 3343 locum.-

201 3359 374 3427 quibus
400 3360 450 3411 in
477 3379 611 3425 eum,
639 3363 719 3430 qui
745 3363 1004 3434 primatum
1032 3375 1142 3416 actu
1170 3376 1528 3434 consequutuS,
1564 3369 1787 3424 effectum
1812 3378 2005 3447 pariter

201 3445 390 3498 divinae
416 3447 756 3516 promissionis
781 3442 1007 3519 primatui
1037 3451 1266 3521 alligatae
1301 3452 1467 3504 debuit
1493 3454 1744 3523 obtinere,
1781 3481 2000 3517 errorem

204 3550 298 3581 non
329 3551 472 3602 posse
501 3534 673 3585 cadere
701 3534 747 3585 in
777 3536 973 3605 negotio
1002 3538 1107 3588 fidoi
1137 3537 1257 3590 satis
1284 3537 1596 3606 significavit.
