<?xml version="1.0" encoding="UTF-8"?>
<!DOCTYPE html PUBLIC "-//W3C//DTD XHTML 1.0 Transitional//EN"
    "http://www.w3.org/TR/xhtml1/DTD/xhtml1-transitional.dtd">
<html xmlns="http://www.w3.org/1999/xhtml" xml:lang="en" lang="en">
 <head>
  <title>
</title>
<meta http-equiv="Content-Type" content="text/html;charset=utf-8" />
  <meta name='ocr-system' content='tesseract 3.04.00' />
  <meta name='ocr-capabilities' content='ocr_page ocr_carea ocr_par ocr_line ocrx_word'/>
</head>
<body>
  <div class='ocr_page' id='page_1' title='image "a546178500balluoft_0281.png"; bbox 0 0 2314 3984; ppageno 0'>
   <div class='ocr_carea' id='block_1_1' title="bbox 718 222 1367 280">
    <p class='ocr_par' dir='ltr' id='par_1_1' title="bbox 718 222 1367 280">
     <span class='ocr_line' id='line_1_1' title="bbox 718 222 1367 280; baseline 0 0"><span class='ocrx_word' id='word_1_1' title='bbox 718 222 1107 280; x_wconf 80' lang='lat'><strong>—249</strong></span> <span class='ocrx_word' id='word_1_2' title='bbox 1196 254 1367 265; x_wconf 94' lang='grc'><strong>--</strong></span> 
     </span>
    </p>
   </div>
   <div class='ocr_carea' id='block_1_2' title="bbox 135 390 1960 2528">
    <p class='ocr_par' dir='ltr' id='par_1_2' title="bbox 135 390 1960 2528">
     <span class='ocr_line' id='line_1_2' title="bbox 143 390 1960 464; baseline -0.002 -16"><span class='ocrx_word' id='word_1_3' title='bbox 143 397 468 464; x_wconf 58' lang='lat' dir='ltr'><strong>menonem</strong></span> <span class='ocrx_word' id='word_1_4' title='bbox 501 393 601 446; x_wconf 89' lang='lat' dir='ltr'><strong>nisi</strong></span> <span class='ocrx_word' id='word_1_5' title='bbox 622 390 922 446; x_wconf 78' lang='lat' dir='ltr'><strong>Pontificum</strong></span> <span class='ocrx_word' id='word_1_6' title='bbox 955 391 1298 445; x_wconf 86' lang='lat' dir='ltr'><strong>Romanorum</strong></span> <span class='ocrx_word' id='word_1_7' title='bbox 1333 390 1483 455; x_wconf 82' lang='lat' dir='ltr'><strong>fides,</strong></span> <span class='ocrx_word' id='word_1_8' title='bbox 1507 406 1654 460; x_wconf 78' lang='lat' dir='ltr'><strong>quam</strong></span> <span class='ocrx_word' id='word_1_9' title='bbox 1672 406 1751 443; x_wconf 80' lang='lat' dir='ltr'><strong>ex</strong></span> <span class='ocrx_word' id='word_1_10' title='bbox 1774 390 1960 461; x_wconf 77' lang='lat' dir='ltr'><strong>prima-</strong></span> 
     </span>
     <span class='ocr_line' id='line_1_3' title="bbox 140 474 1959 547; baseline -0.003 -12"><span class='ocrx_word' id='word_1_11' title='bbox 140 492 219 535; x_wconf 81' lang='lat' dir='ltr'><strong>tus</strong></span> <span class='ocrx_word' id='word_1_12' title='bbox 241 479 489 534; x_wconf 84' lang='lat' dir='ltr'><strong>officio-ad</strong></span> <span class='ocrx_word' id='word_1_13' title='bbox 514 477 881 532; x_wconf 78' lang='lat' dir='ltr'><strong>custodiendam</strong></span> <span class='ocrx_word' id='word_1_14' title='bbox 909 478 1018 531; x_wconf 84' lang='lat' dir='ltr'><strong>fidei</strong></span> <span class='ocrx_word' id='word_1_15' title='bbox 1037 477 1280 531; x_wconf 83' lang='lat' dir='ltr'><strong>unitatem</strong></span> <span class='ocrx_word' id='word_1_16' title='bbox 1298 477 1493 541; x_wconf 82' lang='lat' dir='ltr'>docent,</span> <span class='ocrx_word' id='word_1_17' title='bbox 1517 474 1824 547; x_wconf 84' lang='lat' dir='ltr'><strong>praedicant,</strong></span> <span class='ocrx_word' id='word_1_18' title='bbox 1851 475 1959 530; x_wconf 83' lang='lat' dir='ltr'><strong>sive</strong></span> 
     </span>
     <span class='ocr_line' id='line_1_4' title="bbox 140 561 1956 636; baseline -0.002 -16"><span class='ocrx_word' id='word_1_19' title='bbox 140 565 391 620; x_wconf 85' lang='lat' dir='ltr'><strong>definiunt.</strong></span> <span class='ocrx_word' id='word_1_20' title='bbox 423 562 569 618; x_wconf 68' lang='lat' dir='ltr'><strong>⁴Cum</strong></span> <span class='ocrx_word' id='word_1_21' title='bbox 595 565 654 617; x_wconf 90' lang='lat' dir='ltr'><strong>de</strong></span> <span class='ocrx_word' id='word_1_22' title='bbox 680 582 885 617; x_wconf 90' lang='lat' dir='ltr'><strong>munere</strong></span> <span class='ocrx_word' id='word_1_23' title='bbox 910 573 962 618; x_wconf 89' lang='lat' dir='ltr'><strong>et</strong></span> <span class='ocrx_word' id='word_1_24' title='bbox 984 566 1093 636; x_wconf 82' lang='lat' dir='ltr'><strong>jure</strong></span> <span class='ocrx_word' id='word_1_25' title='bbox 1110 562 1358 634; x_wconf 55' lang='lat' dir='ltr'><strong>vprimatus</strong></span> <span class='ocrx_word' id='word_1_26' title='bbox 1373 562 1579 633; x_wconf 80' lang='lat' dir='ltr'><strong>agitur,</strong></span> <span class='ocrx_word' id='word_1_27' title='bbox 1605 561 1786 632; x_wconf 88' lang='lat' dir='ltr'><strong>aliquid</strong></span> <span class='ocrx_word' id='word_1_28' title='bbox 1810 581 1956 633; x_wconf 84' lang='lat' dir='ltr'><strong>quac-</strong></span> 
     </span>
     <span class='ocr_line' id='line_1_5' title="bbox 140 646 1957 722; baseline 0.001 -20"><span class='ocrx_word' id='word_1_29' title='bbox 140 670 253 705; x_wconf 82' lang='lat' dir='ltr'>rere</span> <span class='ocrx_word' id='word_1_30' title='bbox 278 662 429 705; x_wconf 85' lang='lat' dir='ltr'><strong>extra</strong></span> <span class='ocrx_word' id='word_1_31' title='bbox 466 668 732 722; x_wconf 81' lang='lat' dir='ltr'><strong>personam</strong></span> <span class='ocrx_word' id='word_1_32' title='bbox 770 649 1066 703; x_wconf 83' lang='lat' dir='ltr'><strong>Pontificum</strong></span> <span class='ocrx_word' id='word_1_33' title='bbox 1101 657 1182 701; x_wconf 87' lang='lat' dir='ltr'><strong>est</strong></span> <span class='ocrx_word' id='word_1_34' title='bbox 1213 647 1373 718; x_wconf 89' lang='lat' dir='ltr'><strong>ipsum</strong></span> <span class='ocrx_word' id='word_1_35' title='bbox 1408 646 1675 718; x_wconf 88' lang='lat' dir='ltr'><strong>primatum</strong></span> <span class='ocrx_word' id='word_1_36' title='bbox 1712 667 1957 718; x_wconf 86' lang='lat' dir='ltr'><strong>quaerere</strong></span> 
     </span>
     <span class='ocr_line' id='line_1_6' title="bbox 139 733 1960 808; baseline 0.002 -22"><span class='ocrx_word' id='word_1_37' title='bbox 139 744 289 787; x_wconf 81' lang='lat' dir='ltr'><strong>extra</strong></span> <span class='ocrx_word' id='word_1_38' title='bbox 315 753 429 802; x_wconf 81' lang='lat' dir='ltr'><strong>eoS,</strong></span> <span class='ocrx_word' id='word_1_39' title='bbox 456 755 663 807; x_wconf 89' lang='lat' dir='ltr'><strong>quorum</strong></span> <span class='ocrx_word' id='word_1_40' title='bbox 688 754 936 808; x_wconf 87' lang='lat' dir='ltr'><strong>personae</strong></span> <span class='ocrx_word' id='word_1_41' title='bbox 960 733 1128 788; x_wconf 83' lang='lat' dir='ltr'><strong>divino</strong></span> <span class='ocrx_word' id='word_1_42' title='bbox 1148 735 1264 805; x_wconf 86' lang='lat' dir='ltr'><strong>jure</strong></span> <span class='ocrx_word' id='word_1_43' title='bbox 1290 742 1370 786; x_wconf 91' lang='lat' dir='ltr'><strong>est</strong></span> <span class='ocrx_word' id='word_1_44' title='bbox 1395 733 1647 804; x_wconf 85' lang='lat' dir='ltr'><strong>alligatus.</strong></span> <span class='ocrx_word' id='word_1_45' title='bbox 1686 733 1826 788; x_wconf 87' lang='lat' dir='ltr'><strong>Haec</strong></span> <span class='ocrx_word' id='word_1_46' title='bbox 1851 737 1960 805; x_wconf 87' lang='lat' dir='ltr'><strong>qui-</strong></span> 
     </span>
     <span class='ocr_line' id='line_1_7' title="bbox 141 819 1950 889; baseline 0.001 -16"><span class='ocrx_word' id='word_1_47' title='bbox 141 821 247 874; x_wconf 89' lang='lat' dir='ltr'><strong>dem</strong></span> <span class='ocrx_word' id='word_1_48' title='bbox 275 822 406 874; x_wconf 90' lang='lat' dir='ltr'><strong>ratio</strong></span> <span class='ocrx_word' id='word_1_49' title='bbox 433 823 551 875; x_wconf 93' lang='lat' dir='ltr'><strong>mihi</strong></span> <span class='ocrx_word' id='word_1_50' title='bbox 575 820 1015 876; x_wconf 78' lang='lat' dir='ltr'><strong>demonstrationis</strong></span> <span class='ocrx_word' id='word_1_51' title='bbox 1039 820 1148 872; x_wconf 89' lang='lat' dir='ltr'><strong>loco</strong></span> <span class='ocrx_word' id='word_1_52' title='bbox 1175 828 1271 883; x_wconf 90' lang='lat' dir='ltr'><strong>est,</strong></span> <span class='ocrx_word' id='word_1_53' title='bbox 1297 819 1623 889; x_wconf 88' lang='lat' dir='ltr'><strong>omnibusque</strong></span> <span class='ocrx_word' id='word_1_54' title='bbox 1648 838 1763 874; x_wconf 87' lang='lat' dir='ltr'><strong>esse</strong></span> <span class='ocrx_word' id='word_1_55' title='bbox 1789 821 1950 884; x_wconf 89' lang='lat' dir='ltr'><strong>dehet,</strong></span> 
     </span>
     <span class='ocr_line' id='line_1_8' title="bbox 140 895 1955 982; baseline 0.002 -25"><span class='ocrx_word' id='word_1_56' title='bbox 140 907 223 975; x_wconf 89' lang='lat' dir='ltr'><strong>qui</strong></span> <span class='ocrx_word' id='word_1_57' title='bbox 251 907 519 978; x_wconf 72' lang='lat' dir='ltr'><strong>&#39;primatum</strong></span> <span class='ocrx_word' id='word_1_58' title='bbox 557 928 664 964; x_wconf 91' lang='lat' dir='ltr'><strong>cum</strong></span> <span class='ocrx_word' id='word_1_59' title='bbox 700 905 1070 982; x_wconf 77' lang='lat' dir='ltr'><strong>praerogativis</strong></span> <span class='ocrx_word' id='word_1_60' title='bbox 1106 895 1214 975; x_wconf 88' lang='lat' dir='ltr'><strong>ejus</strong></span> <span class='ocrx_word' id='word_1_61' title='bbox 1251 905 1468 976; x_wconf 91' lang='lat' dir='ltr'><strong>propriis</strong></span> <span class='ocrx_word' id='word_1_62' title='bbox 1502 924 1616 960; x_wconf 91' lang='lat' dir='ltr'><strong>esse</strong></span> <span class='ocrx_word' id='word_1_63' title='bbox 1640 908 1955 978; x_wconf 81' lang='lat' dir='ltr'><strong>personalem</strong></span> 
     </span>
     <span class='ocr_line' id='line_1_9' title="bbox 139 989 1955 1067; baseline 0.002 -24"><span class='ocrx_word' id='word_1_64' title='bbox 139 992 347 1046; x_wconf 85' lang='lat' dir='ltr'><strong>inficiari</strong></span> <span class='ocrx_word' id='word_1_65' title='bbox 370 1013 472 1047; x_wconf 90' lang='lat' dir='ltr'><strong>non</strong></span> <span class='ocrx_word' id='word_1_66' title='bbox 495 1004 720 1067; x_wconf 80' lang='lat' dir='ltr'><strong>possunt.</strong></span> <span class='ocrx_word' id='word_1_67' title='bbox 770 991 1003 1045; x_wconf 82' lang='lat' dir='ltr'><strong>Traditio</strong></span> <span class='ocrx_word' id='word_1_68' title='bbox 1030 1007 1154 1043; x_wconf 88' lang='lat' dir='ltr'><strong>sane</strong></span> <span class='ocrx_word' id='word_1_69' title='bbox 1180 989 1391 1044; x_wconf 87' lang='lat' dir='ltr'><strong>Patrum</strong></span> <span class='ocrx_word' id='word_1_70' title='bbox 1417 991 1461 1044; x_wconf 90' lang='lat' dir='ltr'><strong>si</strong></span> <span class='ocrx_word' id='word_1_71' title='bbox 1488 993 1804 1058; x_wconf 86' lang='lat' dir='ltr'><strong>consulatur,</strong></span> <span class='ocrx_word' id='word_1_72' title='bbox 1845 1012 1955 1047; x_wconf 89' lang='lat' dir='ltr'><strong>cum</strong></span> 
     </span>
     <span class='ocr_line' id='line_1_10' title="bbox 139 1074 1956 1145; baseline 0.002 -16"><span class='ocrx_word' id='word_1_73' title='bbox 139 1079 187 1130; x_wconf 91' lang='lat' dir='ltr'><strong>hi</strong></span> <span class='ocrx_word' id='word_1_74' title='bbox 213 1081 562 1134; x_wconf 89' lang='lat' dir='ltr'><strong>necessitatem</strong></span> <span class='ocrx_word' id='word_1_75' title='bbox 585 1079 894 1132; x_wconf 83' lang='lat' dir='ltr'><strong>inculcarunt</strong></span> <span class='ocrx_word' id='word_1_76' title='bbox 914 1075 1236 1131; x_wconf 85' lang='lat' dir='ltr'><strong>conveniendi</strong></span> <span class='ocrx_word' id='word_1_77' title='bbox 1253 1093 1360 1128; x_wconf 89' lang='lat' dir='ltr'><strong>cum</strong></span> <span class='ocrx_word' id='word_1_78' title='bbox 1383 1074 1648 1130; x_wconf 82' lang='lat' dir='ltr'><strong>Romanae</strong></span> <span class='ocrx_word' id='word_1_79' title='bbox 1675 1078 1956 1145; x_wconf 84' lang='lat' dir='ltr'><strong>cathedrae,</strong></span> 
     </span>
     <span class='ocr_line' id='line_1_11' title="bbox 139 1161 1958 1236; baseline 0.001 -20"><span class='ocrx_word' id='word_1_80' title='bbox 139 1164 300 1230; x_wconf 88' lang='lat' dir='ltr'><strong>sedis,</strong></span> <span class='ocrx_word' id='word_1_81' title='bbox 326 1165 407 1219; x_wconf 84' lang='lat' dir='ltr'><strong>vel</strong></span> <span class='ocrx_word' id='word_1_82' title='bbox 430 1164 690 1219; x_wconf 87' lang='lat' dir='ltr'><strong>Ecclesiae</strong></span> <span class='ocrx_word' id='word_1_83' title='bbox 713 1164 806 1217; x_wconf 89' lang='lat' dir='ltr'><strong>fide</strong></span> <span class='ocrx_word' id='word_1_84' title='bbox 823 1166 939 1236; x_wconf 89' lang='lat' dir='ltr'><strong>jure</strong></span> <span class='ocrx_word' id='word_1_85' title='bbox 965 1163 1233 1235; x_wconf 82' lang='lat' dir='ltr'><strong>primatuS,</strong></span> <span class='ocrx_word' id='word_1_86' title='bbox 1268 1180 1370 1215; x_wconf 90' lang='lat' dir='ltr'><strong>non</strong></span> <span class='ocrx_word' id='word_1_87' title='bbox 1404 1161 1552 1214; x_wconf 89' lang='lat' dir='ltr'><strong>aliam</strong></span> <span class='ocrx_word' id='word_1_88' title='bbox 1578 1162 1676 1215; x_wconf 91' lang='lat' dir='ltr'><strong>nisi</strong></span> <span class='ocrx_word' id='word_1_89' title='bbox 1687 1162 1741 1234; x_wconf 85' lang='lat'><strong>*)</strong></span> <span class='ocrx_word' id='word_1_90' title='bbox 1771 1163 1958 1218; x_wconf 90' lang='lat' dir='ltr'><strong>Roma-</strong></span> 
     </span>
     <span class='ocr_line' id='line_1_12' title="bbox 139 1249 1957 1322; baseline 0.003 -22"><span class='ocrx_word' id='word_1_91' title='bbox 139 1268 312 1303; x_wconf 87' lang='lat' dir='ltr'><strong>normn</strong></span> <span class='ocrx_word' id='word_1_92' title='bbox 339 1250 636 1304; x_wconf 87' lang='lat' dir='ltr'><strong>Pontificum</strong></span> <span class='ocrx_word' id='word_1_93' title='bbox 659 1268 926 1322; x_wconf 87' lang='lat' dir='ltr'><strong>personam</strong></span> <span class='ocrx_word' id='word_1_94' title='bbox 942 1289 956 1315; x_wconf 93' lang='lat'><strong>,</strong></span> <span class='ocrx_word' id='word_1_95' title='bbox 996 1267 1088 1303; x_wconf 90' lang='lat' dir='ltr'><strong>nec</strong></span> <span class='ocrx_word' id='word_1_96' title='bbox 1123 1249 1267 1301; x_wconf 90' lang='lat' dir='ltr'><strong>aliam</strong></span> <span class='ocrx_word' id='word_1_97' title='bbox 1294 1249 1463 1313; x_wconf 92' lang='lat' dir='ltr'><strong>fidem,</strong></span> <span class='ocrx_word' id='word_1_98' title='bbox 1502 1249 1600 1301; x_wconf 89' lang='lat' dir='ltr'><strong>nisi</strong></span> <span class='ocrx_word' id='word_1_99' title='bbox 1638 1268 1784 1318; x_wconf 86' lang='lat' dir='ltr'><strong>quam</strong></span> <span class='ocrx_word' id='word_1_100' title='bbox 1810 1250 1903 1322; x_wconf 89' lang='lat' dir='ltr'><strong>ipsi</strong></span> <span class='ocrx_word' id='word_1_101' title='bbox 1930 1271 1957 1305; x_wconf 87' lang='lat' dir='ltr'><strong>e</strong></span> 
     </span>
     <span class='ocr_line' id='line_1_13' title="bbox 139 1333 1957 1409; baseline 0.002 -23"><span class='ocrx_word' id='word_1_102' title='bbox 139 1334 284 1388; x_wconf 89' lang='lat' dir='ltr'><strong>Petri</strong></span> <span class='ocrx_word' id='word_1_103' title='bbox 307 1337 541 1390; x_wconf 80' lang='lat' dir='ltr'><strong>cathedra</strong></span> <span class='ocrx_word' id='word_1_104' title='bbox 566 1337 878 1409; x_wconf 88' lang='lat' dir='ltr'><strong>praedicant,</strong></span> <span class='ocrx_word' id='word_1_105' title='bbox 906 1336 1283 1389; x_wconf 84' lang='lat' dir='ltr'><strong>intellexerunt.</strong></span> <span class='ocrx_word' id='word_1_106' title='bbox 1310 1334 1386 1386; x_wconf 92' lang='lat' dir='ltr'><strong>Ita</strong></span> <span class='ocrx_word' id='word_1_107' title='bbox 1411 1333 1821 1406; x_wconf 56' lang='lat' dir='ltr'><strong>&amp;Hieronymus</strong></span> <span class='ocrx_word' id='word_1_108' title='bbox 1850 1337 1957 1390; x_wconf 90' lang='lat' dir='ltr'><strong>Ro-</strong></span> 
     </span>
     <span class='ocr_line' id='line_1_14' title="bbox 139 1420 1957 1488; baseline 0.003 -16"><span class='ocrx_word' id='word_1_109' title='bbox 139 1440 332 1474; x_wconf 87' lang='lat' dir='ltr'><strong>manam</strong></span> <span class='ocrx_word' id='word_1_110' title='bbox 357 1423 498 1476; x_wconf 91' lang='lat' dir='ltr'><strong>fidem</strong></span> <span class='ocrx_word' id='word_1_111' title='bbox 524 1423 863 1488; x_wconf 87' lang='lat' dir='ltr'><strong>consulturus,</strong></span> <span class='ocrx_word' id='word_1_112' title='bbox 891 1423 1162 1476; x_wconf 87' lang='lat' dir='ltr'><strong>Damasum</strong></span> <span class='ocrx_word' id='word_1_113' title='bbox 1190 1420 1430 1485; x_wconf 87' lang='lat' dir='ltr'><strong>consulit,</strong></span> <span class='ocrx_word' id='word_1_114' title='bbox 1469 1430 1520 1472; x_wconf 93' lang='lat' dir='ltr'><strong>et</strong></span> <span class='ocrx_word' id='word_1_115' title='bbox 1545 1421 1604 1472; x_wconf 93' lang='lat' dir='ltr'><strong>de</strong></span> <span class='ocrx_word' id='word_1_116' title='bbox 1629 1421 1821 1475; x_wconf 86' lang='lat' dir='ltr'><strong>unitate</strong></span> <span class='ocrx_word' id='word_1_117' title='bbox 1847 1424 1957 1477; x_wconf 85' lang='lat' dir='ltr'><strong>fidei</strong></span> 
     </span>
     <span class='ocr_line' id='line_1_15' title="bbox 140 1508 1957 1579; baseline 0.002 -20"><span class='ocrx_word' id='word_1_118' title='bbox 140 1508 359 1561; x_wconf 87' lang='lat' dir='ltr'><strong>cumdem</strong></span> <span class='ocrx_word' id='word_1_119' title='bbox 386 1510 642 1578; x_wconf 86' lang='lat' dir='ltr'><strong>alloquens</strong></span> <span class='ocrx_word' id='word_1_120' title='bbox 668 1508 766 1561; x_wconf 89' lang='lat' dir='ltr'><strong>illis</strong></span> <span class='ocrx_word' id='word_1_121' title='bbox 791 1510 959 1563; x_wconf 82' lang='lat' dir='ltr'><strong>verbis</strong></span> <span class='ocrx_word' id='word_1_122' title='bbox 975 1550 990 1575; x_wconf 94' lang='lat'><strong>,</strong></span> <span class='ocrx_word' id='word_1_123' title='bbox 1017 1512 1134 1579; x_wconf 73' lang='lat' dir='ltr'><strong>Eyo</strong></span> <span class='ocrx_word' id='word_1_124' title='bbox 1162 1509 1504 1561; x_wconf 76' lang='lat' dir='ltr'><strong>Beatitudini</strong></span> <span class='ocrx_word' id='word_1_125' title='bbox 1528 1514 1678 1569; x_wconf 75' lang='lat' dir='ltr'><strong>tuae,</strong></span> <span class='ocrx_word' id='word_1_126' title='bbox 1713 1512 1849 1562; x_wconf 79' lang='lat' dir='ltr'><strong>idest</strong></span> <span class='ocrx_word' id='word_1_127' title='bbox 1874 1531 1957 1563; x_wconf 82' lang='lat' dir='ltr'><strong>ca-</strong></span> 
     </span>
     <span class='ocr_line' id='line_1_16' title="bbox 139 1592 1956 1668; baseline 0.003 -24"><span class='ocrx_word' id='word_1_128' title='bbox 139 1594 358 1646; x_wconf 74' lang='lat' dir='ltr'><strong>thedrae</strong></span> <span class='ocrx_word' id='word_1_129' title='bbox 387 1596 543 1647; x_wconf 79' lang='lat' dir='ltr'><strong>Petri</strong></span> <span class='ocrx_word' id='word_1_130' title='bbox 566 1600 927 1649; x_wconf 79' lang='lat' dir='ltr'><strong>communione</strong></span> <span class='ocrx_word' id='word_1_131' title='bbox 953 1599 1258 1656; x_wconf 83' lang='lat' dir='ltr'><strong>consocior,</strong></span> <span class='ocrx_word' id='word_1_132' title='bbox 1290 1592 1563 1646; x_wconf 86' lang='lat' dir='ltr'><strong>Damasum</strong></span> <span class='ocrx_word' id='word_1_133' title='bbox 1590 1593 1748 1664; x_wconf 89' lang='lat' dir='ltr'><strong>ipsum</strong></span> <span class='ocrx_word' id='word_1_134' title='bbox 1765 1636 1779 1661; x_wconf 83' lang='lat'><strong>,</strong></span> <span class='ocrx_word' id='word_1_135' title='bbox 1819 1599 1956 1668; x_wconf 87' lang='lat' dir='ltr'><strong>cujus</strong></span> 
     </span>
     <span class='ocr_line' id='line_1_17' title="bbox 140 1679 1955 1754; baseline 0.004 -25"><span class='ocrx_word' id='word_1_136' title='bbox 140 1695 430 1749; x_wconf 90' lang='lat' dir='ltr'><strong>responsum</strong></span> <span class='ocrx_word' id='word_1_137' title='bbox 458 1699 486 1732; x_wconf 92' lang='lat' dir='ltr'><strong>e</strong></span> <span class='ocrx_word' id='word_1_138' title='bbox 511 1679 656 1733; x_wconf 89' lang='lat' dir='ltr'><strong>Petri</strong></span> <span class='ocrx_word' id='word_1_139' title='bbox 683 1682 919 1735; x_wconf 86' lang='lat' dir='ltr'><strong>cathedra</strong></span> <span class='ocrx_word' id='word_1_140' title='bbox 944 1684 1169 1753; x_wconf 85' lang='lat' dir='ltr'><strong>petebat,</strong></span> <span class='ocrx_word' id='word_1_141' title='bbox 1207 1699 1297 1752; x_wconf 86' lang='lat' dir='ltr'><strong>pro</strong></span> <span class='ocrx_word' id='word_1_142' title='bbox 1325 1681 1495 1732; x_wconf 90' lang='lat' dir='ltr'><strong>eadem</strong></span> <span class='ocrx_word' id='word_1_143' title='bbox 1530 1679 1768 1734; x_wconf 87' lang='lat' dir='ltr'><strong>cathedra</strong></span> <span class='ocrx_word' id='word_1_144' title='bbox 1793 1685 1955 1754; x_wconf 87' lang='lat' dir='ltr'><strong>palam</strong></span> 
     </span>
     <span class='ocr_line' id='line_1_18' title="bbox 138 1764 1955 1839; baseline 0.003 -24"><span class='ocrx_word' id='word_1_145' title='bbox 138 1766 344 1835; x_wconf 88' lang='lat' dir='ltr'><strong>accepit.</strong></span> <span class='ocrx_word' id='word_1_146' title='bbox 371 1764 448 1818; x_wconf 91' lang='lat' dir='ltr'><strong>Ita</strong></span> <span class='ocrx_word' id='word_1_147' title='bbox 473 1775 525 1819; x_wconf 90' lang='lat' dir='ltr'><strong>et</strong></span> <span class='ocrx_word' id='word_1_148' title='bbox 549 1766 864 1838; x_wconf 89' lang='lat' dir='ltr'><strong>Augustinus</strong></span> <span class='ocrx_word' id='word_1_149' title='bbox 889 1769 1031 1820; x_wconf 88' lang='lat' dir='ltr'><strong>modo</strong></span> <span class='ocrx_word' id='word_1_150' title='bbox 1051 1767 1394 1820; x_wconf 88' lang='lat' dir='ltr'><strong>Innocentium</strong></span> <span class='ocrx_word' id='word_1_151' title='bbox 1414 1765 1624 1836; x_wconf 84' lang='lat' dir='ltr'><strong>Papam,</strong></span> <span class='ocrx_word' id='word_1_152' title='bbox 1650 1768 1795 1820; x_wconf 90' lang='lat' dir='ltr'><strong>modo</strong></span> <span class='ocrx_word' id='word_1_153' title='bbox 1814 1769 1955 1839; x_wconf 88' lang='lat' dir='ltr'><strong>Apo-</strong></span> 
     </span>
     <span class='ocr_line' id='line_1_19' title="bbox 137 1843 1956 1925; baseline 0.004 -25"><span class='ocrx_word' id='word_1_154' title='bbox 137 1849 361 1902; x_wconf 89' lang='lat' dir='ltr'><strong>stolicam</strong></span> <span class='ocrx_word' id='word_1_155' title='bbox 386 1852 552 1905; x_wconf 91' lang='lat' dir='ltr'><strong>sedem</strong></span> <span class='ocrx_word' id='word_1_156' title='bbox 579 1863 754 1906; x_wconf 90' lang='lat' dir='ltr'><strong>contra</strong></span> <span class='ocrx_word' id='word_1_157' title='bbox 786 1853 1095 1925; x_wconf 86' lang='lat' dir='ltr'><strong>Pelagianos</strong></span> <span class='ocrx_word' id='word_1_158' title='bbox 1131 1843 1486 1925; x_wconf 87' lang='lat' dir='ltr'><strong>pronuntiasse</strong></span> <span class='ocrx_word' id='word_1_159' title='bbox 1518 1851 1796 1922; x_wconf 86' lang='lat' dir='ltr'><strong>promiscue</strong></span> <span class='ocrx_word' id='word_1_160' title='bbox 1831 1856 1956 1908; x_wconf 89' lang='lat' dir='ltr'><strong>scri-</strong></span> 
     </span>
     <span class='ocr_line' id='line_1_20' title="bbox 135 1937 1955 2012; baseline 0.003 -24"><span class='ocrx_word' id='word_1_161' title='bbox 135 1937 284 2002; x_wconf 82' lang='lat' dir='ltr'><strong>benS,</strong></span> <span class='ocrx_word' id='word_1_162' title='bbox 312 1938 530 1991; x_wconf 87' lang='lat' dir='ltr'><strong>eumdem</strong></span> <span class='ocrx_word' id='word_1_163' title='bbox 559 1938 851 1992; x_wconf 86' lang='lat' dir='ltr'><strong>Pontificem</strong></span> <span class='ocrx_word' id='word_1_164' title='bbox 877 1959 967 2012; x_wconf 89' lang='lat' dir='ltr'><strong>pro</strong></span> <span class='ocrx_word' id='word_1_165' title='bbox 994 1941 1110 1993; x_wconf 91' lang='lat' dir='ltr'><strong>sede</strong></span> <span class='ocrx_word' id='word_1_166' title='bbox 1136 1938 1432 2010; x_wconf 89' lang='lat' dir='ltr'><strong>Apostolica</strong></span> <span class='ocrx_word' id='word_1_167' title='bbox 1458 1937 1663 2002; x_wconf 90' lang='lat' dir='ltr'><strong>sumsit,</strong></span> <span class='ocrx_word' id='word_1_168' title='bbox 1697 1940 1955 2008; x_wconf 87' lang='lat' dir='ltr'><strong>judicium-</strong></span> 
     </span>
     <span class='ocr_line' id='line_1_21' title="bbox 139 2022 1955 2096; baseline 0.005 -23"><span class='ocrx_word' id='word_1_169' title='bbox 139 2041 232 2090; x_wconf 90' lang='lat' dir='ltr'><strong>que</strong></span> <span class='ocrx_word' id='word_1_170' title='bbox 256 2022 410 2093; x_wconf 91' lang='lat' dir='ltr'><strong>ipsius</strong></span> <span class='ocrx_word' id='word_1_171' title='bbox 436 2022 694 2078; x_wconf 86' lang='lat' dir='ltr'><strong>Pontificis</strong></span> <span class='ocrx_word' id='word_1_172' title='bbox 731 2024 838 2095; x_wconf 90' lang='lat' dir='ltr'><strong>(De</strong></span> <span class='ocrx_word' id='word_1_173' title='bbox 875 2044 1010 2096; x_wconf 87' lang='lat' dir='ltr'><strong>pecc.</strong></span> <span class='ocrx_word' id='word_1_174' title='bbox 1051 2026 1180 2096; x_wconf 82' lang='lat' dir='ltr'><strong>orig.</strong></span> <span class='ocrx_word' id='word_1_175' title='bbox 1221 2043 1260 2076; x_wconf 93' lang='lat' dir='ltr'><strong>c.</strong></span> <span class='ocrx_word' id='word_1_176' title='bbox 1291 2022 1409 2094; x_wconf 81' lang='lat'><strong>17.)</strong></span> <span class='ocrx_word' id='word_1_177' title='bbox 1445 2022 1788 2091; x_wconf 77' lang='lat' dir='ltr'><strong>Apostolicae</strong></span> <span class='ocrx_word' id='word_1_178' title='bbox 1815 2032 1955 2082; x_wconf 78' lang='lat' dir='ltr'><strong>sedis</strong></span> 
     </span>
     <span class='ocr_line' id='line_1_22' title="bbox 141 2110 1955 2185; baseline 0.004 -26"><span class='ocrx_word' id='word_1_179' title='bbox 141 2110 741 2180; x_wconf 80' lang='lat' dir='ltr'><strong>Episcopalejudicium</strong></span> <span class='ocrx_word' id='word_1_180' title='bbox 764 2111 995 2176; x_wconf 81' lang='lat' dir='ltr'><strong>vocavit3</strong></span> <span class='ocrx_word' id='word_1_181' title='bbox 1032 2130 1091 2164; x_wconf 93' lang='lat' dir='ltr'><strong>eo</strong></span> <span class='ocrx_word' id='word_1_182' title='bbox 1119 2111 1245 2180; x_wconf 89' lang='lat' dir='ltr'><strong>quod</strong></span> <span class='ocrx_word' id='word_1_183' title='bbox 1278 2128 1427 2160; x_wconf 90' lang='lat' dir='ltr'><strong>unum</strong></span> <span class='ocrx_word' id='word_1_184' title='bbox 1467 2119 1517 2161; x_wconf 87' lang='lat' dir='ltr'><strong>et</strong></span> <span class='ocrx_word' id='word_1_185' title='bbox 1554 2110 1682 2162; x_wconf 88' lang='lat' dir='ltr'><strong>idem</strong></span> <span class='ocrx_word' id='word_1_186' title='bbox 1710 2113 1775 2164; x_wconf 88' lang='lat' dir='ltr'><strong>sit</strong></span> <span class='ocrx_word' id='word_1_187' title='bbox 1813 2113 1955 2185; x_wconf 89' lang='lat' dir='ltr'><strong>hujus</strong></span> 
     </span>
     <span class='ocr_line' id='line_1_23' title="bbox 140 2194 1955 2266; baseline 0.005 -22"><span class='ocrx_word' id='word_1_188' title='bbox 140 2194 289 2257; x_wconf 86' lang='lat' dir='ltr'><strong>sediS,</strong></span> <span class='ocrx_word' id='word_1_189' title='bbox 317 2203 367 2246; x_wconf 93' lang='lat' dir='ltr'><strong>et</strong></span> <span class='ocrx_word' id='word_1_190' title='bbox 392 2195 568 2247; x_wconf 90' lang='lat' dir='ltr'><strong>summi</strong></span> <span class='ocrx_word' id='word_1_191' title='bbox 587 2194 847 2249; x_wconf 88' lang='lat' dir='ltr'><strong>Pontificis</strong></span> <span class='ocrx_word' id='word_1_192' title='bbox 874 2197 924 2248; x_wconf 90' lang='lat' dir='ltr'><strong>in</strong></span> <span class='ocrx_word' id='word_1_193' title='bbox 944 2215 1004 2250; x_wconf 91' lang='lat' dir='ltr'><strong>ea</strong></span> <span class='ocrx_word' id='word_1_194' title='bbox 1023 2195 1371 2248; x_wconf 87' lang='lat' dir='ltr'><strong>Praesidentis</strong></span> <span class='ocrx_word' id='word_1_195' title='bbox 1390 2195 1643 2266; x_wconf 89' lang='lat' dir='ltr'><strong>judicium.</strong></span> <span class='ocrx_word' id='word_1_196' title='bbox 1673 2194 1783 2263; x_wconf 86' lang='lat' dir='ltr'><strong>Quo</strong></span> <span class='ocrx_word' id='word_1_197' title='bbox 1806 2217 1955 2253; x_wconf 90' lang='lat' dir='ltr'><strong>sensu</strong></span> 
     </span>
     <span class='ocr_line' id='line_1_24' title="bbox 139 2276 1952 2352; baseline 0.006 -23"><span class='ocrx_word' id='word_1_198' title='bbox 139 2276 196 2330; x_wconf 93' lang='lat' dir='ltr'><strong>S.</strong></span> <span class='ocrx_word' id='word_1_199' title='bbox 237 2277 460 2350; x_wconf 88' lang='lat' dir='ltr'><strong>Prosper</strong></span> <span class='ocrx_word' id='word_1_200' title='bbox 493 2281 695 2352; x_wconf 88' lang='lat' dir='ltr'><strong>scripsit</strong></span> <span class='ocrx_word' id='word_1_201' title='bbox 730 2280 955 2352; x_wconf 87' lang='lat' dir='ltr'><strong>(Contra</strong></span> <span class='ocrx_word' id='word_1_202' title='bbox 993 2280 1174 2335; x_wconf 89' lang='lat' dir='ltr'><strong>Collat.</strong></span> <span class='ocrx_word' id='word_1_203' title='bbox 1213 2301 1263 2333; x_wconf 90' lang='lat' dir='ltr'><strong>n.</strong></span> <span class='ocrx_word' id='word_1_204' title='bbox 1296 2281 1442 2351; x_wconf 83' lang='lat'><strong>15.),</strong></span> <span class='ocrx_word' id='word_1_205' title='bbox 1494 2284 1854 2337; x_wconf 63' lang='lat' dir='ltr'><strong>Sacros-ancta</strong></span> <span class='ocrx_word' id='word_1_206' title='bbox 1882 2288 1952 2339; x_wconf 91' lang='lat' dir='ltr'><strong>B.</strong></span> 
     </span>
     <span class='ocr_line' id='line_1_25' title="bbox 143 2366 1955 2443; baseline 0.006 -28"><span class='ocrx_word' id='word_1_207' title='bbox 143 2366 296 2416; x_wconf 76' lang='lat' dir='ltr'><strong>Petri</strong></span> <span class='ocrx_word' id='word_1_208' title='bbox 319 2369 470 2419; x_wconf 80' lang='lat' dir='ltr'><strong>sedes</strong></span> <span class='ocrx_word' id='word_1_209' title='bbox 488 2386 592 2435; x_wconf 83' lang='lat' dir='ltr'><strong>per</strong></span> <span class='ocrx_word' id='word_1_210' title='bbox 618 2371 916 2420; x_wconf 80' lang='lat' dir='ltr'><strong>universum</strong></span> <span class='ocrx_word' id='word_1_211' title='bbox 943 2370 1120 2421; x_wconf 81' lang='lat' dir='ltr'><strong>orbem</strong></span> <span class='ocrx_word' id='word_1_212' title='bbox 1138 2369 1328 2437; x_wconf 82' lang='lat' dir='ltr'><strong>Papae</strong></span> <span class='ocrx_word' id='word_1_213' title='bbox 1344 2368 1542 2420; x_wconf 79' lang='lat' dir='ltr'><strong>Zosimi</strong></span> <span class='ocrx_word' id='word_1_214' title='bbox 1565 2373 1642 2420; x_wconf 82' lang='lat' dir='ltr'><strong>sic</strong></span> <span class='ocrx_word' id='word_1_215' title='bbox 1669 2390 1762 2422; x_wconf 81' lang='lat' dir='ltr'><strong>ore</strong></span> <span class='ocrx_word' id='word_1_216' title='bbox 1790 2374 1955 2443; x_wconf 81' lang='lat' dir='ltr'><strong>loqui-</strong></span> 
     </span>
     <span class='ocr_line' id='line_1_26' title="bbox 137 2448 1955 2528; baseline 0.006 -27"><span class='ocrx_word' id='word_1_217' title='bbox 137 2458 236 2502; x_wconf 78' lang='lat' dir='ltr'><strong>tur.</strong></span> <span class='ocrx_word' id='word_1_218' title='bbox 264 2448 395 2517; x_wconf 80' lang='lat' dir='ltr'><strong>Quin</strong></span> <span class='ocrx_word' id='word_1_219' title='bbox 423 2451 573 2504; x_wconf 88' lang='lat' dir='ltr'><strong>etiam</strong></span> <span class='ocrx_word' id='word_1_220' title='bbox 599 2451 836 2522; x_wconf 84' lang='lat' dir='ltr'><strong>Pelagius</strong></span> <span class='ocrx_word' id='word_1_221' title='bbox 862 2454 967 2525; x_wconf 87' lang='lat' dir='ltr'><strong>ipse</strong></span> <span class='ocrx_word' id='word_1_222' title='bbox 995 2472 1102 2506; x_wconf 90' lang='lat' dir='ltr'><strong>cum</strong></span> <span class='ocrx_word' id='word_1_223' title='bbox 1130 2471 1198 2505; x_wconf 87' lang='lat' dir='ltr'><strong>ex</strong></span> <span class='ocrx_word' id='word_1_224' title='bbox 1226 2454 1471 2506; x_wconf 86' lang='lat' dir='ltr'><strong>communi</strong></span> <span class='ocrx_word' id='word_1_225' title='bbox 1497 2453 1756 2508; x_wconf 86' lang='lat' dir='ltr'><strong>Ecclesiae</strong></span> <span class='ocrx_word' id='word_1_226' title='bbox 1784 2458 1955 2528; x_wconf 88' lang='lat' dir='ltr'><strong>loquu-</strong></span> 
     </span>
    </p>
   </div>
   <div class='ocr_carea' id='block_1_3' title="bbox 137 2612 1956 3435">
    <p class='ocr_par' dir='ltr' id='par_1_3' title="bbox 137 2612 1956 3435">
     <span class='ocr_line' id='line_1_27' title="bbox 258 2612 1953 2664; baseline 0.006 -13"><span class='ocrx_word' id='word_1_227' title='bbox 258 2612 299 2662; x_wconf 75' lang='lat'><strong>‘)</strong></span> <span class='ocrx_word' id='word_1_228' title='bbox 333 2613 378 2652; x_wconf 87' lang='lat' dir='ltr'><strong>Si</strong></span> <span class='ocrx_word' id='word_1_229' title='bbox 412 2614 502 2664; x_wconf 88' lang='lat' dir='ltr'><strong>quis</strong></span> <span class='ocrx_word' id='word_1_230' title='bbox 533 2614 640 2655; x_wconf 84' lang='lat' dir='ltr'><strong>sorte</strong></span> <span class='ocrx_word' id='word_1_231' title='bbox 664 2615 768 2655; x_wconf 85' lang='lat' dir='ltr'><strong>hanc</strong></span> <span class='ocrx_word' id='word_1_232' title='bbox 785 2617 1090 2658; x_wconf 83' lang='lat' dir='ltr'><strong>distinctionem</strong></span> <span class='ocrx_word' id='word_1_233' title='bbox 1122 2618 1229 2658; x_wconf 87' lang='lat' dir='ltr'><strong>inter</strong></span> <span class='ocrx_word' id='word_1_234' title='bbox 1245 2618 1468 2657; x_wconf 84' lang='lat' dir='ltr'><strong>Romanam</strong></span> <span class='ocrx_word' id='word_1_235' title='bbox 1499 2616 1638 2657; x_wconf 86' lang='lat' dir='ltr'><strong>sedem</strong></span> <span class='ocrx_word' id='word_1_236' title='bbox 1670 2622 1711 2658; x_wconf 88' lang='lat' dir='ltr'><strong>et</strong></span> <span class='ocrx_word' id='word_1_237' title='bbox 1726 2620 1953 2662; x_wconf 87' lang='lat' dir='ltr'><strong>Romanum</strong></span> 
     </span>
     <span class='ocr_line' id='line_1_28' title="bbox 139 2669 1954 2730; baseline 0.007 -22"><span class='ocrx_word' id='word_1_238' title='bbox 139 2669 375 2709; x_wconf 83' lang='lat' dir='ltr'><strong>Pontificem</strong></span> <span class='ocrx_word' id='word_1_239' title='bbox 394 2673 678 2713; x_wconf 82' lang='lat' dir='ltr'><strong>vindicandam</strong></span> <span class='ocrx_word' id='word_1_240' title='bbox 710 2674 915 2715; x_wconf 77' lang='lat' dir='ltr'><strong>existimet</strong></span> <span class='ocrx_word' id='word_1_241' title='bbox 947 2688 996 2715; x_wconf 87' lang='lat' dir='ltr'><strong>ex</strong></span> <span class='ocrx_word' id='word_1_242' title='bbox 1027 2677 1247 2717; x_wconf 84' lang='lat' dir='ltr'><strong>Justiniani</strong></span> <span class='ocrx_word' id='word_1_243' title='bbox 1266 2677 1442 2727; x_wconf 86' lang='lat' dir='ltr'><strong>epistola</strong></span> <span class='ocrx_word' id='word_1_244' title='bbox 1472 2676 1526 2714; x_wconf 90' lang='lat' dir='ltr'><strong>ad</strong></span> <span class='ocrx_word' id='word_1_245' title='bbox 1551 2677 1702 2716; x_wconf 81' lang='lat' dir='ltr'><strong>Patres</strong></span> <span class='ocrx_word' id='word_1_246' title='bbox 1728 2682 1875 2730; x_wconf 87' lang='lat' dir='ltr'><strong>synodi</strong></span> <span class='ocrx_word' id='word_1_247' title='bbox 1894 2684 1954 2728; x_wconf 87' lang='lat' dir='ltr'><strong>V.,</strong></span> 
     </span>
     <span class='ocr_line' id='line_1_29' title="bbox 138 2729 1953 2789; baseline 0.007 -23"><span class='ocrx_word' id='word_1_248' title='bbox 138 2730 177 2767; x_wconf 92' lang='lat' dir='ltr'><strong>in</strong></span> <span class='ocrx_word' id='word_1_249' title='bbox 212 2740 291 2779; x_wconf 86' lang='lat' dir='ltr'><strong>qua</strong></span> <span class='ocrx_word' id='word_1_250' title='bbox 322 2729 429 2769; x_wconf 88' lang='lat' dir='ltr'><strong>idem</strong></span> <span class='ocrx_word' id='word_1_251' title='bbox 459 2731 697 2782; x_wconf 84' lang='lat' dir='ltr'><strong>Imperator,</strong></span> <span class='ocrx_word' id='word_1_252' title='bbox 728 2733 827 2773; x_wconf 89' lang='lat' dir='ltr'><strong>licet</strong></span> <span class='ocrx_word' id='word_1_253' title='bbox 861 2747 883 2773; x_wconf 90' lang='lat' dir='ltr'><strong>e</strong></span> <span class='ocrx_word' id='word_1_254' title='bbox 915 2735 1121 2786; x_wconf 86' lang='lat' dir='ltr'><strong>diptychis</strong></span> <span class='ocrx_word' id='word_1_255' title='bbox 1154 2736 1331 2785; x_wconf 85' lang='lat' dir='ltr'><strong>expungi</strong></span> <span class='ocrx_word' id='word_1_256' title='bbox 1357 2735 1503 2784; x_wconf 85' lang='lat' dir='ltr'><strong>jubeat</strong></span> <span class='ocrx_word' id='word_1_257' title='bbox 1533 2735 1665 2785; x_wconf 86' lang='lat' dir='ltr'><strong>ipsum</strong></span> <span class='ocrx_word' id='word_1_258' title='bbox 1697 2738 1953 2789; x_wconf 83' lang='lat' dir='ltr'><strong>Pontificem,</strong></span> 
     </span>
     <span class='ocr_line' id='line_1_30' title="bbox 138 2788 1956 2849; baseline 0.006 -23"><span class='ocrx_word' id='word_1_259' title='bbox 138 2788 252 2837; x_wconf 82' lang='lat' dir='ltr'><strong>quasi</strong></span> <span class='ocrx_word' id='word_1_260' title='bbox 283 2789 534 2828; x_wconf 84' lang='lat' dir='ltr'><strong>Nestoriana</strong></span> <span class='ocrx_word' id='word_1_261' title='bbox 563 2789 727 2830; x_wconf 81' lang='lat' dir='ltr'><strong>haeresi</strong></span> <span class='ocrx_word' id='word_1_262' title='bbox 757 2793 950 2833; x_wconf 83' lang='lat' dir='ltr'><strong>infectum</strong></span> <span class='ocrx_word' id='word_1_263' title='bbox 969 2820 980 2838; x_wconf 89' lang='lat'><strong>,</strong></span> <span class='ocrx_word' id='word_1_264' title='bbox 1013 2793 1146 2832; x_wconf 85' lang='lat' dir='ltr'><strong>adhuc</strong></span> <span class='ocrx_word' id='word_1_265' title='bbox 1186 2797 1320 2831; x_wconf 87' lang='lat' dir='ltr'><strong>tamen</strong></span> <span class='ocrx_word' id='word_1_266' title='bbox 1352 2793 1554 2831; x_wconf 81' lang='lat' dir='ltr'><strong>unitatem</strong></span> <span class='ocrx_word' id='word_1_267' title='bbox 1585 2806 1630 2832; x_wconf 89' lang='lat' dir='ltr'><strong>se</strong></span> <span class='ocrx_word' id='word_1_268' title='bbox 1660 2807 1828 2835; x_wconf 85' lang='lat' dir='ltr'><strong>servare</strong></span> <span class='ocrx_word' id='word_1_269' title='bbox 1861 2811 1956 2849; x_wconf 90' lang='lat' dir='ltr'><strong>pro·</strong></span> 
     </span>
     <span class='ocr_line' id='line_1_31' title="bbox 138 2847 1951 2900; baseline 0.008 -16"><span class='ocrx_word' id='word_1_270' title='bbox 138 2850 316 2885; x_wconf 87' lang='lat' dir='ltr'><strong>testatur</strong></span> <span class='ocrx_word' id='word_1_271' title='bbox 346 2859 435 2886; x_wconf 90' lang='lat' dir='ltr'><strong>cnm</strong></span> <span class='ocrx_word' id='word_1_272' title='bbox 466 2847 566 2887; x_wconf 88' lang='lat' dir='ltr'><strong>sede</strong></span> <span class='ocrx_word' id='word_1_273' title='bbox 596 2849 835 2900; x_wconf 88' lang='lat' dir='ltr'><strong>Apostolica</strong></span> <span class='ocrx_word' id='word_1_274' title='bbox 865 2851 990 2900; x_wconf 90' lang='lat' dir='ltr'><strong>(Vide</strong></span> <span class='ocrx_word' id='word_1_275' title='bbox 1022 2854 1120 2890; x_wconf 89' lang='lat' dir='ltr'><strong>tom.</strong></span> <span class='ocrx_word' id='word_1_276' title='bbox 1153 2852 1195 2890; x_wconf 89' lang='grc'><strong>6.</strong></span> <span class='ocrx_word' id='word_1_277' title='bbox 1228 2850 1383 2889; x_wconf 91' lang='lat' dir='ltr'><strong>Concil.</strong></span> <span class='ocrx_word' id='word_1_278' title='bbox 1405 2851 1589 2889; x_wconf 87' lang='lat' dir='ltr'><strong>Venetae</strong></span> <span class='ocrx_word' id='word_1_279' title='bbox 1621 2853 1720 2892; x_wconf 89' lang='lat' dir='ltr'><strong>edit.</strong></span> <span class='ocrx_word' id='word_1_280' title='bbox 1753 2856 1831 2894; x_wconf 92' lang='lat' dir='ltr'><strong>col.</strong></span> <span class='ocrx_word' id='word_1_281' title='bbox 1849 2858 1951 2899; x_wconf 73' lang='lat'><strong>597.</strong></span> 
     </span>
     <span class='ocr_line' id='line_1_32' title="bbox 138 2903 1952 2963; baseline 0.007 -21"><span class='ocrx_word' id='word_1_282' title='bbox 138 2905 177 2943; x_wconf 85' lang='lat' dir='ltr'><strong>d.</strong></span> <span class='ocrx_word' id='word_1_283' title='bbox 212 2903 297 2953; x_wconf 88' lang='lat' dir='ltr'><strong>e.);</strong></span> <span class='ocrx_word' id='word_1_284' title='bbox 330 2906 654 2954; x_wconf 85' lang='lat' dir='ltr'><strong>animadvertat,</strong></span> <span class='ocrx_word' id='word_1_285' title='bbox 698 2920 866 2959; x_wconf 80' lang='lat' dir='ltr'><strong>quaeso,</strong></span> <span class='ocrx_word' id='word_1_286' title='bbox 909 2912 1038 2961; x_wconf 88' lang='lat' dir='ltr'><strong>ipsam</strong></span> <span class='ocrx_word' id='word_1_287' title='bbox 1084 2910 1298 2961; x_wconf 88' lang='lat' dir='ltr'><strong>epistolam</strong></span> <span class='ocrx_word' id='word_1_288' title='bbox 1337 2909 1639 2959; x_wconf 84' lang='lat' dir='ltr'><strong>supposititiam</strong></span> <span class='ocrx_word' id='word_1_289' title='bbox 1686 2912 1806 2963; x_wconf 90' lang='lat' dir='ltr'><strong>plane</strong></span> <span class='ocrx_word' id='word_1_290' title='bbox 1851 2929 1952 2963; x_wconf 85' lang='lat' dir='ltr'><strong>esse,</strong></span> 
     </span>
     <span class='ocr_line' id='line_1_33' title="bbox 138 2964 1955 3020; baseline 0.008 -19"><span class='ocrx_word' id='word_1_291' title='bbox 138 2964 242 3003; x_wconf 77' lang='lat' dir='ltr'><strong>sicut</strong></span> <span class='ocrx_word' id='word_1_292' title='bbox 275 2968 316 3003; x_wconf 88' lang='lat' dir='ltr'><strong>et</strong></span> <span class='ocrx_word' id='word_1_293' title='bbox 345 2969 489 3004; x_wconf 87' lang='lat' dir='ltr'><strong>cetera</strong></span> <span class='ocrx_word' id='word_1_294' title='bbox 520 2966 766 3007; x_wconf 83' lang='lat' dir='ltr'><strong>documenta</strong></span> <span class='ocrx_word' id='word_1_295' title='bbox 797 2969 902 3008; x_wconf 80' lang='lat' dir='ltr'><strong>actis</strong></span> <span class='ocrx_word' id='word_1_296' title='bbox 934 2968 1103 3019; x_wconf 85' lang='lat' dir='ltr'><strong>quintae</strong></span> <span class='ocrx_word' id='word_1_297' title='bbox 1134 2968 1281 3020; x_wconf 86' lang='lat' dir='ltr'><strong>synodi</strong></span> <span class='ocrx_word' id='word_1_298' title='bbox 1302 2979 1351 3007; x_wconf 84' lang='lat' dir='ltr'><strong>ex</strong></span> <span class='ocrx_word' id='word_1_299' title='bbox 1369 2967 1491 3006; x_wconf 88' lang='lat' dir='ltr'><strong>unico</strong></span> <span class='ocrx_word' id='word_1_300' title='bbox 1521 2969 1682 3009; x_wconf 85' lang='lat' dir='ltr'><strong>Juliano</strong></span> <span class='ocrx_word' id='word_1_301' title='bbox 1715 2972 1860 3014; x_wconf 85' lang='lat' dir='ltr'><strong>codiee</strong></span> <span class='ocrx_word' id='word_1_302' title='bbox 1892 2977 1955 3015; x_wconf 88' lang='lat' dir='ltr'><strong>in-</strong></span> 
     </span>
     <span class='ocr_line' id='line_1_34' title="bbox 137 3025 1952 3079; baseline 0.008 -19"><span class='ocrx_word' id='word_1_303' title='bbox 137 3027 262 3069; x_wconf 86' lang='lat' dir='ltr'><strong>serta,</strong></span> <span class='ocrx_word' id='word_1_304' title='bbox 294 3028 334 3062; x_wconf 90' lang='lat' dir='ltr'><strong>et</strong></span> <span class='ocrx_word' id='word_1_305' title='bbox 366 3036 391 3062; x_wconf 85' lang='lat' dir='ltr'><strong>a</strong></span> <span class='ocrx_word' id='word_1_306' title='bbox 422 3025 588 3064; x_wconf 87' lang='lat' dir='ltr'><strong>Baluzio</strong></span> <span class='ocrx_word' id='word_1_307' title='bbox 622 3025 748 3074; x_wconf 84' lang='lat' dir='ltr'><strong>edita,</strong></span> <span class='ocrx_word' id='word_1_308' title='bbox 783 3028 840 3066; x_wconf 91' lang='lat' dir='ltr'><strong>uti</strong></span> <span class='ocrx_word' id='word_1_309' title='bbox 874 3027 1136 3079; x_wconf 80' lang='lat' dir='ltr'><strong>probavimus</strong></span> <span class='ocrx_word' id='word_1_310' title='bbox 1167 3028 1208 3066; x_wconf 93' lang='lat' dir='ltr'><strong>in</strong></span> <span class='ocrx_word' id='word_1_311' title='bbox 1229 3027 1471 3066; x_wconf 84' lang='lat' dir='ltr'><strong>defensione</strong></span> <span class='ocrx_word' id='word_1_312' title='bbox 1490 3025 1799 3071; x_wconf 85' lang='lat' dir='ltr'><strong>dissertationis</strong></span> <span class='ocrx_word' id='word_1_313' title='bbox 1828 3035 1952 3074; x_wconf 89' lang='lat' dir='ltr'><strong>Nori-</strong></span> 
     </span>
     <span class='ocr_line' id='line_1_35' title="bbox 138 3081 1951 3145; baseline 0.008 -26"><span class='ocrx_word' id='word_1_314' title='bbox 138 3081 280 3120; x_wconf 81' lang='lat' dir='ltr'><strong>sianae</strong></span> <span class='ocrx_word' id='word_1_315' title='bbox 311 3082 362 3121; x_wconf 87' lang='lat' dir='ltr'><strong>de</strong></span> <span class='ocrx_word' id='word_1_316' title='bbox 391 3083 552 3137; x_wconf 86' lang='lat' dir='ltr'><strong>synodo</strong></span> <span class='ocrx_word' id='word_1_317' title='bbox 586 3085 728 3134; x_wconf 88' lang='lat' dir='ltr'><strong>quinta</strong></span> <span class='ocrx_word' id='word_1_318' title='bbox 760 3098 850 3137; x_wconf 85' lang='lat' dir='ltr'><strong>cap.</strong></span> <span class='ocrx_word' id='word_1_319' title='bbox 883 3088 926 3126; x_wconf 86' lang='grc'><strong>6.</strong></span> <span class='ocrx_word' id='word_1_320' title='bbox 959 3090 990 3126; x_wconf 83' lang='lat' dir='ltr'><strong>t.</strong></span> <span class='ocrx_word' id='word_1_321' title='bbox 1009 3087 1050 3126; x_wconf 85' lang='lat'><strong>4.</strong></span> <span class='ocrx_word' id='word_1_322' title='bbox 1083 3089 1261 3138; x_wconf 85' lang='lat' dir='ltr'><strong>Operum</strong></span> <span class='ocrx_word' id='word_1_323' title='bbox 1292 3085 1448 3125; x_wconf 89' lang='lat' dir='ltr'><strong>Norisii</strong></span> <span class='ocrx_word' id='word_1_324' title='bbox 1482 3086 1562 3126; x_wconf 86' lang='lat' dir='ltr'><strong>col.</strong></span> <span class='ocrx_word' id='word_1_325' title='bbox 1595 3088 1724 3130; x_wconf 86' lang='lat'>1035.</span> <span class='ocrx_word' id='word_1_326' title='bbox 1762 3095 1803 3130; x_wconf 89' lang='lat' dir='ltr'><strong>ct</strong></span> <span class='ocrx_word' id='word_1_327' title='bbox 1835 3106 1951 3145; x_wconf 88' lang='lat' dir='ltr'><strong>seqq.</strong></span> 
     </span>
     <span class='ocr_line' id='line_1_36' title="bbox 138 3141 1951 3204; baseline 0.009 -27"><span class='ocrx_word' id='word_1_328' title='bbox 138 3142 251 3182; x_wconf 80' lang='lat' dir='ltr'><strong>Quae</strong></span> <span class='ocrx_word' id='word_1_329' title='bbox 282 3141 411 3191; x_wconf 81' lang='lat' dir='ltr'><strong>ipsius</strong></span> <span class='ocrx_word' id='word_1_330' title='bbox 441 3142 641 3193; x_wconf 82' lang='lat' dir='ltr'><strong>epistolae</strong></span> <span class='ocrx_word' id='word_1_331' title='bbox 673 3144 834 3185; x_wconf 78' lang='lat' dir='ltr'><strong>falsitas</strong></span> <span class='ocrx_word' id='word_1_332' title='bbox 865 3149 1033 3196; x_wconf 87' lang='lat' dir='ltr'><strong>praeter</strong></span> <span class='ocrx_word' id='word_1_333' title='bbox 1065 3147 1121 3185; x_wconf 94' lang='lat' dir='ltr'><strong>ibi</strong></span> <span class='ocrx_word' id='word_1_334' title='bbox 1153 3146 1312 3197; x_wconf 85' lang='lat' dir='ltr'><strong>scripta</strong></span> <span class='ocrx_word' id='word_1_335' title='bbox 1342 3145 1405 3183; x_wconf 89' lang='lat' dir='ltr'><strong>vel</strong></span> <span class='ocrx_word' id='word_1_336' title='bbox 1440 3155 1490 3184; x_wconf 80' lang='lat' dir='ltr'><strong>ex</strong></span> <span class='ocrx_word' id='word_1_337' title='bbox 1516 3157 1566 3184; x_wconf 87' lang='lat' dir='ltr'><strong>eo</strong></span> <span class='ocrx_word' id='word_1_338' title='bbox 1595 3147 1826 3190; x_wconf 76' lang='lat' dir='ltr'><strong>confirmari</strong></span> <span class='ocrx_word' id='word_1_339' title='bbox 1859 3156 1951 3204; x_wconf 92' lang='lat' dir='ltr'><strong>pot-</strong></span> 
     </span>
     <span class='ocr_line' id='line_1_37' title="bbox 139 3199 1950 3262; baseline 0.008 -27"><span class='ocrx_word' id='word_1_340' title='bbox 139 3202 230 3244; x_wconf 86' lang='lat' dir='ltr'><strong>est,</strong></span> <span class='ocrx_word' id='word_1_341' title='bbox 265 3199 372 3249; x_wconf 88' lang='lat' dir='ltr'><strong>qnod</strong></span> <span class='ocrx_word' id='word_1_342' title='bbox 413 3199 453 3238; x_wconf 88' lang='lat' dir='ltr'><strong>in</strong></span> <span class='ocrx_word' id='word_1_343' title='bbox 493 3201 635 3241; x_wconf 87' lang='lat' dir='ltr'><strong>eadem</strong></span> <span class='ocrx_word' id='word_1_344' title='bbox 664 3204 893 3255; x_wconf 83' lang='lat' dir='ltr'><strong>allegentur</strong></span> <span class='ocrx_word' id='word_1_345' title='bbox 925 3205 1029 3244; x_wconf 87' lang='lat' dir='ltr'><strong>duae</strong></span> <span class='ocrx_word' id='word_1_346' title='bbox 1060 3205 1199 3255; x_wconf 85' lang='lat' dir='ltr'><strong>Vigilii</strong></span> <span class='ocrx_word' id='word_1_347' title='bbox 1231 3203 1446 3255; x_wconf 87' lang='lat' dir='ltr'><strong>epistolae,</strong></span> <span class='ocrx_word' id='word_1_348' title='bbox 1477 3204 1613 3244; x_wconf 85' lang='lat' dir='ltr'><strong>altera</strong></span> <span class='ocrx_word' id='word_1_349' title='bbox 1643 3207 1697 3245; x_wconf 87' lang='lat' dir='ltr'><strong>ad</strong></span> <span class='ocrx_word' id='word_1_350' title='bbox 1728 3208 1950 3262; x_wconf 87' lang='lat' dir='ltr'><strong>Imperato-</strong></span> 
     </span>
     <span class='ocr_line' id='line_1_38' title="bbox 139 3258 1948 3323; baseline 0.009 -29"><span class='ocrx_word' id='word_1_351' title='bbox 139 3268 250 3302; x_wconf 88' lang='lat' dir='ltr'><strong>rem,</strong></span> <span class='ocrx_word' id='word_1_352' title='bbox 284 3258 415 3296; x_wconf 88' lang='lat' dir='ltr'><strong>altera</strong></span> <span class='ocrx_word' id='word_1_353' title='bbox 447 3258 500 3297; x_wconf 87' lang='lat' dir='ltr'><strong>ad</strong></span> <span class='ocrx_word' id='word_1_354' title='bbox 530 3259 788 3303; x_wconf 85' lang='lat' dir='ltr'><strong>Theodoram</strong></span> <span class='ocrx_word' id='word_1_355' title='bbox 820 3266 906 3315; x_wconf 73' lang='lat' dir='ltr'><strong>eius</strong></span> <span class='ocrx_word' id='word_1_356' title='bbox 939 3265 1172 3314; x_wconf 86' lang='lat' dir='ltr'><strong>conjugem,</strong></span> <span class='ocrx_word' id='word_1_357' title='bbox 1206 3275 1310 3314; x_wconf 87' lang='lat' dir='ltr'><strong>quae</strong></span> <span class='ocrx_word' id='word_1_358' title='bbox 1341 3263 1440 3302; x_wconf 87' lang='lat' dir='ltr'><strong>item</strong></span> <span class='ocrx_word' id='word_1_359' title='bbox 1471 3262 1601 3302; x_wconf 84' lang='lat' dir='ltr'><strong>falsae</strong></span> <span class='ocrx_word' id='word_1_360' title='bbox 1634 3265 1776 3308; x_wconf 85' lang='lat' dir='ltr'><strong>eodem</strong></span> <span class='ocrx_word' id='word_1_361' title='bbox 1809 3271 1948 3323; x_wconf 84' lang='lat' dir='ltr'><strong>capite</strong></span> 
     </span>
     <span class='ocr_line' id='line_1_39' title="bbox 138 3315 1949 3376; baseline 0.009 -22"><span class='ocrx_word' id='word_1_362' title='bbox 138 3315 498 3363; x_wconf 80' lang='lat' dir='ltr'><strong>demonstrantur3</strong></span> <span class='ocrx_word' id='word_1_363' title='bbox 529 3330 700 3369; x_wconf 87' lang='lat' dir='ltr'><strong>cumque</strong></span> <span class='ocrx_word' id='word_1_364' title='bbox 729 3321 1089 3363; x_wconf 79' lang='lat' dir='ltr'><strong>Monothelitarum</strong></span> <span class='ocrx_word' id='word_1_365' title='bbox 1131 3322 1260 3361; x_wconf 89' lang='lat' dir='ltr'><strong>errori</strong></span> <span class='ocrx_word' id='word_1_366' title='bbox 1303 3321 1495 3368; x_wconf 79' lang='lat' dir='ltr'><strong>faveant,</strong></span> <span class='ocrx_word' id='word_1_367' title='bbox 1529 3333 1556 3362; x_wconf 86' lang='lat' dir='ltr'><strong>a</strong></span> <span class='ocrx_word' id='word_1_368' title='bbox 1586 3325 1774 3376; x_wconf 87' lang='lat' dir='ltr'><strong>quopiam</strong></span> <span class='ocrx_word' id='word_1_369' title='bbox 1806 3329 1949 3370; x_wconf 87' lang='lat' dir='ltr'><strong>Mono-</strong></span> 
     </span>
     <span class='ocr_line' id='line_1_40' title="bbox 138 3372 1950 3435; baseline 0.006 -22"><span class='ocrx_word' id='word_1_370' title='bbox 138 3372 308 3420; x_wconf 87' lang='lat' dir='ltr'><strong>thelita,</strong></span> <span class='ocrx_word' id='word_1_371' title='bbox 339 3375 404 3414; x_wconf 87' lang='lat' dir='ltr'><strong>vel</strong></span> <span class='ocrx_word' id='word_1_372' title='bbox 422 3375 779 3419; x_wconf 86' lang='lat' dir='ltr'><strong>Monothelitarum</strong></span> <span class='ocrx_word' id='word_1_373' title='bbox 810 3386 1080 3432; x_wconf 86' lang='lat' dir='ltr'><strong>praecentore</strong></span> <span class='ocrx_word' id='word_1_374' title='bbox 1113 3381 1335 3420; x_wconf 85' lang='lat' dir='ltr'><strong>creduntur</strong></span> <span class='ocrx_word' id='word_1_375' title='bbox 1367 3380 1572 3421; x_wconf 87' lang='lat' dir='ltr'><strong>confictae</strong></span> <span class='ocrx_word' id='word_1_376' title='bbox 1603 3383 1643 3422; x_wconf 92' lang='lat' dir='ltr'><strong>in</strong></span> <span class='ocrx_word' id='word_1_377' title='bbox 1676 3389 1950 3435; x_wconf 75' lang='lat' dir='ltr'><strong>patrocinium</strong></span> 
     </span>
    </p>
   </div>
   <div class='ocr_carea' id='block_1_4' title="bbox 138 3434 1946 3532">
    <p class='ocr_par' dir='ltr' id='par_1_4' title="bbox 138 3434 1946 3532">
     <span class='ocr_line' id='line_1_41' title="bbox 138 3434 1946 3531; baseline 0.006 -60"><span class='ocrx_word' id='word_1_378' title='bbox 138 3434 313 3531; x_wconf 47' lang='lat' dir='ltr'><strong>errori‘is:</strong></span> <span class='ocrx_word' id='word_1_379' title='bbox 348 3446 464 3484; x_wconf 89' lang='lat' dir='ltr'><strong>quem</strong></span> <span class='ocrx_word' id='word_1_380' title='bbox 497 3435 584 3484; x_wconf 83' lang='lat' dir='ltr'><strong>eJ‘us</strong></span> <span class='ocrx_word' id='word_1_381' title='bbox 615 3435 893 3479; x_wconf 83' lang='lat' dir='ltr'><strong>distinctionis</strong></span> <span class='ocrx_word' id='word_1_382' title='bbox 926 3445 1131 3481; x_wconf 82' lang='lat' dir='ltr'><strong>auctorem</strong></span> <span class='ocrx_word' id='word_1_383' title='bbox 1162 3439 1406 3485; x_wconf 73' lang='lat' dir='ltr'><strong>adversarii,</strong></span> <span class='ocrx_word' id='word_1_384' title='bbox 1439 3443 1481 3479; x_wconf 89' lang='lat' dir='ltr'><strong>ut</strong></span> <span class='ocrx_word' id='word_1_385' title='bbox 1514 3441 1712 3492; x_wconf 82' lang='lat' dir='ltr'><strong>arbitror,</strong></span> <span class='ocrx_word' id='word_1_386' title='bbox 1759 3447 1946 3498; x_wconf 63' lang='lat' dir='ltr'><strong>ingerere,</strong></span> 
     </span>
     <span class='ocr_line' id='line_1_42' title="bbox 140 3497 403 3532; baseline 0.011 -4"><span class='ocrx_word' id='word_1_387' title='bbox 140 3503 236 3531; x_wconf 73' lang='lat' dir='ltr'><strong>vere</strong></span> <span class='ocrx_word' id='word_1_388' title='bbox 268 3497 403 3532; x_wconf 87' lang='lat' dir='ltr'><strong>untur.</strong></span> 
     </span>
    </p>
   </div>
  </div>
 </body>
</html>
