2320 3990
109 414 406 478 contulisse,
442 429 542 465 non
566 412 694 482 quod
721 411 828 483 ipse
855 413 914 465 de
941 430 1001 464 eo
1027 411 1286 481 quicquam
1312 409 1593 480 ambigeret
1604 444 1629 476 ,-.
1646 409 1736 462 sod
1762 410 1931 466 ut-hac

107 500 371 552 collatione
398 507 448 552 et
473 498 663 553 unitate
690 515 798 550 cum
824 496 973 551 Petri
991 495 1364 570 praedicatione
1388 505 1438 549 et
1462 495 1557 550 fide
1583 495 1723 561 uma,
1737 495 1822 565 qui
1845 495 1932 547 du-

106 585 343 649 bitarent,
368 585 526 656 ipsum
553 583 754 636 omnino
782 578 1385 643 cendunt-domonstraret.
1454 581 1509 632 S.
1539 582 1776 635 Jacobm
1804 581 1930 632 Hic-

107 673 388 742 rosolyrnis
415 679 532 724 erat
559 670 722 740 (addit
738 666 1045 734 Bossuetus)
1071 674 1124 720 ct
1153 669 1208 718 S.
1227 667 1434 719 Paulus
1460 685 1521 718 eo
1542 687 1651 719 non
1675 669 1932 727 ascendit,

107 766 164 810 ut
188 759 446 810 Jacobum
472 759 703 816 vitiaret,
740 757 837 809 sed
858 762 916 809 ut
933 755 1197 813 «viderem,
1220 756 1411 822 inquit,
1437 753 1684 805 Petrum:
1725 772 1842 807 cum
1868 773 1930 806 eo

101 847 211 911 fuit
247 845 429 896 diebus
463 845 792 912 quindecim,
840 840 1016 892 etlo'oc
1049 842 1349 891 testimonio
1388 858 1536 891 suam
1565 841 1930 907 praedicatio-

108 949 221 981 nem
258 932 601 999 confirmavit.
663 929 731 981 ld
765 932 938 979 autem
972 926 1231 985 ostendit,
1270 927 1418 994 quod
1451 945 1565 977 cum
1595 934 1726 993 post
1763 945 1930 978 annos

107 1019 504 1084 quatuordecim
526 1015 821 1080 inspzfflrante
841 1013 1051 1079 Spiritu
1069 1011 1269 1062 Sancto
1288 1012 1716 1080 Hierosolymam
1745 1017 1930 1064 iterum

99 1106 367 1167 perrea-it,
391 1107 448 1152 ut
468 1117 586 1152 cum
612 1096 885 1166 Apostolis
919 1101 1195 1165 conferret
1223 1099 1595 1166 Evanyelium,
1622 1100 1768 1167 quod
1798 1100 1932 1150 Geu-

104 1188 281 1238 tilibus
302 1185 659 1253 praedicabat
668 1203 685 1244 ,·
719 1185 772 1235 S.
793 1184 1012 1236 Petrum
1032 1187 1364 1251 potissimum
1394 1204 1455 1236 eo
1483 1187 1708 1236 consilio
1736 1187 1930 1244 invisit,

104 1291 168 1324 nc
204 1276 258 1322 in
297 1291 513 1323 vacuum
549 1277 818 1329 curreret,
868 1277 962 1321 aut
1007 1273 1344 1322 cucurrisset.
1410 1266 1602 1336 Quibus
1654 1269 1929 1323 concinens

105 1355 159 1410 S.
190 1356 411 1409 Thomas
439 1354 840 1417 Cantuaricnsis⁷
869 1357 1077 1407 Doctor
1110 1358 1382 1418 Genti-um,
1412 1355 1524 1425 (lib.
1553 1358 1602 1408 l.
1634 1357 1779 1427 epist.
1808 1356 1927 1426 97.)

107 1442 290 1511 inquit,
331 1447 422 1510 qui
458 1445 752 1510 yloriatur,
800 1459 853 1491 sc
890 1460 994 1491 non
1030 1441 1095 1490 ab
1124 1441 1359 1502 homine,
1396 1461 1494 1494 uec
1522 1461 1625 1510 per
1666 1443 1926 1494 hominem

110 1531 451 1597 Erauyelium
497 1530 771 1586 didicisse,
819 1530 915 1579 sed
960 1531 1271 1579 instructura
1310 1549 1343 1578 a.
1394 1529 1639 1589 Christo,
1692 1531 1931 1581 ascendit

109 1616 561 1683 Hierosolymam,
605 1632 720 1663 cum
758 1615 1102 1665 ecclesiarum
1143 1614 1402 1681 Principe
1442 1616 1508 1666 dc
1540 1616 1650 1682 fide
1688 1616 1929 1672 contulit,

106 1719 168 1751 nc
188 1703 336 1767 forte
365 1702 417 1750 in
445 1716 660 1749 vacuum
687 1706 953 1758 curreret,
992 1701 1076 1750 vel
1107 1702 1455 1750 cucurrisset.-
1500 1716 1659 1751 vacua
1698 1698 1927 1749 nimirum

105 1802 234 1847 esse,
257 1793 338 1834 aut
366 1783 520 1836 videri
546 1792 744 1852 poterat
768 1783 1068 1854 praedicatio
1097 1783 1235 1847 fidei,
1272 1802 1396 1853 quac
1425 1803 1533 1836 cum
1561 1782 1704 1835 Petri
1733 1784 1929 1855 praedi-

105 1869 298 1922 catione
326 1888 382 1921 ac
410 1869 499 1920 fide
526 1866 785 1921 Ecclesiae
821 1869 1138 1921 fundamento
1166 1887 1263 1921 una
1289 1888 1400 1922 esse
1417 1910 1430 1934 ,
1472 1881 1618 1939 atquc
1659 1871 1929 1922 coliae-rere

105 1974 203 2007 non
229 1956 540 2026 probaretur.
592 1953 803 2026 ldipsum
837 1955 987 2008 etiam
1015 1953 1360 2007 Tertullianus
1400 1956 1674 2019 subindicat
1714 1956 1762 2007 in
1803 1956 1928 2007 libro

105 2045 169 2094 dc
201 2043 533 2110 Praescript.
563 2059 606 2092 c.
628 2041 715 2093 23.
744 2041 825 2092 ubi
853 2041 1065 2093 affirmat
1090 2039 1147 2094 S.
1169 2039 1381 2094 Paulum
1410 2045 1711 2094 ascendisse
1737 2043 1929 2094 Hiero-

107 2129 358 2197 solymam.
384 2130 740 2194 cognoscendi
762 2128 918 2178 Petri
938 2131 1147 2194 qratia,
1187 2147 1258 2179 ex
1283 2132 1465 2197 officio
1489 2137 1540 2180 et
1559 2134 1692 2199 jure
1727 2132 1931 2181 scilicet

108 2215 336 2283 esusdcm
357 2214 490 2280 fidei
515 2219 565 2262 et
586 2215 1035 2279 praedicationis,
1072 2230 1196 2280 quae
1222 2212 1427 2263 unitatis
1452 2213 1737 2283 probandae
1766 2213 1929 2265 consi-

109 2299 223 2350 lium
250 2297 373 2349 satis
400 2297 670 2349 declarant.
735 2297 878 2350 Hanc
905 2298 1136 2350 fortassis
1163 2298 1224 2349 oh
1252 2298 1491 2350 unitatem
1527 2298 1665 2363 fidei,
1706 2298 1756 2350 in
1784 2318 1926 2368 quam

104 2382 320 2452 ipsormn
347 2381 703 2453 Apostolorum
741 2383 1051 2455 praedicatio
1071 2383 1121 2435 in
1160 2383 1303 2437 novis
1342 2384 1565 2437 ecclesiis
1603 2393 1710 2436 toto
1750 2386 1928 2436 mundo

107 2458 364 2537 erigendis
396 2468 744 2539 conspirabat,
795 2470 854 2521 de
894 2467 1156 2522 Romanae
1195 2470 1438 2522 ecclesiae
1477 2470 1568 2522 fide
1609 2489 1638 2522 a
1674 2469 1731 2522 S.
1771 2470 1928 2524 Petro

105 2553 279 2606 ibidem
305 2553 588 2625 praedicata
628 2555 862 2626 scriptum
890 2576 920 2608 a
946 2555 1103 2609 Paulo
1130 2556 1248 2608 suit:
1280 2554 1459 2625 (Rom.
1491 2556 1539 2607 l.
1571 2575 1618 2608 v.
1646 2555 1730 2626 8.)
1768 2559 1821 2607 F
1818 2561 1928 2610 ides

108 2647 278 2690 restra
303 2644 647 2692 (invenatiatur
672 2645 724 2692 ἰη
749 2645 992 2695 universo
1017 2647 1223 2695 rnundo.
1263 2641 1441 2711 Neque
1463 2642 1592 2694 enim
1617 2642 1714 2695 alia
1734 2644 1928 2696 ratione

109 2722 448 2776 Romanorum
485 2725 603 2777 fides
642 2726 835 2779 videtur
871 2729 1025 2781 fuisse
1076 2728 1372 2780 annuntiata
1409 2729 1460 2779 in
1500 2728 1724 2781 omnibus
1764 2731 1927 2781 numdi

109 2808 330 2861 ecclesiis
347 2849 361 2872 ‚
402 2809 499 2860 nisi
525 2810 638 2877 quia
665 2811 724 2861 ab
751 2810 1012 2881 Apostolis
1040 2830 1308 2880 eorumque
1333 2812 1584 2881 discipulis
1611 2813 1660 2864 in
1693 2816 1928 2868 ccclesia-

108 2913 215 2945 rum
243 2895 612 2947 constructione
638 2895 1039 2966 praedicantibus
1068 2897 1235 2960 fidem,
1271 2914 1397 2964 quae
1423 2915 1522 2949 una
1549 2907 1656 2949 erat
1683 2917 1788 2950 cum
1815 2901 1926 2974 fide,

107 2998 251 3049 quam
279 2978 463 3032 Petrus
491 2979 683 3033 Romae
719 2982 1125 3052 praedicaverat,
1165 2983 1223 3035 de
1251 2982 1339 3035 hac
1374 2982 1563 3035 unitate
1603 3002 1661 3036 ac
1689 2984 1746 3037 de
1773 2985 1927 3056 ipsius

107 3064 311 3116 unitatis
350 3066 650 3119 necessitate
677 3086 848 3120 omnes
890 3069 1059 3120 moniti
1097 3071 1324 3133 fucrant,
1364 3078 1420 3119 ut
1456 3068 1926 3136 animadverterent,

110 3168 208 3201 non
235 3151 380 3203 aliam
407 3154 619 3204 futuram
645 3153 786 3206 fidem
813 3173 964 3207 verae
993 3153 1182 3208 Christi
1207 3153 1492 3218 Ecclesiae,
1532 3155 1627 3206 nisi
1667 3175 1792 3225 quae
1820 3176 1928 3210 cum

111 3234 252 3287 Petri
283 3236 371 3288 fide
384 3235 627 3290 Romanis
642 3241 823 3292 tradita
837 3240 890 3311 *)
908 3242 1215 3295 conveniret.
1258 3239 1387 3292 Hinc
1414 3241 1605 3310 quidem
1631 3243 1927 3310 profluxisse

224 3395 264 3444 ⁸)
281 3396 399 3435 Hanc
424 3397 593 3436 unitatis
610 3402 653 3438 et
670 3401 920 3441 concordiae
948 3403 987 3442 in
1007 3402 1087 3441 fide
1108 3403 1185 3440 11111
1213 3402 1301 3453 ipse
1319 3402 1561 3444 Quesnellus
1590 3403 1752 3444 detexit
1778 3406 1816 3444 in
1843 3406 1925 3445 lau>

111 3453 219 3493 datis
239 3456 421 3506 Apostoli
441 3457 591 3502 verbis,
609 3458 648 3496 in
667 3470 772 3508 quae
787 3465 1013 3512 propterea
1030 3465 1212 3504 notatum
1232 3460 1360 3500 voluit
1378 3460 1419 3501 111
1436 3462 1521 3501 suis
1538 3462 1592 3502 ad
1601 3463 1764 3504 Novum
1781 3465 1925 3504 Testa-

112 3516 285 3554 mentum
304 3515 683 3557 observationibus:
707 3517 830 3560 Fides
846 3521 1043 3562 ecclesiae
1059 3521 1276 3561 Romanae
1287 3517 1373 3567 jam
1391 3520 1491 3562 inde
1507 3522 1558 3563 ab
1576 3522 1700 3566 initio
1714 3522 1928 3566 Ecclesiae
