2320 3990
683 223 1331 282 --109-—--

97 397 416 457 dominam,
453 413 591 464 quae
614 413 731 448 cum
757 397 865 448 illis
893 396 1131 447 ecclesiis
1156 393 1462 447 matricibus
1489 397 1541 444 et
1564 393 1914 462 oriqinalibus

90 484 198 553 fide
221 484 522 551 conspiret,
546 485 761 535 veritati
785 483 1175 550 deputandam,
1211 481 1272 531 id
1306 481 1419 532 sine
1455 477 1615 530 dubio
1640 485 1914 543 tenentem,

95 570 241 637 quod
263 569 519 621 ecclesiae
546 569 612 620 ab
641 565 944 637 Apostolis‚
983 565 1235 634 Apostoli
1258 583 1294 616 a
1326 564 1568 625 Christo,
1614 564 1916 625 Christus-a

98 654 213 705 Deo
241 657 492 722 suscepit:
533 656 798 724 reliquam
833 671 958 705 vero
985 669 1189 703 omnem
1215 651 1518 702 doctrinam
1544 652 1620 713 de'
1636 646 1914 706 mendacio

90 741 586 811 praejudicandam.
669 736 740 790 Et
786 738 948 791 infra=
1006 737 1461 789 Communicamus
1511 754 1630 788 cum
1677 741 1915 810 ecclesiis

98 824 418 894 Apostolicis
445 827 592 894 quod
613 826 763 877 nulla
789 826 1035 877 doctrina
1061 824 1274 874 diversa
1290 842 1304 871 .-
1335 821 1437 873 Ιιοε
1463 828 1543 873 est
1565 820 1914 886 testimonium

98 914 347 963 veritatis.
400 907 545 976 Quod
582 910 626 962 si
660 927 767 969 cum
803 909 896 962 fide
931 907 1255 961 ecclesiarum
1282 906 1692 977 Apostolicarum
1718 905 1915 977 conspi-

97 1015 209 1049 rare
245 996 462 1049 omnium
496 994 850 1048 catholicorum
900 994 1020 1046 fides
1057 993 1229 1058 debet,
1278 1001 1335 1044 ut
1369 992 1668 1063 Apostolica
1707 1001 1757 1045 et
1792 1011 1915 1046 vera

94 1100 206 1134 esse
239 1082 504 1151 probetur,
553 1081 823 1133 convenire
862 1079 1156 1151 praesertim
1193 1079 1337 1132 debet
1375 1097 1483 1131 cum
1519 1077 1612 1129 fide
1650 1075 1916 1130 Romanae

92 1166 361 1231 ecclesiae,
398 1184 525 1236 quae
561 1165 694 1218 inter
729 1165 1052 1238 Apostolicas
1088 1165 1251 1236 prima
1289 1173 1396 1230 est,
1443 1173 1494 1216 et
1525 1162 1768 1234 primatus
1799 1166 1915 1234 jure

92 1251 412 1305 conveniendi
447 1253 800 1306 necessitatem
836 1251 1064 1305 omnibus
1100 1251 1315 1320 undique
1351 1249 1574 1302 fidelibus
1613 1269 1672 1302 ac
1706 1250 1914 1321 proinde

93 1337 211 1406 ipsis
239 1338 384 1389 etiam
412 1338 720 1409 Apostolicis
761 1338 993 1410 imposuit
1029 1337 1255 1390 ecclesiis
1293 1345 1348 1387 ut
1387 1354 1457 1388 ex
1482 1335 1690 1388 Irenaeo
1725 1336 1914 1389 audivi-

95 1440 218 1474 mus.
271 1421 532 1475 Romanae
569 1425 762 1492 quidem
800 1423 1041 1475 ecclesiae
1069 1425 1438 1475 auctoritatem
1461 1421 1720 1474 Africanis
1757 1422 1913 1474 fuisse

95 1508 365 1560 maximam
390 1508 516 1560 idem
531 1507 876 1561 Tertullianus
903 1509 1074 1562 eodem
1099 1508 1152 1560 in
1178 1526 1328 1579 opere
1355 1507 1539 1560 diserte
1563 1507 1776 1578 prodidit
1803 1527 1910 1580 cap.

93 1594 179 1647 36.
202 1594 284 1645 ubi
297 1593 511 1646 Romam
531 1595 773 1659 nominat,
799 1597 940 1648 unde
964 1596 1115 1647 nobis
1142 1614 1347 1664 quoque
1374 1598 1668 1647 auctoritas
1687 1603 1910 1663 praesto

94 1686 186 1731 cst.
239 1677 308 1729 Et
332 1678 384 1730 in
411 1679 652 1732 unitatem
678 1682 901 1751 profecto
928 1680 1041 1731 fidei
1067 1681 1126 1732 de
1153 1699 1249 1748 qua
1274 1690 1408 1732 totus
1443 1680 1625 1731 ibidem
1662 1681 1722 1731 ab
1751 1699 1808 1732 eo
1835 1681 1913 1733 in·

92 1763 310 1816 stituitur
348 1782 540 1829 sermo,
581 1766 708 1818 hanc
745 1764 1091 1818 auctoritatem
1132 1766 1259 1836 apud
1293 1765 1567 1818 Africanos
1613 1765 1912 1829 obtinuisse,

92 1851 215 1902 satis
240 1851 508 1903 ostendunt
532 1851 645 1917 illa,
686 1852 861 1922 quibus
900 1851 1101 1902 laudata
1125 1850 1390 1903 Romanae
1417 1850 1660 1904 ecclesiae
1685 1851 1913 1905 doctrina

83 1936 200 2005 xlidei
235 1937 356 1990 haec
391 1937 610 2007 subjicit:
679 1938 984 1998 Videamus,
1031 1940 1163 2006 quid
1202 1941 1431 1998 dixerit,
1482 1942 1614 2007 quid
1646 1941 1913 2000 docuerit,

92 2025 222 2092 quid
253 2043 368 2075 cum
406 2022 682 2091 Africanis
721 2026 955 2076 ecclesiis
991 2027 1392 2077 contesserarit.-
1447 2024 1575 2092 quod
1608 2035 1911 2095 postremum

93 2109 294 2159 verbum
329 2118 573 2161 tesseram
616 2109 750 2161 illam
789 2109 1062 2162 catholicae
1111 2109 1469 2162 communionis
1507 2110 1718 2175 indicat,
1763 2131 1911 2180 quam

94 2192 236 2244 unius
273 2201 323 2244 et
358 2194 574 2263 ejusdem
610 2193 722 2247 fidei
759 2194 1096 2246 testimonium
1124 2194 1460 2247 affirmaverat
1497 2213 1603 2265 cap.
1633 2195 1720 2248 c20.
1781 2197 1911 2248 Con-

93 2282 367 2330 tcsseratio
394 2278 526 2330 enim
551 2281 933 2348 hospitalitatis
969 2298 1094 2349 quae
1129 2281 1222 2333 hoc
1261 2281 1420 2352 capite
1445 2280 1688 2351 vigesimo
1725 2300 1911 2335 memo-

94 2373 259 2427 ratur,
288 2365 503 2416 refertur
529 2365 590 2416 ad
614 2375 886 2430 tesseram,
914 2384 1004 2418 seu
1029 2366 1244 2419 libellum
1269 2367 1408 2432 fidei,
1445 2385 1588 2437 quem
1616 2367 1676 2418 ab
1705 2368 1910 2439 hospiti-

92 2449 180 2500 bus
217 2448 447 2501 Romana
485 2450 696 2503 ecclesia
731 2452 996 2522 exigebat,
1033 2461 1087 2504 ut
1124 2452 1236 2504 illos
1273 2463 1387 2524 post
1427 2453 1574 2505 unius
1610 2462 1660 2504 et
1695 2454 1909 2523 ejusdem

93 2535 200 2586 fidei
234 2535 595 2605 professionem
629 2537 683 2589 in
718 2536 775 2590 S.
812 2536 958 2591 Petri
999 2538 1391 2592 communionem
1439 2538 1714 2609 reciperet3
1765 2558 1910 2608 quam

93 2621 496 2673 cousuetudinem
529 2622 765 2691 colligere
805 2623 923 2676 licet
959 2642 1028 2676 ex
1055 2621 1281 2676 Concilio
1308 2635 1485 2679 octavo
1513 2634 1610 2677 act.
1638 2625 1689 2676 4.
1718 2624 1769 2676 in
1795 2626 1908 2689 fine,

95 2705 174 2755 ubi
199 2705 320 2757 haec
346 2705 618 2758 habentur:
658 2710 778 2760 Mos
820 2717 899 2760 est
931 2713 986 2760 in
1017 2710 1262 2762 Romana
1298 2713 1523 2763 ecclesia
1562 2712 1626 2762 ab
1656 2715 1797 2762 omni
1822 2713 1909 2762 leo-

94 2793 228 2841 mine
255 2791 462 2859 hospite
495 2794 731 2844 libellum
761 2796 894 2860 fidei
930 2797 1209 2861 exiqendi,
1244 2802 1295 2844 et
1330 2798 1405 2845 ita
1424 2799 1667 2861 permitti
1691 2798 1830 2847 hunc
1857 2801 1908 2848 in

100 2876 156 2925 S.
188 2876 409 2927 Petrum
441 2879 663 2928 intrare.
715 2874 847 2929 ldem
886 2896 1007 2948 ergo
1048 2878 1175 2948 apud
1211 2876 1578 2930 Tertullianum
1615 2889 1692 2932 est
1730 2884 1908 2934 videre

93 2963 224 3028 quid
258 2959 489 3013 Romana
527 2961 737 3014 ecclesia
775 2982 891 3015 cum
917 2962 1194 3032 Africanis
1222 2964 1478 3016 Ecclesiis
1515 2972 1909 3030 contesserarit,

92 3063 149 3098 ac
174 3045 371 3111 videre,
409 3065 524 3099 num
551 3047 941 3101 communionem
977 3049 1037 3100 ob
1075 3049 1168 3101 fide
1203 3048 1445 3101 unitatem
1471 3050 1656 3108 eisdem
1683 3054 1908 3106 ecclesiis

94 3132 418 3197 concesserit,
444 3151 544 3185 non
570 3133 714 3187 aliter
740 3135 1060 3206 sperandam,
1087 3135 1184 3188 nisi
1210 3135 1457 3200 credatur,
1485 3141 1616 3206 quid
1637 3137 1723 3190 illa
1750 3140 1908 3192 eccle-

93 3215 169 3268 sia
194 3219 426 3278 dixerit,
459 3222 647 3287 quidve
673 3223 940 3274 docuerit:
980 3221 1109 3274 unde
1135 3230 1269 3273 totus
1297 3221 1375 3274 hic
1403 3220 1706 3276 Tertulliani
1731 3234 1905 3278 textus

92 3302 306 3355 refertur
332 3302 394 3354 ad
417 3303 656 3357 unitatem
681 3306 801 3358 fidei.
816 3317 964 3377 atque
990 3307 1262 3360 doctrinae.

231 3387 284 3441 8.
323 3386 565 3459 Specialis
591 3406 713 3443 sane
739 3393 955 3461 ejusdem
983 3391 1242 3446 Romanae
1270 3394 1510 3448 ecclesiae
1546 3397 1822 3450 auctoritas
1850 3399 1900 3449 in

94 3469 182 3522 hac
214 3472 432 3538 unitate,
482 3493 570 3528 seu
604 3483 1049 3532 contesseratione
1083 3482 1216 3548 fidei
1257 3479 1316 3530 ab
1353 3480 1610 3534 Africanis
1650 3483 1901 3552 exigenda
