2314 3984
750 249 1130 308 -287
1223 282 1393 292 -—-

162 420 304 472 fidem
329 417 463 487 loqui
484 435 545 471 ac
570 418 772 472 delinire
809 419 1010 472 deberet
1044 417 1122 490 (id
1159 416 1397 488 siquidem
1432 424 1569 470 essct
1601 415 1779 469 deesse
1808 416 1970 468 officio

164 503 399 567 docendi,
436 519 535 556 non
571 513 736 557 autem
774 504 1035 566 errarein
1061 505 1211 574 fide),
1249 503 1579 557 sed'doeendo
1615 518 1674 554 ac
1697 498 1970 554 deliniendo

163 589 344 659 aliquid
369 590 673 643 contrarium
700 591 839 658 fidei,
878 591 956 644 hic
987 607 1132 644 error
1168 590 1220 642 in
1252 588 1340 642 illa
1375 588 1506 642 serie
1540 588 1654 642 licet
1678 588 1848 653 unius,
1888 597 1968 639 aut

166 676 369 729 alterius
393 673 656 730 Pontificis
671 717 685 741 ,
716 678 988 743 sufficeret,
1014 694 1078 730 ne
1104 674 1334 728 Romana
1358 675 1479 728 fides
1502 675 1555 727 in
1581 693 1639 728 ea
1666 675 1797 728 serie
1823 684 1971 745 atque

162 763 477 816 successione
514 763 607 816 dici
643 774 813 835 posset
850 763 1146 816 intemerata
1181 771 1227 814 et
1266 762 1494 827 immota,
1540 778 1801 830 numquam
1840 760 1973 812 defe-

163 849 317 915 cisse,
346 867 608 919 numquam
634 859 812 902 contra
836 866 945 902 eam
971 848 1308 921 praevaluisse
1333 847 1479 899 inferi
1505 856 1705 919 portas:
1743 863 1869 916 quae
1894 855 1972 897 ta-

163 954 273 988 men
309 936 474 988 omnia
511 937 570 988 dc
610 936 778 988 eadem
810 935 903 987 fide
938 952 1006 988 ex
1034 931 1225 990 Christi
1261 931 1520 1005 promissis
1554 933 1757 985 traditio
1791 932 1969 985 docuit.

163 1019 288 1074 Cum
327 1020 384 1074 S.
412 1021 724 1092 Augustinus
756 1019 1038 1073 Donatistis
1076 1019 1256 1072 seriem
1295 1017 1638 1071 Romanorlmi
1675 1016 1971 1071 Pontificum

164 1107 473 1178 opposuisset
496 1115 745 1176 tamquam
767 1106 906 1158 illam
929 1105 1310 1159 indefectibilem
1336 1114 1386 1157 et
1410 1104 1757 1157 inconcussam
1781 1115 1972 1176 petram

162 1191 332 1264 (Psal.
361 1203 522 1246 contr.
549 1202 679 1264 part.
706 1191 952 1263 Donat.),
989 1212 1144 1263 quam
1179 1211 1286 1244 uon
1311 1195 1526 1244 vincunt
1547 1192 1806 1260 superbae
1844 1195 1973 1259 infe-

162 1298 342 1330 rorum
373 1287 568 1347 portae
581 1299 598 1341 ,·
646 1279 895 1344 scribenS,
944 1281 1005 1331 In
1039 1281 1140 1332 Izoc
1177 1281 1367 1330 ordine
1404 1281 1751 1330 successionis
1796 1280 1970 1329 nullus

170 1366 451 1417 Donatista
491 1367 787 1434 Episcopus
826 1369 1114 1425 invenitur,
1149 1365 1272 1416 satis
1307 1365 1529 1435 profecto
1557 1365 1768 1415 filturum
1796 1363 1974 1415 existi-

165 1450 316 1502 mavit
352 1450 413 1501 ad
449 1467 557 1502 eam
594 1451 772 1504 seriem
808 1451 1100 1515 vitiandam,
1146 1450 1190 1503 si
1224 1450 1306 1503 vel
1339 1467 1466 1502 unus
1503 1451 1606 1521 ejus
1643 1448 1974 1502 successionis

168 1535 406 1587 Pontifex
431 1535 482 1587 in
507 1535 880 1590 Donatistarum
909 1555 1131 1590 errorem
1165 1536 1437 1590 incidisset.
1489 1535 1628 1589 Haec
1654 1536 1712 1588 de
1740 1537 1974 1589 adversa—

164 1621 221 1672 rii
251 1621 536 1690 ceteroquin
560 1623 978 1694 praestantissimi
1003 1624 1375 1676 incohaerentia
1400 1634 1450 1676 et
1477 1622 1866 1677 contradictione
1893 1641 1974 1674 sa—

163 1707 254 1758 tis:
292 1724 436 1775 quam
474 1707 762 1778 quicumque
784 1710 1034 1763 vitandam
1062 1710 1397 1775 existimabit,
1434 1710 1644 1780 primum
1670 1710 1812 1773 illud,
1848 1710 1972 1778 quod

162 1794 221 1845 de
248 1791 507 1845 Romanae
532 1794 663 1846 sedis
688 1795 891 1847 immota
930 1805 979 1848 et
1003 1790 1321 1849 indefectibili
1360 1796 1452 1848 fide
1478 1813 1547 1848 ex
1572 1796 1839 1847 traditione
1866 1813 1973 1847 ccr-

164 1889 262 1929 tum
287 1878 480 1949 posuit,
514 1879 846 1951 recipiendum
884 1892 1153 1951 agnoscet3
1194 1883 1321 1951 quod
1346 1901 1496 1954 porro
1523 1884 1582 1935 de
1609 1881 1776 1935 eadem
1805 1881 1896 1933 fide
1922 1881 1971 1932 in

165 1964 410 2016 nonnullis
436 1966 649 2035 ejusdem
674 1965 823 2019 seriei
842 1965 1166 2021 Pontificibus
1192 1980 1398 2022 nutante
1424 1988 1481 2023 ac
1507 1969 1762 2022 deficiente
1789 1986 1857 2020 cx
1885 1987 1972 2020 suo

165 2051 488 2120 praejudicio,
523 2069 615 2104 nec
641 2070 746 2104 cum
774 2053 1041 2106 traditione
1067 2056 1339 2109 cohaerens
1366 2057 1602 2127 subjecit,
1637 2055 1970 2125 rejiciendum.

310 2137 394 2189 19.
432 2137 551 2189 Alia
574 2156 695 2191 vero
724 2157 823 2190 non
849 2140 1026 2192 desunt
1063 2142 1122 2193 ad
1149 2143 1240 2195 hoc
1267 2143 1497 2213 effugium
1534 2139 1848 2195 refellendum
1888 2161 1973 2213 op-

167 2233 393 2293 portuna.
445 2222 502 2276 Si
528 2223 758 2275 nimirum
786 2225 961 2295 aliquis
987 2226 1039 2278 in
1065 2244 1126 2280 ea
1153 2229 1468 2282 successione
1495 2247 1666 2282 errare
1694 2237 1862 2299 posset
1889 2228 1974 2279 do—

164 2310 316 2361 cendo
355 2310 526 2373 fidem,
563 2310 742 2362 nullius
779 2309 1039 2365 Pontificis
1077 2323 1214 2366 certa
1250 2325 1385 2368 esset
1422 2316 1667 2379 definitio,
1712 2324 1973 2384 antequam

165 2394 256 2464 (ut
294 2395 565 2448 adversarii
597 2397 816 2468 vellent)
855 2396 1112 2452 Ecclesiae
1158 2419 1430 2455 consensus
1470 2404 1754 2467 accederet,
1806 2402 1972 2471 sicque

164 2481 342 2532 nullius
368 2478 627 2535 Pontificis
653 2483 961 2537 definitiones
999 2504 1088 2556 per
1114 2505 1169 2539 se
1194 2498 1432 2558 cogerent
1470 2490 1530 2542 ad
1557 2506 1814 2541 assensum
1830 2528 1843 2552 ,
1882 2506 1971 2540 nec.

162 2567 212 2618 in
238 2567 450 2637 primatu
475 2569 741 2621 remedium
765 2570 990 2623 idoneum
1015 2572 1191 2625 fuisset
1217 2592 1246 2626 a
1269 2571 1471 2627 Christo
1498 2575 1776 2627 institutum
1806 2575 1864 2625 ad
1892 2592 1972 2625 so—

162 2651 338 2720 pienda
364 2654 597 2705 scandala
631 2665 806 2707 contra
839 2657 1012 2721 fidem,
1050 2668 1100 2710 et
1139 2660 1199 2710 ad
1237 2662 1628 2714 conservandam
1665 2661 1715 2712 in
1741 2659 1970 2712 Ecclesia

165 2735 275 2787 lidei
298 2736 566 2788 unitatemz
601 2739 728 2807 quod
754 2758 822 2792 ex
849 2742 1130 2795 constitutis
1157 2745 1508 2815 concessisque
1533 2747 1786 2818 principiis
1813 2765 1971 2817 neque

166 2822 226 2872 ab
271 2821 569 2874 adversariis
612 2834 776 2894 potest
818 2827 1024 2879 admitti.
1101 2826 1254 2882 Certe
1294 2830 1536 2900 primatus
1582 2833 1790 2903 singulis
1827 2832 1969 2886 Petri

167 2908 532 2960 successoribus
560 2910 730 2962 eadem
756 2911 951 2966 ratione
977 2917 1241 2987 competit,
1280 2934 1375 2985 qua
1416 2917 1468 2968 in
1495 2916 1651 2971 Petro
1680 2916 1870 2972 Christi
1896 2919 1972 2972 in-

166 2993 419 3046 stitutione
469 2994 557 3045 fuit
607 2997 921 3051 constitutus.
998 2999 1316 3072 Singulorum
1360 3002 1526 3072 itaque
1577 3005 1799 3058 doctrina
1844 3006 1969 3069 fidei,

166 3097 309 3146 quam
337 3080 396 3131 ad
421 3080 764 3134 continendam
801 3083 910 3137 fidei
948 3087 1187 3140 unitatem
1226 3107 1294 3141 cx
1332 3090 1492 3142 officio
1530 3091 1769 3162 primatus
1794 3090 1971 3147 Eccle-

165 3163 270 3215 siae
303 3178 608 3236 proponunt,
653 3179 729 3222 est
762 3170 846 3223 illa
873 3179 1065 3239 petru,
1110 3175 1187 3227 cui
1224 3184 1474 3243 tamquam
1513 3178 1827 3231 fundamento
1864 3190 1971 3234 tota

165 3247 393 3302 Ecclesia
416 3251 556 3304 debet
582 3254 851 3310 adhaerere
876 3267 926 3310 et
950 3258 1235 3313 incumbere
1259 3261 1388 3312 bono
1414 3262 1622 3315 unitatis
1638 3302 1651 3328 ,
1687 3274 1742 3317 ut
1768 3284 1836 3318 ex
1862 3277 1968 3320 tra-

164 3335 347 3388 ditione
382 3338 710 3407 probavimuS.
772 3339 956 3396 Nonne
991 3364 1212 3416 semper,
1259 3355 1313 3397 ut
1351 3347 1539 3400 monuit
1573 3347 1630 3402 S.
1666 3349 1709 3402 F
1714 3352 1966 3407 ranciscus

163 3418 415 3486 SalesiuS,
456 3424 546 3476 hoc
582 3425 896 3481 confirmandi
931 3431 1090 3483 officio
1117 3430 1347 3485 Ecclesia
1386 3433 1600 3504 indiget,
1639 3455 1746 3490 cum
1774 3457 1968 3511 semper

163 3515 305 3559 satan
333 3527 437 3561 cam
466 3509 702 3562 unitatem
727 3512 1003 3568 discindere
1030 3527 1078 3567 ct
1104 3519 1286 3570 fratres
1308 3519 1528 3574 cribrare
1553 3523 1775 3576 nitatur?
1802 3524 1858 3577 Si
1882 3544 1968 3578 au-
