2320 3990
928 217 1590 279 ——126-——-—

334 393 427 439 tat.
455 385 487 437 l.
517 385 571 438 2.
598 402 642 437 c.
671 383 754 454 4).
835 385 950 436 Sed
973 392 1026 437 et
1050 385 1250 439 habere
1283 392 1460 442 vatin
1480 393 1615 446 urbe
1645 392 1823 446 Roma
1852 399 2073 461 partem
2099 397 2194 448 ali-

334 492 492 544 quam
513 473 706 527 dicitis.
771 467 1128 543 Intelligebant
1163 481 1332 527 autem
1358 471 1688 532 Donatistam
1727 497 1818 532 seu
1853 476 2194 553 Pseudoepis—

333 578 538 631 copam,
556 576 702 629 quem
729 555 948 611 Romam
988 577 1049 613 eo
1089 561 1301 616 consilio
1329 561 1700 631 submiserant,
1734 576 1792 621 ut
1818 585 1929 621 cum
1958 566 2192 622 Romano

332 645 580 700 Pontifice
606 645 975 701 communicare
996 649 1358 718 crederentur3
1398 650 1530 704 unde
1569 648 1785 724 Optatus
1823 654 2194 729 Episcoporum

331 733 492 805 partis
517 731 728 801 Donati,
756 735 840 805 qui
866 734 1064 790 Romae
1090 737 1260 792 sedem
1286 737 1525 805 habuere,
1553 739 1840 811 catalogum
1867 743 2083 816 subjicit.
2137 743 2194 797 In

332 840 460 892 quae
487 821 832 895 Albaspineus
867 832 1013 878 notat
1050 823 1190 897 (not.
1219 825 1374 899 42.)=
1424 828 1588 888 Quod
1625 830 1828 882 scirent
1865 831 2197 885 Donatistae

332 913 446 963 sine
476 911 763 982 Pontificis
793 911 1033 966 Romani
1068 917 1440 978 communione
1468 916 1774 970 Ecclesiam
1809 936 1865 971 se
1903 919 2121 982 habere,
2148 928 2199 973 et

331 1001 385 1049 in
414 1017 478 1051 ea
505 1018 620 1052 esse
643 1018 754 1053 non
774 1018 970 1070 posse,
1009 1009 1170 1073 atque
1211 1003 1276 1056 ab
1306 1007 1420 1075 ejus
1456 1007 1824 1058 communione
1850 1013 1911 1060 ut
1934 1008 2200 1061 haeretici

331 1091 577 1157 separati
613 1096 817 1152 essent3
857 1091 980 1143 ideo
1008 1092 1345 1162 Episcopum
1384 1110 1456 1145 esc
1495 1095 1605 1147 suis
1636 1093 1866 1146 Romam
1904 1096 2198 1157 mittebant,

332 1182 389 1228 ut
405 1183 636 1245 possent
658 1179 870 1240 dicere,
909 1199 966 1233 se
995 1180 1203 1250 Romae
1233 1181 1433 1234 habere
1460 1181 1812 1250 Episcopum,
1841 1189 1894 1234 et
1916 1201 2035 1235 cum
2063 1183 2198 1252 ani-
2268 1174 2281 1179 ”

331 1282 497 1333 scopo
527 1265 777 1319 Romano
804 1286 861 1320 se
887 1271 1311 1321 communionem
1352 1269 1565 1322 habere.
1629 1269 1753 1322 Hoc
1783 1276 1944 1338 patet
1980 1289 2052 1321 ex
2091 1271 2195 1322 hoc

332 1353 452 1403 loco
481 1349 722 1423 (optati)
759 1361 812 1405 et
846 1373 918 1406 ex
951 1357 1246 1408 collatione
1291 1356 1666 1424 CarthaginiS,
1714 1359 1770 1408 in
1805 1375 1913 1425 qua
1947 1357 2199 1410 volebant

335 1439 870 1509 Pseudoepiscopum
897 1460 1047 1494 suum
1078 1442 1385 1495 Romanum
1410 1443 1682 1494 interesse.
1723 1438 1974 1496 Catholici
2001 1443 2195 1514 quidem

332 1537 671 1599 reposuerunt
710 1526 800 1581 hos
837 1525 1120 1601 Episcopos
1160 1529 1289 1583 clam
1330 1538 1382 1583 et
1422 1528 1620 1582 aliimde
1659 1528 1987 1584 subinductos
2026 1541 2078 1585 et
2119 1532 2198 1584 in-

334 1624 504 1669 trusos
546 1615 794 1682 Romam,
837 1626 889 1670 et
927 1616 980 1670 in
1022 1616 1297 1690 campestri
1334 1617 1415 1672 vel
1455 1610 1698 1670 mo⁸ntano
1738 1617 1849 1671 loco
1886 1619 2081 1673 occulte
2113 1620 2198 1673 de—

330 1713 540 1774 genteS,
579 1704 633 1757 in
679 1703 826 1758 Petri
869 1704 1108 1759 cathedra
1144 1723 1411 1776 numquam
1454 1704 1665 1758 sedisse.
1728 1704 1803 1757 At
1827 1705 1949 1757 nihil
1973 1705 2195 1778 impedit,

332 1790 451 1861 quin
491 1790 568 1844 hic
606 1791 715 1863 ipse
756 1790 1150 1845 Donatistarum
1189 1791 1331 1845 nisus
1370 1792 1772 1846 communionem
1812 1811 1922 1846 cum
1958 1792 2195 1847 Romano

330 1877 581 1933 Pontifice
607 1880 951 1934 necessariam
979 1882 1308 1953 praeferens,
1332 1880 1654 1945 traditionis,
1684 1899 1830 1951 quam
1858 1899 1990 1935 nunc
2018 1882 2196 1936 statui-

331 1986 459 2034 mus,
488 1968 615 2022 satis
642 1969 876 2023 idoneum
903 1969 1251 2023 testimonium
1279 1968 1582 2040 suppeditet.

477 2057 564 2110 22.
635 2055 903 2129 Frequens
957 2057 1396 2111 schismaticorum
1448 2066 1499 2109 et
1543 2056 1914 2109 haereticorum
1967 2067 2194 2111 veterum

330 2162 438 2197 mos
464 2145 585 2210 fuit,
614 2164 746 2198 nunc
774 2144 1060 2198 Romanum
1088 2144 1391 2199 Pontificem
1429 2162 1598 2198 secum
1634 2143 2088 2198 communicantem
2116 2163 2197 2199 se-

332 2250 542 2303 cumque
582 2231 889 2286 sentientem
927 2234 1157 2305 jactare,
1195 2252 1329 2287 nunc
1366 2234 1473 2305 ejus
1510 2230 1910 2287 communionem
1950 2233 2196 2306 approba-

326 2320 617 2391 tionemque
645 2339 855 2374 suorum
883 2322 1172 2394 dogmatmn
1200 2322 1373 2375 dolose
1399 2339 1698 2394 procurare,
1725 2338 1858 2373 nunc
1886 2339 2082 2387 creare,
2111 2331 2197 2374 aut

331 2407 549 2464 Romam
577 2410 876 2465 submittere
904 2411 1148 2482 aliquem,
1184 2409 1267 2481 qui
1296 2429 1351 2464 se
1376 2419 1635 2480 tamquam
1664 2407 1953 2461 Romanmn
1981 2407 2198 2462 Pontifi-

329 2515 437 2550 cem
477 2507 711 2568 gereret,
760 2509 817 2551 ut
853 2499 949 2570 ipsi
984 2499 1172 2553 exinde
1209 2498 1508 2552 viderentur
1553 2495 1816 2560 catholici,
1863 2505 1914 2547 et
1951 2496 2197 2551 catholica

330 2584 606 2638 haberetur
641 2603 815 2638 eorum
854 2586 1101 2639 doctrina.
1166 2584 1220 2637 Id
1258 2603 1362 2638 non
1401 2583 1596 2637 aliunde
1635 2582 1781 2635 duxit
1819 2581 2070 2654 originem
2095 2583 2197 2635 nisi

332 2690 402 2726 ex
430 2691 490 2725 eo
517 2672 649 2743 quod
676 2682 919 2726 constans
947 2682 998 2727 et
1025 2683 1200 2726 notum
1227 2671 1458 2726 omnibus
1487 2670 1746 2725 catholicis
1768 2679 1924 2735 esset,
1953 2670 2197 2723 schisma-

330 2761 500 2827 ticum,
527 2762 611 2815 vel
638 2760 948 2815 haereticum
977 2780 1092 2815 esse
1119 2780 1252 2827 eum,
1281 2760 1367 2831 qui
1393 2758 1762 2814 communionis
1803 2777 1862 2811 ac
1888 2757 2002 2812 fidei
2026 2758 2197 2811 unita-

331 2858 433 2902 tem
460 2868 571 2903 cum
598 2848 833 2902 Romano
861 2848 1112 2904 Pontifice
1140 2867 1459 2920 nequaquam
1486 2849 1730 2921 praefert.
1797 2845 1875 2899 Ita
1908 2865 2012 2899 nou
2039 2863 2197 2917 pauca

332 2947 562 2991 veterum
591 2937 1028 2991 schismaticorum
1068 2947 1120 2991 et
1157 2937 1531 2991 haereticorum
1556 2937 1719 3001 facta,
1755 2952 1886 3004 quae
1925 2952 1992 2987 ex
2033 2933 2196 2987 sacris

333 3024 618 3079 Annalibus
645 3025 699 3078 in
725 3025 854 3080 hanc
880 3045 989 3080 rem
1015 3026 1248 3097 proferre
1275 3025 1470 3088 liceret,
1498 3022 1707 3074 totidem
1733 3019 2024 3073 traditionis
2051 3019 2198 3073 testi-

336 3114 502 3168 monia
529 3123 649 3167 sunt
667 3154 681 3180 ,
719 3131 790 3166 ex
831 3111 1302 3184 quibusutriusque
1329 3111 1562 3163 laudatae
1597 3107 1811 3161 unitatis
1838 3107 2197 3162 necessitatem

333 3202 456 3274 ipsis
491 3201 714 3274 antiquis
753 3194 1088 3256 schismaticis
1126 3210 1178 3254 et
1217 3196 1489 3253 haereticis
1529 3196 1786 3268 cognitam
1823 3195 1982 3249 fuisse
2021 3196 2199 3268 depre-

332 3290 612 3345 hendimus.
666 3289 757 3344 Ex
795 3288 1132 3345 schismaticis
1154 3285 1382 3341 ‘sufficiet
1415 3285 1641 3338 indicare
1668 3283 1944 3338 Fortunati
1982 3293 2196 3356 partem,

335 3393 466 3449 quae
490 3388 547 3430 ut
575 3397 630 3432 se
657 3378 936 3433 catholicae
969 3374 1335 3432 communionis
1372 3391 1487 3428 esse
1519 3373 1783 3445 probaret,
1815 3371 2032 3426 Romam
2058 3371 2198 3424 misit

333 3464 705 3519 Felicissimum
731 3465 928 3538 (Cypr.
958 3484 1037 3538 ep.
1067 3464 1191 3539 55.)
1228 3466 1304 3518 ad
1330 3464 1489 3517 Petri
1513 3463 1856 3523 cathedram,
1895 3468 1947 3513 et
1984 3462 2061 3512 ad
2097 3460 2197 3512 Ec-

333 3556 553 3609 clesiam
586 3555 985 3625 principalem,
1036 3557 1180 3608 unde
1213 3556 1394 3607 unitas
1441 3551 1802 3604 sacerdotalis
1839 3555 2036 3602 exorta
2090 3554 2197 3607 est,-
