2320 3990
933 196 1108 207 ...-
1199 166 1296 223 36.
1379 200 1550 208 ..-

461 337 512 389 5.
556 336 700 389 Adeo
741 336 803 387 ob
843 334 1088 388 unitatem
1129 337 1532 393 conservandam
1573 338 1650 390 hic
1678 335 1884 391 Primas
1910 336 2175 392 Ecclesiae

314 423 632 498 praepositus
657 421 750 475 fuit
766 461 780 487 ‚
819 431 874 474 ut
900 422 1062 495 ipsum
1088 422 1142 475 in
1169 422 1394 476 eumdem
1420 424 1695 494 praeficere
1734 444 1837 479 non
1865 427 2024 479 solum
2051 425 2174 478 utile

314 513 401 567 sed
427 510 770 566 necessarium
799 510 950 564 etiam
977 510 1198 564 habitum
1225 510 1393 564 fuerit.
1434 507 1575 563 Inter
1600 512 1805 568 errores
1824 513 2039 569 Joannis
2065 511 2175 567 Hus

314 601 578 654 damnatos
604 598 658 651 in
673 596 886 671 Synodo
904 596 1294 653 Constantiensi
1320 598 1403 652 ille
1429 597 1566 651 inter
1592 603 1891 674 praecipuos
1919 611 2173 665 censetur,

315 707 412 758 quo
441 687 585 741 huius
611 685 829 742 visibilis
857 685 1125 742 Ecclesiae
1165 686 1377 759 capitiS,
1423 705 1512 739 seu
1549 685 1780 758 primatis
1818 690 2175 744 necessitatem

317 776 634 830 inficiabatur
663 783 762 827 art.
779 775 867 829 27.
917 776 1042 829 Non
1071 783 1150 829 est
1175 776 1417 829 scintilla
1445 779 1820 845 apparentiae,
1848 781 1994 847 quod
2018 797 2175 847 opor-

315 872 425 918 teat
451 884 564 917 esse
591 881 752 916 unam
779 870 945 932 caput
969 867 1023 915 in
1053 865 1427 934 spiritualibus
1455 883 1645 934 reyens
1677 866 2004 927 Ecclesiam,
2032 867 2179 935 quod

317 972 524 1022 semper
566 970 684 1005 cum
723 953 845 1020 ipsa
870 953 1133 1005 militante
1163 953 1414 1006 Ecclesia
1453 961 1799 1006 conversetur
1828 960 1880 1004 ct
1904 971 2176 1005 conserve-

316 1049 420 1093 tar.
475 1037 776 1092 Necessitas
817 1050 984 1093 autem
1025 1041 1166 1112 hujus
1194 1040 1374 1113 capitis
1422 1059 1524 1093 nou
1553 1040 1750 1094 aliunde
1788 1039 2046 1093 derivatur
2071 1048 2178 1091 tra-

317 1128 505 1181 ditione
533 1126 764 1193 Patrum⁷
794 1147 943 1197 quam
972 1147 1041 1181 ex
1068 1129 1262 1183 unitate
1289 1127 1576 1183 Ecclesiae.
1631 1126 1710 1182 De
1738 1126 1897 1180 Petro
1927 1128 2078 1193 enim⁷
2109 1127 2179 1180 ait

318 1215 582 1269 Romanus
611 1213 960 1289 Catechisnms
989 1216 1081 1288 (ad
1109 1227 1205 1271 art.
1235 1218 1287 1271 9.
1318 1215 1499 1290 Symb.
1530 1216 1764 1284 ἕ.1’2.),
1801 1220 1917 1285 fuit
1945 1219 2045 1269 illa
2074 1235 2178 1268 om.-

316 1308 460 1356 nium
491 1305 720 1356 Patrum
756 1288 992 1356 ratioet
1027 1309 1291 1358 sententia
1319 1308 1685 1366 consentiens,
1725 1305 1828 1357 lioc
1863 1304 2069 1356 visibile
2096 1323 2179 1358 ca-

315 1398 414 1459 put
454 1393 529 1443 ad
571 1394 826 1442 unitatem
863 1392 1145 1443 Ecclesiae
1193 1393 1625 1444 constituendam
1667 1399 1717 1443 et
1756 1392 2181 1443 conservandam

319 1481 677 1531 necessarium
698 1481 891 1546 fuisse.
947 1476 1164 1551 Idipsum
1205 1478 1645 1551 deprehenderunt
1689 1497 1798 1531 cum
1839 1477 2070 1530 omnihus
2099 1497 2182 1531 ca-

321 1566 514 1619 tholicis
542 1565 693 1618 etiam
724 1565 1006 1620 adversarii
1034 1568 1228 1633 nostri,
1271 1566 1356 1637 qui
1384 1566 1507 1619 adeo
1545 1566 1890 1618 necessarium
1917 1564 2183 1620 Ecclesiae

321 1655 472 1706 hocce
501 1663 648 1724 caput
675 1654 893 1724 professi
921 1664 1055 1719 sunt,
1082 1665 1136 1707 ut
1164 1656 1324 1708 eidem
1350 1652 1618 1705 Ecclesiae
1646 1652 1939 1706 neccssaria
1967 1663 2046 1706 est
2073 1654 2183 1705 uni-

323 1751 430 1806 ωε,
471 1759 599 1810 quae
639 1741 698 1792 ab
741 1742 847 1811 ejus
889 1741 1068 1813 capitis
1107 1743 1300 1795 unitate
1340 1739 1565 1793 maxime
1605 1740 1804 1812 pendet.
1857 1739 2091 1794 Nicolius
2131 1741 2182 1793 in

322 1827 645 1900 expositione
672 1825 908 1899 Symboli
947 1839 1045 1882 art.
1075 1830 1126 1884 9.
1159 1850 1201 1884 c.
1234 1832 1284 1884 2.
1341 1829 1573 1881 Necesse
1602 1836 1708 1890 est,
1747 1828 1936 1899 inquit,
1977 1830 2042 1881 ob
2071 1832 2182 1881 uni-

321 1924 480 1969 tatem
509 1917 805 1978 Ecclesiae,
831 1937 938 1969 non
968 1921 1138 1971 solum
1165 1926 1225 1971 ut
1243 1918 1616 1988 particulares
1648 1918 1928 1970 Ecclesiae
1954 1920 2187 1970 ministri

324 2025 430 2058 una
457 2025 573 2058 cum
603 2006 757 2056 laicis
795 2012 846 2057 et
885 2009 1263 2060 ecclesiasticis
1292 2007 1569 2075 Episcopo
1599 2006 1965 2067 adhaereant,
2004 2025 2184 2058 rerum

323 2097 480 2145 etiam
507 2100 565 2144 ut
590 2095 729 2144 inter
758 2093 1066 2163 Episcopos
1085 2099 1299 2164 prim-us
1341 2096 1574 2154 existat,
1621 2096 1715 2162 qui
1754 2095 1994 2146 omnibus
2023 2113 2184 2162 prae-

323 2182 498 2232 sideat
515 2182 933 2251 prospiciatque
969 2185 1240 2244 omnibus,
1269 2200 1631 2252 quaecumque
1660 2183 1735 2233 acl
1759 2184 2182 2234 conservandam

324 2272 579 2320 unitatem
604 2271 916 2320 necessaria
942 2278 1081 2322 sunt.
1132 2269 1414 2323 Bossuetus
1454 2267 1507 2320 in
1534 2266 1846 2322 Defensione
1886 2257 2207 2322 declaratio--

324 2356 404 2407 nis
445 2353 584 2409 Cleri
613 2354 865 2407 Gallicani
894 2355 1183 2411 Romanam
1210 2356 1503 2411 cathedram
1544 2354 1659 2427 (lib.
1693 2355 1780 2409 10.
1811 2357 1876 2409 al.
1910 2356 1995 2409 15.
2027 2375 2069 2408 c.
2100 2356 2182 2428 5.)

320 2463 426 2511 pro
455 2447 539 2495 sui
568 2444 853 2512 Pontificis
893 2447 1156 2515 cliynitate
1196 2446 1466 2497 aniemlae
1507 2445 1788 2496 Ecclesiae
1825 2447 2185 2497 necessariam

326 2529 564 2582 declarat.
618 2527 972 2601 Maimburgus
998 2532 1051 2585 in
1077 2542 1301 2585 tractatu
1328 2531 1570 2584 historico
1599 2531 1658 2584 de
1687 2528 1923 2584 Ecclesia
1949 2530 2186 2584 Romana

327 2636 370 2668 c.
394 2615 446 2668 4.
476 2616 833 2670 necessitatem
860 2618 1004 2690 hujus
1031 2619 1211 2691 capitis
1241 2619 1301 2672 ad
1328 2618 1623 2671 catholicam
1653 2618 1895 2672 unitatem
1923 2619 2186 2691 perspicue

329 2703 530 2770 statuit3
585 2713 635 2757 et
673 2722 776 2758 non
826 2706 1124 2760 absimiliter
1175 2707 1260 2759 alii
1299 2706 1583 2760 earumdem
1623 2706 1840 2778 partium
1876 2705 2186 2779 Scriptores,

329 2791 456 2863 apud
495 2809 620 2861 quos
655 2792 894 2861 frequens
933 2804 1012 2847 est
1053 2813 1111 2847 ac
1149 2803 1354 2865 recepta
1392 2794 1640 2860 asserti0‚
1692 2794 1979 2848 Romanam
2020 2794 2186 2847 sedem

330 2897 444 2932 esse
471 2886 712 2931 centrum
737 2885 1101 2934 necessariam
1128 2885 1349 2935 unitatis
1379 2883 1700 2935 catholicae.

476 2967 528 3019 6.
570 2963 731 3033 Quid,
771 2969 900 3038 quod
925 2969 1154 3021 nonnulli
1181 2968 1333 3021 etiam
1360 2985 1430 3020 ex
1457 2968 1750 3020 acatholicis
1789 2967 2000 3038 idipsum
2039 2968 2188 3021 fateri

332 3054 495 3107 coacti
523 3056 673 3106 sunt?
725 3055 876 3129 Hngo
905 3055 1117 3110 Grotius
1155 3054 1208 3106 in
1250 3053 1384 3106 Volo
1403 3073 1515 3124 pro
1535 3075 1680 3124 pace
1709 3057 2099 3108 Ecclesiastica
2127 3056 2186 3108 ad

334 3151 431 3193 art.
457 3142 506 3196 7.
537 3142 660 3195 haec
688 3143 854 3198 habet.
909 3146 1062 3198 Ordo
1089 3146 1197 3196 sive
1224 3145 1280 3193 in
1300 3143 1571 3210 partibus,
1598 3146 1706 3196 sive
1734 3147 1788 3195 in
1816 3151 1927 3195 toto
1955 3147 2188 3196 continc-

334 3237 420 3281 tur
448 3233 501 3281 in
523 3234 842 3300 principatu
870 3235 1133 3303 quodam,
1171 3233 1280 3283 sive
1308 3232 1363 3281 in
1384 3234 1697 3299 praepositi
1734 3235 1966 3284 unitate.-
2008 3238 2060 3283 et
2085 3231 2188 3283 lzoc

335 3324 415 3369 est
453 3320 600 3387 quod
636 3322 689 3370 in
732 3322 902 3374 Petro
951 3322 1198 3375 Christus
1234 3337 1333 3370 nos
1373 3319 1574 3371 docuit.
1640 3316 1710 3370 Et
1750 3319 2004 3389 aliquanto
2043 3327 2187 3389 post:

340 3405 448 3456 Hic
475 3407 612 3457 ordo
640 3425 848 3475 semper
876 3411 931 3460 in
961 3410 1211 3463 Ecclesia
1236 3425 1454 3458 manere
1482 3408 1662 3460 debet:
1694 3411 1821 3478 quia
1847 3422 2057 3475 semper
2084 3425 2187 3458 ma-

336 3500 428 3546 net
476 3512 670 3555 causa,
722 3496 862 3547 idest
902 3499 1208 3565 periculam
1249 3515 1281 3547 a
1318 3494 1618 3548 schismate.
1694 3492 1894 3547 Similia
1946 3492 2096 3546 tradit
2138 3492 2189 3545 in
