2314 3984
640 239 1352 298 ’---1·95--

125 416 345 470 libemus.
409 410 645 466 Sienim
659 411 728 463 de
763 427 820 462 re
852 407 1112 462 Ecclesiae
1146 407 1447 461 auctoritate
1481 404 1699 458 nondum
1730 405 1937 461 definita

123 511 288 553 serum
311 497 409 562 sit-3
436 495 711 561 assentire,
752 495 832 549 vel
857 493 1123 547 dissentire
1148 492 1357 546 liberum
1381 489 1503 544 erit:
1540 507 1686 544 secus
1709 508 1863 557 voro,
1878 492 1935 544 ¹si

120 593 296 654 agatur
331 592 390 635 de
427 600 483 635 re
517 581 717 634 definita
754 581 814 633 ab
852 598 915 634 ea
940 577 1310 634 Ecclesiastico
1341 585 1618 648 potestate,
1655 593 1782 646 quae
1799 577 1935 631 :defl-

121 668 298 721 niendo
331 667 431 721 vim
469 667 648 720 habeat
683 665 957 721 coactivam
983 665 1055 718 *ad
1086 662 1327 716 unitatem
1359 669 1412 713 et
1450 678 1730 715 assensum.
1805 658 1932 716 Cum

119 753 286 823 itaque
312 770 382 806 ex
406 753 719 806 institutione
743 760 796 805 et
808 759 997 804 natura
1022 746 1276 801 Pontificii
1313 746 1552 818 primatus
1579 763 1640 800 ea
1663 747 1713 802 vi
1740 748 1934 818 praedi-

119 849 199 892 tas
225 857 338 892 esse
363 838 678 892 definitiones
713 834 1018 908 dogmaticas
1055 850 1359 885 summorum
1383 829 1686 886 Pontificum
1719 833 1934 904 praesti-

119 933 225 976 tuta
263 924 532 996 principia,
572 924 624 976 in
658 922 836 994 quibus
871 917 1149 974 adversm-ii
1180 922 1510 982 conveniunt,
1543 919 1689 989 plane
1727 919 1932 974 convin-

119 1019 264 1075 cant3
298 1010 351 1062 in
378 1011 454 1063 bis
479 1007 965 1064 libertas-dissensus
991 1003 1184 1058 admitti
1218 1003 1414 1074 nequit,
1451 1003 1535 1055 ubi
1561 1003 1711 1056 etiam
1748 1022 1931 1058 novum

118 1112 332 1148 examen
359 1095 425 1148 sit
449 1096 684 1155 liberum,
719 1091 764 1144 si
800 1090 1096 1163 praesertim
1133 1107 1234 1140 non
1273 1089 1370 1141 alia
1404 1087 1602 1141 ratione
1640 1106 1931 1142 concessmn

115 1178 208 1231 dici
231 1180 419 1249 possit,
459 1178 555 1231 nisi
589 1188 644 1230 ut
670 1178 878 1231 adducat
903 1175 1182 1228 dubitantes
1209 1175 1269 1227 ad
1302 1174 1640 1228 necessarium
1668 1192 1930 1228 assensum

115 1274 165 1317 et
188 1264 456 1329 unitatem,
483 1263 886 1334 quemadmodum
911 1261 964 1313 in
989 1260 1222 1314 examine
1247 1258 1509 1313 Leoninae
1534 1259 1776 1330 epistolae
1802 1260 1931 1314 acci-

115 1349 199 1400 dit.
253 1349 329 1402 Ob
356 1351 483 1403 hunc
508 1351 730 1404 eumdem
771 1349 918 1400 finem
953 1347 1004 1399 in
1035 1364 1166 1399 novo
1202 1346 1436 1398 examine
1463 1345 1832 1399 contradicendi
1856 1347 1931 1398 fa-

117 1434 270 1486 cultas
295 1435 683 1505 repugnantibus
709 1434 998 1502 quandoque
1025 1431 1140 1482 data
1164 1449 1193 1482 a
1220 1430 1495 1495 catholiciS‚
1521 1439 1576 1481 ut
1600 1448 1663 1483 ne
1688 1439 1856 1483 tamen
1880 1433 1931 1483 id

115 1537 203 1588 per
228 1537 283 1571 se
308 1519 515 1572 liberum
538 1530 623 1572 aut
648 1518 832 1572 licitum
859 1517 1161 1570 crederetur.
1194 1514 1247 1568 ld
1271 1525 1411 1587 patet
1435 1534 1501 1568 ex
1541 1524 1690 1569 sexto
1717 1516 1928 1569 concilio

115 1604 457 1668 oecumenico,
494 1604 546 1656 in
572 1623 666 1673 quo
694 1604 752 1656 de
778 1603 927 1674 impia
950 1600 1393 1655 Monothelitarum
1421 1601 1647 1654 doctrina
1685 1602 1928 1672 agendum

117 1697 227 1740 erat
262 1705 371 1740 cum
397 1686 766 1753 OrientalibuS,
805 1687 887 1757 qui
920 1697 1034 1758 post
1070 1686 1403 1740 definitionem
1428 1684 1603 1740 Sancti
1629 1686 1841 1739 Martini
1875 1687 1928 1739 in

112 1772 512 1842 frequentissima
563 1771 794 1825 Romana
839 1771 1032 1842 synodo
1081 1771 1263 1824 editam
1298 1780 1472 1824 tantae
1507 1772 1791 1824 auctoritati
1826 1790 1927 1824 non

114 1858 512 1926 acquiescentes,
539 1857 753 1910 schisma
778 1858 1110 1909 confecerant.
1162 1854 1232 1907 Ut
1257 1856 1343 1908 isti
1368 1857 1428 1908 ad
1454 1856 1692 1910 unitatem
1721 1875 1928 1911 revoca-

113 1952 313 2007 rentur,
350 1943 412 1995 ab
438 1941 744 2014 Imperatore
771 1939 1108 1995 Constantino
1146 1941 1198 1993 in
1230 1940 1412 1993 litteris
1439 1941 1498 1993 ad
1522 1940 1722 1994 Donum
1746 1961 1928 2014 propo-

114 2027 260 2080 situm
294 2027 413 2091 fuit,
449 2037 504 2079 ut
533 2037 702 2099 partes
737 2028 1090 2081 dissentientes
1127 2027 1454 2081 convenirent
1480 2014 1539 2079 'in
1577 2028 1799 2099 syuodo,
1844 2028 1928 2079 ubi

114 2112 443 2181 antiquiorum
470 2113 801 2183 synodorum,
836 2122 1159 2181 veterumque
1196 2110 1405 2164 Patrum
1422 2151 1436 2174 ‚
1474 2112 1532 2165 de
1569 2112 1742 2180 quibus
1782 2131 1925 2166 nemo

115 2198 410 2267 ambigebat,
438 2196 662 2249 doctrina
681 2198 990 2250 conferretur
1009 2215 1117 2249 cum
1139 2196 1387 2248 sententia
1405 2195 1457 2247 in
1477 2197 1816 2264 quaestionem
1843 2198 1929 2248 ad-

114 2282 281 2347 ducta,
330 2291 380 2335 et
426 2299 488 2333 ne
535 2299 604 2334 ex
648 2282 948 2353 praejudicio
991 2280 1288 2334 Pontificiae
1333 2281 1645 2334 auctoritatis
1686 2281 1928 2353 disputari

113 2366 354 2437 quispiam
380 2367 742 2438 suspicaretur,
769 2368 904 2420 nulla
929 2367 988 2420 de
1016 2366 1243 2419 Martino
1269 2365 1308 2417 Ι.
1337 2369 1541 2437 ejusque
1568 2367 1762 2438 synodo
1788 2386 1926 2421 men-

111 2452 245 2504 tione
282 2453 440 2517 facta,
481 2451 759 2523 disputandi
796 2452 1086 2524 plenissima
1122 2451 1326 2505 libertas
1362 2451 1771 2506 dissentientibus
1809 2471 1927 2505 con-

112 2554 254 2589 cessa
278 2535 386 2588 fuit.
437 2534 492 2587 In
527 2538 654 2590 hanc
690 2537 881 2607 quidem
918 2556 1024 2590 rem
1063 2537 1391 2606 antiquiorum
1417 2537 1722 2608 synodorum
1748 2547 1798 2590 et
1824 2537 1927 2590 Pa-

110 2630 239 2672 trum
275 2621 498 2690 producti
548 2623 812 2692 collatique
856 2623 1050 2675 codices
1090 2621 1264 2693 cum*)
1307 2622 1600 2692 dogmaticis
1638 2622 1925 2694 Agathouis

112 2705 319 2769 litteris3
356 2714 406 2756 et
431 2704 523 2758 hac
546 2708 774 2759 methodo
800 2708 1009 2778 probata
1035 2707 1279 2759 catholica
1302 2707 1544 2772 veritate3
1583 2708 1926 2761 contradicen-

112 2799 188 2840 tes
212 2791 318 2841 fere
344 2806 515 2840 omnes
542 2790 784 2854 convicti,
811 2801 861 2844 et
888 2793 945 2843 ad
972 2791 1212 2843 unitatem
1238 2792 1461 2852 adducti,
1485 2792 1653 2861 paucis
1679 2793 1924 2863 exceptiS,

114 2874 269 2942 quiin
303 2891 456 2944 pravo
493 2890 645 2926 sensu
675 2874 958 2946 pertinaces
998 2875 1048 2927 in
1085 2875 1255 2927 eadem
1293 2885 1444 2928 sexta
1469 2876 1695 2945 generali
1731 2877 1923 2953 synodo

112 2958 451 3021 condemnati,
489 2959 567 3011 vel
595 2959 740 3011 etiam
767 2959 977 3032 depositi
993 2999 1006 3024 ,
1043 2960 1175 3012 inter
1200 2958 1479 3012 haereticos
1505 2961 1741 3014 recensiti
1766 2963 1921 3015 fuere.

111 3040 167 3095 ln
191 3043 326 3096 hisce
354 3043 740 3099 circumstantiis
767 3044 876 3113 quis
903 3045 1138 3115 ejusmodi
1163 3062 1381 3098 examen
1415 3063 1522 3098 cum
1548 3045 1778 3100 libertate
1804 3066 1924 3118 qua-

110 3126 218 3177 dam
254 3126 573 3184 dissentiendi
615 3139 699 3182 aut
734 3130 1100 3184 contradicendi
1137 3129 1424 3194 haereticiS‚
1468 3131 1547 3184 vel
1593 3131 1923 3187 schismaticis

225 3310 264 3360 ·)
297 3311 341 3350 ln
373 3311 454 3350 ini·
482 3313 633 3354 litteri-
661 3320 744 3355 act.
775 3316 819 3356 4.
850 3316 997 3367 synodi
1030 3316 1094 3358 vl.
1129 3315 1372 3368 descriptis,
1406 3330 1510 3369 quae
1541 3329 1623 3358 non
1655 3320 1784 3361 solum
1817 3323 1921 3372 Aga-

108 3365 246 3407 thonls
277 3368 351 3408 sed
382 3372 424 3409 et
454 3369 751 3423 Episcoporum
782 3374 1108 3415 Occidentalium
1149 3375 1312 3414 nomine
1345 3380 1540 3416 exaratae
1569 3377 1757 3430 fuerunt,
1800 3391 1920 3419 cave-

106 3429 200 3472 tur,
231 3430 277 3466 ut
309 3427 362 3466 de
391 3426 595 3479 definitis,
635 3432 709 3480 qui
737 3435 915 3481 vellent,
955 3443 1043 3472 non
1075 3436 1290 3484 tamquam
1321 3433 1372 3473 de
1399 3435 1576 3476 incertis
1607 3438 1920 3487 contenderent,

107 3483 180 3524 sed
210 3488 258 3525 ut
289 3489 403 3526 certa
435 3490 562 3538 atque
594 3488 876 3532 immutabilia
908 3491 1207 3543 compendiosa
1240 3490 1486 3542 definitione
1514 3495 1770 3545 proferrent.

1465 3562 1575 3615 13*
