2314 3984
910 192 1570 253 ——SQO—

316 358 554 428 Christo,
589 361 899 427 obtinuisse,
935 371 994 414 ut
1031 378 1208 417 omnes
1241 363 1411 436 populi?
1440 382 1531 438 per
1555 366 1879 439 Aegyptum,
1918 364 2160 441 Libyam,

314 449 651 520 finitimasque
686 448 977 521 provincias
1014 449 1174 504 variis
1211 448 1513 506 haeresibus
1554 454 1780 526 impliciti
1796 495 1810 522 ,
1861 455 2161 528 praesertim

314 535 662 608 Eutychiana,
690 535 936 591 abdicatis
959 538 1220 592 erroribus
1257 539 1318 593 ad
1351 539 1647 594 catholicam
1673 543 1816 596 fidem
1842 553 2164 599 reverteren-

313 635 412 677 tur.
441 623 570 678 Huic
596 624 936 680 conciliationi
962 643 1111 679 unum
1126 625 1596 700 Sophroniumtunc
1619 631 1916 685 monachum
1930 632 2165 686 Alexan-

314 711 454 766 driae
481 712 735 766 restitisse
761 714 1007 781 affirmat,
1047 715 1131 787 qui
1156 732 1267 769 cum
1309 716 1438 789 apud
1464 713 1660 789 Cyrum
1696 717 1819 772 nihil
1843 719 2162 792 profecisset,

314 815 438 852 mox
465 795 962 874 Constantinopolim
987 805 1200 858 veniens
1239 822 1408 859 secum
1436 804 1568 876 egit,
1595 814 1652 858 ut
1675 817 2005 860 memoratum
2033 808 2166 880 capi-

311 887 470 939 tulum
492 887 767 942 tollendum
793 901 1010 946 curaret.
1062 890 1118 945 Id
1142 893 1317 946 durum
1351 892 1501 946 nimis
1539 892 1635 946 sibi
1667 893 1830 949 visum
1858 895 2022 961 addit,
2060 914 2166 950 me-

313 974 476 1028 tuenti
500 992 566 1029 ne
593 976 908 1032 scinderetur
933 980 1117 1034 iterum
1135 980 1254 1034 unio
1282 998 1391 1034 cum
1410 978 1725 1047 SeverianiS,
1755 983 1964 1054 aliisque
1989 982 2167 1037 haere-

311 1062 425 1116 ticis
452 1082 512 1117 eo
540 1064 756 1137 capitulo
781 1065 1003 1121 inducta.
1048 1066 1322 1142 Subjungit
1347 1079 1542 1142 postea,
1571 1067 1912 1144 Sophronium
1937 1071 2166 1142 quamvis

311 1161 546 1223 rogatum
582 1153 720 1206 nulla
754 1173 964 1227 prorsus
1005 1157 1189 1211 afferre
1223 1157 1450 1230 potuisse
1486 1159 1779 1212 testimonia
1812 1158 2026 1213 Patrum
2072 1179 2164 1232 pro

312 1240 514 1310 gemina
539 1240 593 1293 in
619 1238 828 1295 Christo
854 1245 1116 1299 voluntate
1154 1255 1205 1299 et
1243 1246 1557 1318 operatione.
1613 1249 1713 1301 Ille
1753 1255 1929 1301 autem
1955 1249 2057 1300 hoc
2079 1252 2165 1318 fa-

311 1345 435 1380 cere
454 1331 672 1396 penitas
699 1347 808 1381 non
834 1333 1015 1383 valuit.
1068 1327 1113 1383 E
1158 1342 1341 1385 contra
1377 1350 1500 1386 vero
1537 1352 1630 1406 pro
1654 1353 1756 1387 una
1781 1334 2081 1406 operatione
2109 1353 2167 1388 ac

312 1415 574 1469 voluntate
613 1434 718 1469 non
759 1433 914 1488 pauca
954 1419 1164 1473 collecta
1202 1421 1427 1491 praefert
1459 1420 1514 1473 in
1552 1421 1818 1494 opusculo,
1867 1423 1998 1492 quod
2047 1422 2163 1475 olim

311 1502 534 1558 Mennas
561 1500 670 1559 CP.
700 1503 894 1577 Vigilio
922 1504 1096 1579 Papae
1122 1507 1176 1561 in
1202 1508 1346 1580 regia
1372 1509 1496 1562 urbe
1523 1509 1727 1581 degenti
1754 1508 1996 1563 obtulisse
2033 1508 2167 1564 dice-

310 1593 479 1645 batur.
532 1591 662 1646 Huic
687 1612 841 1666 porro
868 1597 1181 1657 verborum,
1219 1606 1275 1648 ut
1299 1606 1448 1651 vocat
1473 1601 1751 1669 conflictui
1782 1598 1865 1668 qui
1890 1597 1942 1650 in
1968 1600 2168 1670 praeju-

310 1681 490 1734 dicium
517 1682 828 1755 compositae
853 1684 1065 1738 unitatis
1091 1685 1354 1756 vergebat,
1380 1695 1436 1738 ut
1460 1685 1610 1739 finem
1629 1686 1931 1759 imponeret,
1959 1705 2014 1740 se
2042 1685 2168 1740 scri-

310 1768 477 1840 psisse
510 1768 582 1821 ait
621 1770 681 1822 ad
722 1769 917 1844 Cyrum
955 1773 1365 1827 Alexandrinum
1387 1814 1400 1838 ,
1439 1783 1497 1825 ut
1534 1775 1667 1827 bono
1707 1774 1844 1847 pacis
1872 1775 1931 1828 de
1958 1793 2058 1827 una
2084 1775 2166 1829 vel

311 1856 515 1928 gemina
540 1855 836 1930 operatione
866 1879 924 1914 ac
949 1860 1208 1915 voluntate
1248 1861 1500 1915 silentium
1540 1862 1879 1935 praeciperet,
1918 1880 1977 1915 eo
2021 1881 2167 1934 prae-

314 1944 492 1999 sertim
519 1947 749 2013 nomine,
789 1949 919 2018 quod
953 1954 1109 2003 unius
1148 1950 1427 2005 voluntatis
1455 1960 1505 2003 et
1531 1950 1842 2023 operationis
1868 1951 2165 2004 vocabulum

312 2035 520 2087 duarum
548 2045 845 2089 naturarum
878 2037 1061 2109 dogma
1097 2038 1258 2093 videri
1283 2047 1452 2110 potest
1490 2038 1763 2111 impetere,
1810 2039 2018 2091 duarum
2042 2058 2166 2093 vero

312 2123 626 2177 voluntatum
654 2134 705 2178 et
731 2126 1083 2198 operationum
1110 2126 1299 2180 mentio
1319 2127 1606 2180 contrarias
1629 2147 1688 2181 ac
1713 2136 2057 2200 repugnantes
2076 2146 2168 2182 vo-

311 2213 530 2267 luntates
557 2213 610 2266 in
639 2211 847 2267 Christo
873 2214 1074 2269 videtur
1100 2214 1384 2269 adstruere.
1426 2214 1556 2270 Huic
1584 2215 1897 2290 expositioni
1923 2226 1974 2269 et
2001 2216 2169 2270 conci-

311 2299 507 2353 liationi
532 2302 670 2374 pacis
686 2299 1025 2375 Sophronium
1051 2303 1213 2376 ipsum
1239 2303 1554 2375 acquievisse
1580 2303 1862 2375 significat3
1891 2314 1943 2357 at
1967 2305 2169 2358 tandem

312 2388 662 2462 Apostolicum
689 2391 781 2444 hac
804 2390 856 2444 in
883 2410 939 2445 re
960 2410 1258 2465 responsum
1285 2392 1551 2464 efflagitat.
1581 2388 1710 2445 Cum
1737 2394 1865 2465 apud
1885 2392 2165 2446 Honorium

312 2495 376 2530 ne
403 2477 530 2531 levis
576 2479 773 2547 quidem
812 2479 1032 2551 suspicio
1072 2491 1212 2533 esset
1247 2480 1307 2534 de
1341 2478 1514 2551 Sergii
1550 2479 1674 2544 fide,
1711 2480 2004 2533 memoratis
2044 2500 2166 2534 vero

311 2564 496 2617 litteris
523 2583 696 2637 pacem
723 2565 900 2619 initam
927 2566 1275 2620 nuntiantibus
1303 2567 1459 2620 solius
1488 2565 1765 2620 catholicae
1791 2567 1903 2620 fidei
1931 2576 1979 2621 et
2001 2567 2167 2621 unita—

311 2653 379 2707 tis
407 2654 787 2709 conservandae
814 2654 1034 2708 studium
1059 2656 1133 2709 ita
1158 2658 1504 2729 praeferretur
1521 2696 1535 2721 ,
1562 2665 1618 2707 ut
1644 2652 1856 2726 Sergius
1884 2674 1915 2708 a
1940 2657 2050 2709 sola
2077 2674 2166 2709 vo—

312 2760 423 2794 cum
451 2742 765 2812 quaestione,
811 2762 939 2813 quae
976 2745 1266 2798 scandalum
1307 2753 1539 2817 pareret,
1589 2752 1641 2796 et
1670 2742 1910 2814 utrinque
1947 2745 2166 2816 periculo

312 2830 577 2883 videbatur
615 2832 881 2903 exposita,
929 2833 1280 2887 abstinendum
1316 2832 1679 2898 contenderet,
1716 2831 1840 2884 nihil
1885 2831 2096 2898 mirum,
2124 2833 2167 2886 si

313 2917 571 2972 Honorius
599 2920 915 2987 rescribenS,
956 2922 1016 2974 de
1054 2921 1180 2976 inita
1216 2941 1340 2994 pace
1376 2920 1688 2993 gratulatus,
1726 2919 1988 2990 utriusque
2025 2920 2166 2975 vocis

313 3007 566 3061 silentium
593 3027 648 3062 se
674 3026 843 3081 posse,
869 3010 953 3064 vel
979 3009 1132 3063 etiam
1159 3011 1341 3063 debere
1368 3009 1662 3082 praecipere
1689 3007 2021 3073 existimavit,
2049 3008 2163 3059 dum

312 3096 438 3149 satis
463 3096 730 3150 videbatur
756 3099 1038 3152 consultum
1065 3096 1306 3151 catholico
1333 3094 1583 3169 dogmati,
1628 3095 1671 3148 si
1697 3094 1748 3147 in
1778 3091 1988 3148 Christo
2015 3096 2166 3167 profi-

314 3194 510 3238 teretur
537 3185 661 3239 diras
687 3197 900 3242 naturas
928 3187 1147 3243 divinam
1172 3194 1224 3238 et
1249 3183 1518 3237 humanam
1543 3184 1777 3250 indivise,
1804 3183 2086 3249 inconfuse,
2115 3194 2166 3238 et

314 3272 766 3329 inconvertibiliter
784 3277 988 3348 junctas
1009 3317 1023 3342 ,
1051 3274 1429 3343 declax-aretque
1455 3272 1629 3328 Jesum
1657 3270 1916 3327 Christum
1953 3291 2166 3344 operan-

314 3370 414 3414 tem
425 3367 663 3432 propria
680 3364 945 3435 utriusque
965 3373 1197 3428 naturae,
1219 3361 1341 3416 adeo
1353 3372 1413 3414 'ut
1434 3382 1540 3416 rem
1558 3362 1718 3435 ipsam
1742 3360 1966 3415 confiteri
1988 3379 2165 3414 nosca—

313 3458 426 3515 tur,
455 3451 657 3504 tametsi
683 3471 843 3507 novas
869 3471 1022 3507 voces
1050 3453 1112 3505 ob
1133 3449 1338 3507 vitanda
1366 3450 1603 3504 scandala
1626 3450 1748 3504 velit
1773 3448 1992 3503 reticeri.
2020 3448 2089 3501 lis
2115 3449 2164 3501 in

315 3537 455 3592 initis
482 3556 615 3593 nova
641 3538 867 3594 haeresis
909 3558 1124 3595 nascens
1141 3581 1156 3607 ,
1189 3557 1361 3613 parum
1405 3550 1526 3593 nota
1553 3537 1912 3602 OrientalibuS,
1940 3536 1990 3589 in
2013 3537 2166 3592 'Occi-
