2320 3990
951 189 1347 271 *452
1442 224 1612 234 ..-

355 363 458 408 tum
485 374 608 411 vero
633 356 778 409 multi
804 355 961 408 solius
988 353 1631 422 Romanaewmmoesionis
1674 361 1981 416 mentionem
2007 364 2218 418 faciunt.

355 439 489 511 Quid
514 443 586 497 ita
600 445 634 496 ἲ·
663 435 946 496 Rationem
968 446 1165 515 profert
1192 442 1267 498 -S.
1295 443 1950 520 [remmantiquissimus
1977 450 2218 517 omnium,

355 530 438 601 qui
465 530 608 602 hujus
637 527 906 585 Romanae
933 531 1276 586 successionis
1302 532 1595 588 distinctum
1621 538 1907 610 catalogum
1936 537 2120 591 attulit.
2165 537 2218 592 Is

355 617 592 670 nimirum
632 618 989 690 expositurus,
1039 635 1128 675 cur
1163 639 1191 674 e
1229 630 1334 674 tam
1370 620 1544 674 multis
1577 619 1824 682 Ecclesiis
1862 625 2217 698 Apostolicam

353 704 727 760 successionem
755 723 846 760 suo
874 724 1004 763 aevo
1018 707 1399 774 exhibentibuS,
1429 708 1722 778 quibuscum
1747 710 1892 765 fidem
1919 712 2216 786 conspirare

355 792 540 847 debere
567 794 912 849 affirmaverat
939 805 995 850 ut
1020 796 1261 869 probetur
1286 795 1619 869 Apostolica‚
1643 797 1795 851 unius
1824 797 2091 854 Romanae
2116 799 2218 854 Ec-

354 880 540 935 clesiae
580 882 958 936 successionem
997 883 1377 955 doctrinamque
1413 883 1506 938 hac
1545 903 1649 937 non
1687 884 1974 959 interrupta
2015 905 2217 942 succes·
2296 915 2300 918 ·

354 966 499 1021 sione
525 969 763 1022 traditam
789 970 842 1024 in
867 971 1399 1038 mediuinadduceret,
1426 972 1555 1026 hanc
1584 973 1835 1026 rationem
1862 974 2064 1046 subjicit
2090 975 2138 1045 §.
2166 977 2215 1029 l.

353 1055 587 1128 superius
621 1058 732 1112 fuse
770 1059 1110 1131 explicatam:
1163 1059 1254 1114 Aa
1289 1061 1430 1112 lianc
1469 1063 1607 1113 enim
1644 1062 1949 1115 Ecclesiam
1979 1072 2218 1135 propter

347 1147 712 1212 potentiorem
730 1150 1199 1218 principalitatem
1227 1167 1443 1202 necesse
1471 1156 1552 1202 cst
1575 1168 1779 1203 omnem
1807 1156 2094 1205 convenire
2117 1154 2217 1205 Ec-

352 1233 590 1285 clesiam.
645 1231 864 1306 Optime.
918 1233 976 1289 Si
1005 1235 1138 1290 enim
1165 1255 1276 1290 cum
1304 1235 1572 1290 Romanae
1597 1234 1862 1291 Ecclesiae
1889 1238 2001 1305 fide,
2031 1240 2090 1292 de
2117 1257 2216 1310 qua

352 1329 628 1372 contextus
654 1321 891 1392 loquitur,
919 1343 1136 1376 necesse
1163 1331 1244 1376 est
1267 1343 1475 1376 omnem
1501 1324 1821 1389 Ecclesiam,
1849 1343 1908 1378 ae
1934 1327 2147 1397 proinde
2159 1325 2215 1399 *)

352 1405 503 1459 etiam
517 1405 864 1479 ApostolicaS‚
893 1409 1194 1476 convenire3
1222 1420 1279 1463 ut
1305 1409 1416 1481 quis
1443 1426 1500 1463 se
1527 1419 1719 1463 certum
1747 1420 1976 1483 praestet
2002 1411 2062 1465 de
2075 1412 2218 1485 Apo-

352 1494 533 1548 stolica
559 1494 679 1561 fide,
709 1495 837 1550 satis
866 1507 946 1550 est
984 1506 1264 1570 cognoscat
1305 1514 1362 1550 ac
1390 1506 1563 1550 teneat
1590 1497 1860 1552 Romanae
1884 1498 2215 1571 Apostolicae

350 1582 617 1639 Ecclesiae
642 1583 807 1651 fidem,
837 1604 946 1639 cum
974 1604 1072 1656 qua
1099 1585 1241 1658 ipsae
1255 1583 1587 1658 Apostolicae
1598 1584 1864 1640 Ecclesiae
1891 1586 2075 1639 dehent
2094 1605 2216 1640 con-

350 1671 546 1726 venire.
612 1672 755 1726 Haec
795 1682 963 1727 autem
1002 1673 1284 1727 necessitas
1324 1673 1657 1727 conveniendi
1697 1693 1807 1727 cum
1845 1672 2082 1726 Romana
2121 1675 2214 1728 fide

349 1760 473 1832 ipsis
501 1779 697 1831 quoque
723 1759 1037 1832 Apostolicis
1062 1759 1312 1814 Ecclesiis
1338 1760 1575 1834 imposita
1601 1770 1747 1814 tanta
1774 1771 1852 1814 est
1869 1800 1882 1827 ,
1909 1770 1966 1813 ut
1993 1780 2101 1814 cum
2127 1761 2215 1814 iis-

350 1848 460 1901 dem
499 1847 773 1903 convenire
810 1849 988 1903 debeat
1027 1868 1204 1915 nemo,
1257 1848 1358 1902 nisi
1399 1859 1646 1920 quatenus
1686 1868 1796 1902 cum
1836 1847 2075 1902 Romana
2121 1850 2215 1903 fide

350 1936 687 1990 conveniant:
717 1956 746 1990 a
773 1955 869 2008 qua
894 1938 1089 1992 unitate
1116 1938 1229 1991 fidei
1257 1936 1524 1990 Romanae
1552 1936 1596 1989 si
1621 1938 1753 1990 forte
1781 1937 2084 2003 desciscant,
2112 1956 2214 1991 non

349 2025 511 2077 solum
538 2043 646 2078 cum
675 2024 800 2097 ipsis
828 2026 1103 2081 convenire
1130 2026 1342 2099 amplius
1369 2024 1714 2079 necessarium
1742 2043 1844 2078 non
1872 2025 1968 2091 sit,
2008 2026 2098 2079 sed
2124 2045 2213 2080 ne-

353 2130 498 2166 cesse
523 2113 694 2185 potius
724 2114 791 2166 sit
818 2132 920 2167 non
951 2114 1256 2180 convenire,
1284 2114 1357 2166 uti
1385 2131 1510 2166 sane
1549 2112 1948 2166 conveniendum
1974 2132 2078 2166 non
2104 2124 2218 2167 erat

349 2218 512 2272 neque
541 2219 650 2253 cum
678 2199 1039 2258 Alexandrina
1057 2245 1070 2271 ‚
1099 2220 1262 2273 neque
1290 2220 1399 2255 cum
1426 2200 1751 2255 Antiochena
1768 2240 1781 2266 ‚
1809 2198 2069 2273 Ephesina
2086 2241 2100 2267 7
2128 2212 2216 2254 aut

349 2287 464 2342 aliis
493 2287 741 2343 Ecclesiis
769 2291 985 2362 originis
1012 2290 1371 2365 Apostolicae‚
1412 2308 1521 2343 cum
1547 2286 1830 2361 Episcopos
1859 2289 2067 2361 alicujus
2094 2290 2214 2343 hac·

351 2377 483 2430 resis
511 2388 748 2432 auctores
766 2419 779 2445 ,
826 2390 912 2433 aut
937 2390 1181 2453 patronos
1209 2378 1450 2432 habuere.

495 2465 586 2518 44.
640 2467 836 2520 Afferri
863 2478 914 2521 et
941 2468 1018 2521 hic
1057 2476 1228 2540 potest
1260 2466 1566 2536 Hieronymi
1602 2465 1736 2516 ratio
1777 2474 1929 2517 antea
1957 2465 2214 2536 explicata

347 2570 482 2604 num.
499 2551 589 2606 34.
619 2572 716 2624 qua
744 2553 919 2606 dubius
947 2554 1006 2607 de
1031 2553 1126 2607 fide
1140 2550 1954 2624 AntiochenorumEpiscoporum
1984 2551 2036 2604 in
2060 2571 2215 2622 quae-

349 2639 516 2695 stione
555 2641 615 2694 de
654 2640 1013 2714 hypostasibus
1030 2680 1044 2707 ‚
1095 2639 1383 2694 Romanam
1419 2640 1564 2693 fidem
1612 2639 1894 2704 consuluit,
1944 2650 2214 2712 propterea

347 2729 503 2800 quod,
531 2729 724 2800 inquit,
753 2750 919 2800 super
941 2732 1093 2783 illam
1110 2737 1331 2800 petram
1358 2732 1702 2800 aedificatam
1729 2729 2034 2781 Ecclesiam
2075 2731 2214 2781 scio.-

346 2817 425 2870 cui
464 2817 509 2869 si
548 2837 645 2888 qua
683 2816 920 2871 Ecclesia
959 2836 1061 2872 non
1102 2816 1377 2870 adhaereat
1414 2817 1467 2870 in
1507 2817 1681 2871 eadem
1716 2816 1838 2882 fide3
1891 2815 2213 2886 quantumvis

347 2905 698 2978 Apostolicam
725 2905 974 2978 originem
1002 2905 1216 2972 habeat,
1254 2905 1314 2958 ad
1353 2923 1531 2960 veram
1572 2899 1769 2959 Christi
1794 2901 2080 2956 Ecclesiam
2108 2922 2213 2955 am-

347 2993 478 3066 plius
506 3011 608 3046 non
636 2991 874 3066 pertinet.
929 2991 1075 3046 Adeo
1117 3011 1227 3045 cum
1264 2993 1374 3045 sola
1402 2992 1638 3046 Romana
1677 2989 1911 3043 Ecclesia
1939 2990 2212 3044 convenire

351 3080 691 3134 necessarium
745 3091 853 3147 est,
905 3089 959 3132 ut
1005 3098 1114 3134 cum
1155 3079 1269 3132 aliis
1309 3079 1630 3150 quantumvis
1669 3076 1984 3150 Apostolicis
2024 3079 2212 3132 tamdiu

468 3246 508 3296 *)
537 3247 651 3288 Hinc
682 3247 849 3300 quidem
883 3248 930 3289 P.
977 3248 1014 3286 le
1046 3246 1202 3287 Nourri
1236 3246 1278 3286 in
1324 3244 1564 3298 Appendice
1597 3244 1651 3284 ad
1684 3243 1989 3285 Bibliotbeeam
2023 3247 2212 3284 veterum

348 3308 517 3346 Patrum
549 3308 718 3348 dissert.
752 3310 795 3351 6.
830 3309 873 3348 in
905 3309 1123 3348 Irenaeum
1155 3319 1194 3346 c.
1227 3307 1271 3345 5.
1307 3306 1348 3358 ξ.
1369 3306 1415 3344 2.
1449 3309 1549 3347 tom.
1586 3305 1627 3344 1.
1661 3318 1757 3358 pag.
1792 3305 1899 3344 579.
1935 3304 1981 3344 S.
2014 3304 2214 3344 Doctoris

346 3370 508 3407 textum
540 3367 632 3407 fuse
667 3380 908 3420 exponens:
943 3371 1164 3421 postquam
1194 3365 1470 3420 Apostolicae
1483 3365 1698 3405 Romanae
1732 3364 1958 3406 Ecclesiae
1990 3363 2112 3404 fidem
2145 3377 2214 3405 ce-

345 3431 531 3467 terarum
565 3428 903 3478 Apostolicarum
934 3428 1033 3469 fidei
1075 3428 1127 3469 ab
1169 3427 1315 3469 eodem
1355 3426 1560 3478 praeponi
1602 3426 1874 3467 observavit:
1923 3423 2056 3466 Immo
2097 3436 2212 3471 vero,

347 3487 494 3537 addit,
527 3490 567 3528 et
599 3487 677 3528 has
710 3490 911 3530 matrices
945 3493 985 3531 et
1019 3488 1294 3543 Apostolicas
1335 3485 1556 3528 Ecclesias
1599 3488 1656 3528 ad
1698 3487 1945 3528 Romanam
1986 3485 2032 3525 in
2068 3485 2214 3526 causis

346 3545 446 3592 fidei
470 3545 593 3597 jubet
626 3548 871 3590 convenire.
