2314 3984
698 227 1349 287 mm—

120 404 330 447 Primatu-
371 404 546 455 eiusque.
570 398 812 454 nsi-duic
854 400 1083 443 constituta
1106 402 1202 453 jure
1232 398 1402 448 divino,
1420 406 1530 441 ‚nom
1549 397 1935 451 verolpostolico,

178 464 245 504 vel
274 455 590 504 Ecclesiastico.
623 459 693 503 18.
754 459 962 500 Primatus
991 459 1180 512 perpetui
1224 457 1459 510 designatio
1496 459 1612 499 facta
1638 470 1668 500 a
1693 457 1862 501 Christo
1895 462 1937 501 in

178 532 359 575 persona
394 520 530 565 Petri.
545 517 664 562 2²44.
694 517 797 562 245.
885 521 1003 564 Quae
1042 519 1153 560 ratio
1193 518 1412 571 primatum
1448 517 1601 570 probat
1640 520 1936 569 necessarium,

180 593 271 622 cum
299 593 327 621 a
355 579 522 622 Christo
550 578 786 619 institutum
815 579 978 631 probat·-
1008 577 1082 619 ibi.
1140 578 1263 619 Licet
1292 577 1441 619 electio
1471 576 1625 630 Papae
1649 577 1710 619 sit
1738 588 1939 620 concessa

179 640 420 686 Ecclesiam
451 637 651 690 primatus
672 641 819 685 tamen,
850 638 919 689 qui
941 638 1076 679 electo
1094 636 1303 689 competit,
1333 639 1399 677 est
1411 636 1521 687 juris
1550 636 1705 679 divini.¹
1726 637 1801 679 Β.
1831 640 1939 680 Con-

179 699 334 739 futatur
361 709 612 748 anonymus,
654 698 724 748 qui
756 697 974 750 primatum
1001 696 1167 748 quidem
1194 695 1344 737 tribuit
1372 694 1630 736 institutioni
1661 696 1852 749 divinae.
1894 703 1939 739 at

180 757 460 808 alligationem
476 757 690 796 Romanae
709 756 816 803 sedi,
849 756 983 797 eidem
1004 755 1091 807 juri
1121 767 1203 795 non
1235 766 1367 806 aeque
1397 754 1729 799 adscribendum.
1758 757 1833 799 21.
1862 758 1937 802 22.

122 817 326 857 Primatus
357 815 501 855 divina
530 815 742 856 institutio
772 816 815 856 in
845 815 1078 867 Evangelio
1109 815 1332 866 praecipue
1364 813 1572 861 fundatur,
1603 817 1647 854 et
1677 827 1783 866 quae
1800 816 1938 857 Evan-

180 875 316 927 gelica
343 875 579 915 testimonia
606 875 693 915 siut
719 878 832 927 apta.
862 875 936 915 23.
995 873 1187 914 Traditio
1218 873 1366 913 iisdem
1395 873 1663 924 Evangelicis
1691 876 1941 918 testimoniis

181 934 384 975 innititur.
415 934 490 974 26.
552 933 763 979 Quomodo
794 933 1120 986 interpretanda.
1151 933 1225 972 28.
1288 934 1404 976 Quae
1433 933 1726 984 interpretatio
1769 937 1939 988 propria

211 993 399 1032 rimatus.
430 992 501 1034 46.

122 1006 325 1092 Pripmatus
355 1051 600 1092 instituendi
627 1052 761 1098 ratio,
796 1063 869 1090 seu
899 1061 1050 1102 scopus
1080 1050 1160 1090 fuit
1189 1051 1321 1090 totius
1350 1050 1569 1091 Ecclesiae
1601 1051 1760 1101 unitas,
1792 1057 1838 1093 ut
1867 1067 1942 1106 per

180 1112 394 1162 primatem
422 1109 642 1158 formetur,
675 1114 718 1150 et
748 1112 1031 1150 conservetur.
1062 1109 1136 1151 32.
1198 1109 1442 1149 Necessitas
1471 1110 1643 1159 alicujus
1673 1112 1858 1161 primatis
1888 1114 1940 1153 ob

180 1169 287 1209 hunc
317 1168 438 1208 finem
479 1169 604 1208 etiam
646 1169 698 1208 ab
737 1168 959 1208 haereticis
999 1168 1154 1218 agnita.
1187 1168 1258 1210 36.
1319 1167 1386 1208 Ne
1416 1167 1484 1207 hic
1514 1167 1608 1207 finis
1649 1168 1785 1209 inanis
1815 1176 1940 1220 esset,

182 1229 335 1280 primas
377 1226 499 1266 debet
540 1239 633 1267 esse
669 1227 883 1279 praeditus
917 1229 1010 1278 jure
1051 1227 1240 1266 coactivo
1283 1226 1339 1266 ad
1380 1239 1469 1266 eum
1499 1226 1619 1266 finem
1659 1228 1940 1276 obtinendum.

180 1286 253 1328 40.
314 1286 385 1327 Vis
415 1287 586 1337 propria
616 1287 815 1337 primatus
847 1290 911 1325 est
936 1288 1002 1337 Jus
1033 1286 1262 1325 coactivum
1295 1286 1351 1326 ad
1382 1287 1592 1328 unitatem.
1623 1286 1696 1329 ibi.
1727 1289 1802 1329 30.

123 1345 327 1385 Primatus
357 1346 568 1385 Romanae
598 1345 817 1385 Ecclesiae
848 1356 900 1384 ex
930 1346 1123 1384 Bossueti
1154 1346 1364 1385 sententia
1393 1346 1434 1384 in
1466 1345 1543 1384 hoc
1574 1348 1787 1396 constitit,
1831 1351 1940 1401 quod

182 1416 321 1444 omnes
351 1404 568 1444 Ecclesiae
601 1416 691 1444 cum
723 1416 773 1444 ea
803 1403 956 1444 debent
996 1415 1167 1443 servare
1209 1405 1422 1446 unitatem.
1452 1404 1555 1445 237.
1588 1405 1632 1444 in
1661 1413 1776 1450 nota.
1841 1409 1941 1450 Ma-

182 1464 295 1503 aec'me
326 1463 373 1502 in
395 1461 500 1512 fide.
533 1463 636 1505 239.
666 1463 769 1502 240.
801 1463 848 1506 V.
891 1462 1061 1506 Um‘tas.

124 1523 369 1561 Profuturus
400 1522 632 1573 Episcopus
662 1522 935 1562 Bracarensis
965 1522 1181 1572 allegatus.
1213 1521 1317 1561 213.

124 1581 423 1620 Promissiones
453 1581 610 1620 Christi
640 1581 776 1621 factae
807 1582 854 1621 S.
874 1582 999 1621 Petro
1032 1581 1196 1620 ratione
1226 1581 1442 1632 primatus,
1473 1581 1529 1622 ad
1559 1593 1824 1626 successores
1853 1588 1942 1637 ejus

181 1640 388 1679 Romanos
419 1639 642 1679 Pontifices
673 1641 829 1692 pariter
859 1641 1082 1692 pertinent.
1114 1640 1218 1680 270.
1249 1640 1353 1680 284.
1413 1641 1698 1682 Adhaerentes
1728 1644 1942 1686 Romanae

185 1699 404 1738 cathedrae
435 1699 514 1738 tuti
549 1700 698 1739 erimus
731 1711 783 1740 ex
811 1701 910 1740 Jesu
941 1699 1096 1739 Christi
1134 1700 1362 1750 promissis.
1401 1701 1505 1740 242.
1569 1703 1773 1743 Gallicani
1805 1717 1851 1744 se
1881 1710 1944 1745 tu-

184 1763 251 1796 tos
292 1758 580 1798 existimarunt
624 1759 666 1798 in
708 1771 784 1798 sua
823 1758 907 1798 fide
949 1759 1001 1798 ob
1045 1759 1229 1809 agnitam
1272 1762 1584 1801 consonantiam
1624 1773 1715 1802 cum
1742 1764 1942 1804 Romana.

182 1817 284 1854 203.
327 1817 429 1856 204.
502 1818 596 1868 Ipsa
636 1817 841 1861 catholica
879 1818 1073 1858 Ecclesia
1113 1829 1160 1856 se
1197 1821 1327 1858 tutam
1368 1821 1583 1869 praestitit
1622 1821 1666 1859 in
1703 1820 1944 1873 Apostolica

185 1874 289 1920 fide,
332 1875 427 1926 quia
458 1875 500 1914 in
531 1870 691 1916 unitate
722 1876 817 1916 fidei
849 1877 1060 1916 Romanae
1092 1889 1252 1929 semper
1285 1879 1499 1926 constitit,
1544 1881 1586 1919 in
1619 1892 1699 1931 qua
1729 1894 1889 1935 semper
1919 1896 1944 1923 a

186 1933 402 1973 catholicis
431 1939 680 1975 conservata
711 1939 775 1975 est
805 1937 991 1978 traditio.
1027 1935 1127 1975 154.

124 1992 424 2032 Promissiones
454 1993 606 2033 Christi
639 1995 776 2034 factae
809 1995 935 2035 Petro
980 1999 1021 2034 et
1053 1995 1095 2033 in
1127 2008 1175 2034 eo
1209 1996 1519 2036 successoribus
1563 1998 1651 2048 ejus
1682 2011 1843 2050 semper
1875 2001 1945 2040 im-

185 2052 391 2150 plendae.b
407 2052 508 2092 314.
555 2052 872 2104 distinguendae
913 2066 938 2092 a
978 2054 1237 2105 praeceptis,
1280 2067 1385 2106 quae
1426 2067 1508 2095 non
1548 2069 1711 2108 semper
1742 2058 1946 2111 implenda

186 2115 319 2150 erant.
351 2112 364 2150 i
396 2112 422 2153 i.
867 2110 882 2118 ⁶

126 2169 425 2209 Promissiones
457 2169 611 2209 Christi
643 2170 693 2210 de
724 2171 839 2210 Petri
871 2170 953 2210 fide
984 2171 1078 2210 ideo
1111 2170 1162 2210 ad
1195 2171 1414 2212 Ecclesiae
1457 2171 1576 2213 fidem
1609 2174 1808 2223 redeunt,
1849 2179 1945 2228 quia

185 2228 377 2268 Ecclesia
420 2241 582 2280 semper
627 2230 816 2270 adhaesit
862 2234 905 2270 et
953 2230 1196 2270 adhaerebit
1242 2243 1404 2283 semper
1450 2231 1549 2272 fidei
1595 2233 1726 2278 Petri.
1762 2236 1860 2276 153.
1902 2238 1944 2277 in

126 2288 435 2396 Prssffiffmffigss
465 2346 684 2387 Ecclesiae
715 2348 927 2387 Romanae
970 2359 1043 2400 pro
1086 2349 1262 2400 primatu
1306 2352 1481 2400 accepta
1511 2361 1536 2388 a
1567 2318 1723 2391 Sancto
1758 2354 1945 2395 Irenaeo.

187 2404 287 2444 103.
322 2405 435 2444 dicta
465 2406 516 2444 ab
558 2406 703 2446 eodem
732 2409 949 2457 potentior
990 2408 1043 2446 ob
1086 2408 1349 2448 indicandum
1389 2410 1606 2460 primatum
1640 2412 1946 2461 jurisdictionis

183 2463 416 2513 peculiaris.
448 2465 489 2502 9.
525 2465 564 2502 in
598 2470 709 2506 nota.
743 2466 843 2505 103.

124 2521 436 2573 Propositiones
468 2524 686 2563 damnatae
717 2523 759 2562 in
791 2523 937 2574 globo,
979 2528 1021 2564 et
1055 2525 1151 2575 quid
1183 2525 1594 2566 animadvertendum
1637 2529 1677 2567 in
1712 2531 1946 2573 earumdem

185 2582 383 2620 censuris.
416 2582 518 2623 323.

125 2638 338 2679 Prudentii
368 2651 510 2679 versus
542 2640 594 2678 de
623 2640 807 2680 tenenda
837 2641 997 2681 unitate
1029 2640 1126 2680 fidei
1157 2654 1247 2681 cum
1280 2641 1480 2682 cathedra
1510 2644 1712 2686 Romana.
1748 2648 1845 2691 140.

126 2705 406 2783 Quesnellus
437 2726 676 2766 Paschalius
706 2728 921 2778 allegatus.
957 2728 1025 2767 14.
1057 2730 1130 2768 85.
1163 2729 1203 2767 in
1237 2732 1350 2767 nota.
1385 2730 1485 2771 107.

125 2795 402 2855 Relationes
434 2825 648 2853 causarum
678 2813 772 2853 fidei
804 2814 858 2853 ad
888 2815 1028 2856 sedem
1047 2816 1323 2866 Apostolicam
1354 2817 1405 2855 ob
1438 2820 1714 2859 necessariam
1745 2823 1945 2864 unitatem

185 2885 275 2912 cum
318 2873 498 2921 ejusdem
536 2873 646 2912 sedis
677 2872 772 2912 fide.
820 2874 921 2914 156.
995 2876 1057 2914 De
1097 2876 1371 2914 relationibus
1411 2876 1695 2918 Africanorum
1737 2881 1779 2919 in
1824 2894 1949 2922 causa

184 2932 435 2981 Pelagiana,
470 2935 512 2970 et
545 2932 650 2971 duae
683 2932 891 2971 referendi
924 2946 1071 2973 causae
1103 2935 1155 2973 ab
1188 2935 1334 2973 iisdem
1365 2934 1590 2978 indicatae.
1621 2938 1677 2976 ibi
1710 2943 1751 2978 et
1783 2952 1898 2992 seqq.

124 2991 337 3030 Romanae
369 2988 502 3036 sedis,
550 2991 615 3029 vel
646 2991 863 3032 Ecclesiae
903 2994 1222 3044 praerogativae
1254 2995 1446 3044 propriae
1483 2996 1681 3045 primatus
1713 3005 1950 3050 competunt

186 3048 455 3089 Pontificibus
487 3050 708 3096 Romanis,
750 3062 825 3090 nec
855 3052 927 3091 alii
958 3056 1053 3091 sunt
1085 3052 1375 3093 vindicandae.
1409 3054 1478 3094 13.
1513 3054 1612 3094 100.
1645 3057 1748 3096 268.
1810 3059 1948 3098 Inanis

185 3108 398 3147 distinctio
442 3109 550 3147 inter
590 3109 729 3148 sedem
766 3114 808 3149 et
848 3111 1151 3161 praesidentem
1192 3115 1409 3162 expuncta.
1444 3113 1514 3151 18.
1548 3114 1647 3153 100.
1709 3117 1874 3159 Quanta
1906 3124 1946 3158 et

187 3178 305 3216 quam
336 3168 558 3216 peculiaris
588 3168 798 3207 Romanae
830 3170 941 3208 sedis
972 3171 1214 3209 auctoritas.
1250 3171 1349 3209 160.
1391 3172 1532 3221 quanti
1574 3172 1717 3214 habita
1757 3177 1809 3215 ab
1840 3178 1946 3217 Afri-

188 3225 318 3265 canis.
353 3226 452 3265 109.
514 3227 646 3275 Hujus
677 3228 787 3266 sedis
812 3229 970 3278 judicio
1005 3229 1124 3268 finita
1154 3241 1280 3269 causa
1310 3230 1639 3280 Pelagianorum,
1673 3245 1721 3272 ac
1753 3239 1843 3275 tota
1875 3237 1948 3276 du-

187 3284 335 3322 bitatio
368 3284 543 3325 sublata.
577 3285 677 3326 162.
713 3287 811 3328 163.
874 3289 975 3327 Post
1002 3288 1203 3338 judicium
1236 3288 1348 3328 sedis
1380 3289 1560 3340 ejusdem
1590 3303 1663 3342 per
1693 3306 1738 3332 se
1770 3306 1850 3334 non
1882 3302 1946 3335 est

190 3354 293 3393 opus
324 3343 500 3382 concilio
531 3344 730 3392 generali.
765 3346 864 3387 186.
909 3348 988 3386 etsi
1019 3347 1240 3398 aliquando
1285 3347 1428 3387 eadem
1460 3349 1580 3388 sedes
1611 3354 1822 3393 consensit
1852 3367 1946 3395 con—

191 3401 401 3440 vocationi
434 3402 637 3452 generalis
670 3404 860 3451 concilii,
883 3406 1084 3456 judicium
1115 3410 1251 3446 tamen
1281 3407 1562 3458 Apostolicum
1594 3410 1635 3449 in
1669 3413 1945 3462 quaestionem

194 3459 344 3499 adduci
377 3472 581 3511 nunquam
613 3462 848 3508 consensit,
891 3468 934 3504 et
964 3470 1162 3516 quatenus
1193 3465 1296 3505 haec
1334 3468 1581 3508 convocatio
1613 3470 1714 3510 nihil
1746 3474 1948 3524 praejudi-

192 3523 256 3558 cet
289 3519 420 3559 eidem
453 3520 710 3561 auctoritati.
745 3521 844 3560 179.
882 3523 979 3564 186.
1015 3525 1114 3565 187.
1162 3526 1365 3565 Primatus
1395 3538 1468 3566 eur
1499 3526 1710 3570 Romanae
1741 3531 1827 3570 sedi
1860 3529 1929 3571 alli
