2320 3990
950 170 1627 242 ——34-—2

482 344 536 399 3.
577 342 720 398 Haec
759 351 928 395 autem
966 340 1100 394 ratio
1139 359 1243 395 non
1280 340 1492 412 perinde
1524 341 1579 395 in
1618 342 1709 395 hac
1726 380 1740 406 ,
1781 350 1932 412 atque
1956 341 2011 395 in
2037 342 2196 414 priori

343 431 640 505 quaestione
666 429 856 494 evenit,
883 427 1031 484 varia
1056 438 1108 483 et
1135 445 1322 500 anceps
1349 437 1456 493 est,
1483 429 1573 483 sed
1595 447 1698 483 una
1723 438 1776 483 et
1800 430 2006 483 omnino
2034 439 2195 494 certa,

340 539 470 594 quae
497 519 800 592 exploratae
826 517 1090 571 traditioni
1125 515 1340 582 innixa,
1383 515 1620 570 concordi
1656 516 1879 570 omnium
1919 517 2073 572 etiam
2112 517 2197 570 ad-

339 607 684 664 versariorum
711 606 1030 661 confessione
1056 606 1325 679 probatur,
1363 603 1599 658 nimirum
1625 603 1795 658 unitas
1819 604 2087 661 Ecclesiae
2113 623 2199 659 ca-

343 694 590 762 tholicae,
632 695 712 750 cui
738 705 792 747 ut
819 713 891 749 ex
931 713 1091 766 aequo
1130 693 1539 767 prospiceretur,
1578 710 1710 745 unus
1736 710 1998 766 supremus
2024 703 2201 767 pastor

343 784 427 857 qui
452 803 566 838 eam
592 782 840 836 unitatem
867 783 1147 837 custodiret
1177 792 1327 853 atque
1351 791 1610 847 tueretur,
1639 780 1736 834 toti
1760 778 2024 837 Ecclesiae
2053 801 2202 855 prae-

345 872 540 946 positus
566 870 675 924 fuit.
731 869 924 925 Omnes
951 871 1150 943 quidem
1176 880 1411 943 pastores
1440 879 1492 923 et
1517 870 1752 923 doctores
1769 910 1782 936 ,
1811 888 1902 924 seu
1929 869 2089 943 (quod
2115 888 2203 923 eo·-

346 961 455 1014 dem
483 957 695 1032 recidit)
722 956 967 1032 Episcopi
993 978 1170 1013 omnes
1197 978 1258 1012 eo
1287 958 1500 1013 consilio
1527 956 1789 1012 Ecclesiae
1827 962 2031 1013 fuerunt
2055 977 2203 1031 prae—

345 1048 464 1102 fecti
480 1087 493 1113 ,
520 1057 578 1100 ut
603 1049 713 1120 ejus
739 1047 922 1101 unitati
949 1047 1326 1120 prospicerent,
1355 1046 1768 1118 quemadmodum
1795 1048 1953 1101 tradit
1977 1047 2205 1120 Aposto-

347 1121 424 1190 lus
446 1136 506 1189 ad
525 1133 717 1207 Ephes.
739 1155 782 1189 c.
800 1137 852 1189 4.
895 1135 970 1187 At
995 1135 1131 1189 inter
1157 1154 1403 1188 summum
1430 1133 1732 1189 Pontificem
1760 1146 1811 1189 et
1838 1136 1973 1189 inter
1991 1134 2206 1208 Episco-

347 1243 438 1298 pos
467 1224 688 1294 reliquos
715 1222 834 1276 illud
860 1223 1086 1277 maxime
1111 1223 1346 1290 interest,
1375 1224 1505 1294 quod
1534 1222 1662 1295 (vid.
1692 1223 1931 1277 Bossuet.
1960 1222 2204 1296 Exposit.

349 1313 508 1365 doctr.
527 1312 713 1364 cathol.
731 1329 774 1364 c.
790 1311 878 1363 21.
895 1311 948 1363 in
968 1311 1086 1383 fin.)
1114 1311 1182 1377 hi,
1210 1330 1320 1365 cum
1341 1311 1395 1364 in
1416 1312 1810 1383 particularibus
1829 1322 2026 1365 tantum
2048 1312 2209 1366 eccle-

350 1400 439 1454 siis
460 1397 728 1471 primatum
748 1407 990 1464 teneant,
1014 1399 1076 1451 ad
1096 1397 1343 1451 unitatem
1363 1408 1560 1451 tantum
1575 1400 1956 1471 particularium
1971 1399 2210 1452 ecclesia-

349 1507 456 1541 rum
475 1527 489 1552 ,
517 1505 644 1558 quae
671 1495 839 1540 tamen
868 1486 922 1539 in
947 1485 1106 1539 totius
1133 1483 1398 1540 Ecclesiae
1424 1486 1673 1540 unitatem
1701 1487 1934 1553 confluit,
1974 1488 2210 1540 tuendam

350 1574 554 1650 proprio
575 1577 693 1647 jure
720 1594 811 1648 per
838 1594 894 1629 se
921 1594 976 1628 se
1002 1585 1237 1628 utantur:
1267 1572 1533 1628 Romanus
1562 1585 1729 1628 autem
1744 1574 1991 1628 Pontifex
2022 1594 2133 1629 cum
2159 1574 2212 1628 in

353 1662 410 1718 S.
427 1662 586 1718 Petro
614 1663 886 1736 primatum
915 1661 1167 1734 acceperit
1193 1662 1245 1714 in
1273 1661 1611 1716 universalem
1637 1661 1940 1729 Ecclesiam,
1969 1664 2031 1716 ad
2057 1663 2213 1716 totius

354 1750 618 1806 Ecclesiae
654 1750 901 1804 unitatem
941 1749 1145 1822 proprio
1178 1751 1294 1821 jure
1331 1749 1682 1804 vindicandam
1721 1761 1772 1804 et
1811 1752 2211 1806 conservandam

354 1840 548 1915 positus
577 1840 660 1893 sit.
713 1837 888 1910 Itaque
926 1837 1174 1911 primatus
1213 1839 1319 1910 ejus
1345 1838 1639 1893 instituendi
1666 1839 1798 1892 ratio
1838 1858 1941 1892 non
1966 1839 2213 1892 unitatem

358 1929 665 1983 solummodo
683 1968 696 1994 ,
734 1928 822 1981 sed
847 1926 1005 1980 totius
1033 1926 1312 1980 catholicae
1337 1925 1603 1982 Ecclesiae
1629 1927 1877 1981 unitatem
1904 1944 2214 1981 conservan-

358 2020 470 2072 dam
497 2016 798 2090 prospexit,
838 2025 894 2068 ut
920 2015 971 2068 in
998 2015 1362 2088 propositionis
1390 2016 1554 2089 prima
1580 2027 1727 2089 parte
1754 2016 1993 2069 diximus.
2045 2014 2101 2068 Id
2129 2034 2216 2068 au-

358 2116 460 2160 tem
486 2115 565 2159 tot
590 2103 804 2159 Patrum
832 2102 1138 2157 testimoniis
1166 2104 1338 2174 liquet,
1365 2114 1422 2156 ut
1448 2106 1507 2158 de
1535 2105 1793 2158 constanti
1818 2103 2084 2158 Ecclesiae
2110 2114 2217 2156 tra-

360 2194 550 2248 ditione
577 2194 630 2246 in
657 2211 717 2246 eo
746 2190 1042 2244 addubitare
1070 2190 1434 2245 catholicorum
1461 2211 1608 2246 nemo
1636 2192 1817 2265 possit.
1859 2191 1975 2265 Ipsa
2001 2190 2220 2245 Sancto·

361 2302 469 2335 rum
496 2280 711 2334 Patrum
738 2280 898 2335 verba
924 2278 1003 2332 hic
1029 2281 1274 2333 referrem
1290 2320 1304 2344 ,
1345 2279 1445 2332 nisi
1472 2281 1646 2334 eadem
1684 2282 1843 2334 fusius
1871 2278 2220 2353 opportuniori

364 2373 472 2424 loco
501 2369 835 2423 describenda
861 2377 1036 2421 essent
1063 2366 1228 2439 capite
1258 2366 1342 2420 13.
1383 2367 1469 2420 ubi
1494 2366 1708 2421 Patrum
1746 2367 1952 2422 traditio
1979 2367 2032 2419 in
2059 2377 2220 2420 totum

366 2467 597 2530 systema
633 2456 1060 2527 comprobandum
1095 2464 1402 2527 exponetur.
1470 2453 1663 2509 Confer
1700 2456 1882 2510 ibidem
1917 2454 2220 2527 praesertim

366 2554 544 2598 textus
572 2539 857 2615 Cypriani,
900 2541 1106 2615 optati,
1133 2541 1381 2609 Paciani,
1410 2543 1744 2617 Hieronymi,
1785 2543 1982 2598 Leonis
2021 2541 2222 2614 Magni,

366 2643 418 2686 et
457 2631 670 2685 aliorum
709 2631 971 2697 similium,
1012 2630 1096 2702 qui
1134 2630 1403 2702 primatum
1438 2629 1495 2685 S.
1525 2630 1685 2686 Petro
1723 2633 1960 2686 traditum
2001 2649 2224 2704 pronun-

365 2721 499 2773 tiant
532 2720 666 2773 bono
701 2719 944 2785 unitatiS,
995 2729 1050 2771 ut
1088 2716 1354 2773 Ecclesiae
1392 2720 1562 2773 unitas
1610 2721 1662 2774 in
1701 2740 1761 2775 eo
1798 2723 2133 2784 formaretur,
2174 2726 2222 2771 et

369 2805 727 2861 schismatibus
744 2847 758 2872 ,
788 2826 915 2877 quae
943 2806 1192 2859 unitatem
1219 2806 1537 2874 scinderent,
1567 2809 1854 2862 auferretur
1879 2807 2100 2862 occasio.

518 2896 570 2947 4.
611 2893 794 2965 Neque
819 2894 869 2948 id
896 2905 1130 2948 auctores
1147 2934 1164 2959 ,
1191 2913 1317 2964 quos
1346 2895 1670 2950 adversarios
1697 2897 1966 2960 habemuS,
1991 2893 2226 2956 inficiari,

372 2992 458 3036 aut
482 2982 534 3035 in
561 2982 758 3035 dubium
784 3000 1029 3037 revocare
1055 2991 1343 3054 potuerunt.
1397 2980 1532 3050 Quin
1559 3001 1669 3035 cum
1706 2981 1758 3034 in
1788 2982 1899 3034 aliis
1926 3001 2029 3034 non
2055 2981 2227 3055 paucis

374 3070 510 3125 circa
538 3071 894 3125 auctoritatem
920 3069 1224 3124 Pontificum
1250 3069 1451 3123 ratione
1472 3069 1722 3142 *primatus
1749 3069 2055 3123 dissentiant
2082 3089 2112 3122 a
2137 3088 2229 3122 no-

374 3158 451 3213 bis
468 3199 482 3224 ,
522 3158 575 3211 in
602 3159 694 3213 hoc
722 3161 870 3233 plane
898 3157 1250 3224 consentiunt,
1291 3168 1342 3212 et
1366 3158 1419 3213 vi
1446 3176 1571 3212 sane
1607 3158 1765 3231 ipsius
1791 3158 2081 3211 traditionis
2109 3176 2229 3211 con·

377 3246 628 3300 sentiunt:
665 3249 796 3303 unde
821 3247 1056 3303 Nicolius
1093 3246 1227 3302 inter
1252 3246 1548 3301 Gallicanos
1587 3246 1909 3300 adversarios
1937 3245 2151 3300 celebris
2177 3245 2229 3297 in

378 3332 616 3388 Instruct.
650 3336 717 3389 10
753 3337 808 3389 in
847 3335 1146 3410 Symbolum
1185 3335 1389 3409 scripsit
1427 3335 1475 3405 §.
1508 3336 1592 3389 10.
1671 3336 1756 3388 La
1791 3338 2056 3391 tradition
2094 3352 2230 3386 nous

379 3425 658 3494 appi-end,
685 3443 786 3494 que
813 3426 958 3479 Dieu
975 3445 1124 3496 pour
1150 3444 1436 3479 conserver
1461 3444 1559 3478 son
1588 3426 1774 3495 Eylise
1801 3443 1866 3476 en
1891 3425 2041 3476 unite
2065 3442 2099 3474 a
2126 3424 2231 3474 e'ta-

381 3512 458 3566 bh·
481 3531 585 3565 une
612 3512 799 3565 chaire
827 3521 879 3566 et
904 3517 1141 3568 autorite'
1178 3517 1492 3584 supet-imre
1522 3532 1672 3583 pour
1709 3513 1898 3564 veiller
1927 3512 1961 3562 ὰ
1988 3509 2042 3561 Ia
2068 3512 2232 3561 vnaiu-
