2314 3984
973 170 1633 232 *alc—-

385 341 747 410 explicando,
797 357 905 391 non
943 344 1259 394 sententiam
1289 347 1554 423 ferendo,
1601 366 1707 417 qua
1740 347 1933 417 fideles
1966 347 2231 417 obliyatos

386 448 500 482 esse
525 429 691 479 velint
714 427 1158 480 acl-credendum.
1197 426 1268 481 Et
1293 429 1526 485 similiter
1546 430 1693 504 (Lib.
1709 432 1761 485 4.
1782 433 1842 486 de
1861 432 2014 488 Rom.
2037 432 2231 487 Pontis.

387 536 431 570 c.
463 513 581 583 14.)
623 510 914 568 Cardinalis
950 513 1289 590 Bellarminus
1323 517 1724 586 notavit-multo
1749 541 1862 575 esse
1900 526 1957 592 in
1991 524 2232 593 epistolis

385 602 776 663 decretalibus,
803 621 941 672 quae
966 621 1075 654 non
1095 607 1315 672 faciunt
1336 624 1451 659 rem
1476 608 1715 679 aliquam
1725 628 1853 663 ,esse
1881 612 1949 662 dc
1971 613 2109 680 fide3
2136 612 2235 662 sed

382 693 555 745 solum
592 693 872 760 opiniones
914 690 1239 762 Pontificum
1285 713 1348 746 ea
1388 697 1444 746 in
1482 714 1542 747 re
1578 696 1731 750 nobis
1759 698 2073 751 declarant.
2137 696 2232 749 His

381 777 696 852 Apostolicis
721 777 984 850 rescriptis
1004 787 1198 833 summa
1221 781 1417 853 quidem
1436 782 1764 838 observantia
1775 784 1982 838 debetur
1992 804 2084 857 pro
2100 803 2233 838 sum-

381 887 464 921 ma
479 866 876 921 ‘rescribentium
901 867 1150 939 dignitate
1174 879 1324 941 atque
1352 870 1685 938 auctoritate3
1713 881 1764 926 et
1789 872 1834 925 si
1854 890 1982 943 quae
2007 874 2140 927 forte
2158 873 2235 926 vi-

382 957 596 1010 deantur
622 954 810 1026 aliquid
833 955 1135 1010 difficultatis
1156 958 1295 1030 *pati3
1325 959 1652 1030 explicanda,
1679 960 2020 1026 concilianda,
2048 970 2100 1014 et
2123 960 2235 1015 vin-

382 1045 593 1100 dicanda
618 1054 752 1110 sunt,
776 1044 820 1098 si
845 1046 988 1099 salva
1011 1046 1230 1100 veritate
1256 1047 1365 1101 fieri
1392 1048 1578 1120 possit:
1607 1058 1659 1101 at
1680 1067 1788 1102 cmn
1815 1048 1867 1102 in
1889 1049 2128 1121 ejusmodi
2155 1068 2235 1103 re-

382 1133 582 1206 sponsis
610 1133 672 1186 ad
696 1132 1050 1205 prudentiam?
1079 1145 1130 1188 et
1155 1135 1390 1208 opinandi
1416 1137 1620 1209 regulas
1644 1136 2014 1209 pertinentibus
2048 1137 2233 1189 nullum

383 1223 495 1276 fidei
521 1223 702 1292 dogma
724 1219 806 1293 (in
831 1240 929 1290 quo
944 1223 1229 1276 continetur
1244 1234 1296 1278 et
1306 1223 1362 1297 *)
1386 1244 1580 1278 morum
1603 1226 1852 1279 naturalis
1865 1243 1923 1279 ac
1938 1225 2092 1280 divini
2104 1225 2234 1297 juris

382 1307 642 1380 doctrina)
669 1308 924 1361 definitum
956 1309 1052 1362 dici
1079 1320 1259 1380 queat,
1287 1312 1722 1382 objectae,.sicubi
1749 1321 2085 1385 opponantur,
2110 1313 2236 1366 diffi-

381 1398 595 1452 cultates
622 1414 724 1449 non
748 1405 866 1448 sunt
888 1397 1180 1450 necessario
1208 1398 1479 1452 solvendae
1505 1400 1565 1452 ab
1591 1399 1708 1465 illis,
1730 1400 1815 1470 qui
1829 1397 2147 1454 Pontificiam
2160 1401 2237 1454 in-

381 1486 662 1540 errantiam
686 1485 809 1537 solis
833 1485 946 1538 fidei
959 1485 1332 1540 definitionibus
1358 1488 1659 1559 promissam
1672 1488 2019 1543 vindicandam
2045 1507 2235 1543 sumse-

380 1585 516 1628 runt.
547 1572 680 1642 Quid
704 1573 835 1643 quod
855 1574 1042 1628 multae
1069 1574 1218 1628 etiam
1241 1576 1542 1642 sententiae,
1571 1595 1699 1647 quae
1724 1577 1777 1629 in
1797 1575 2102 1631 Pontificum
2129 1578 2235 1633 sive

381 1663 624 1737 epistoliS,
651 1662 758 1716 sive
772 1663 1114 1728 concionibus,
1143 1663 1252 1719 sive
1264 1664 1376 1717 aliis
1402 1665 1704 1735 quibuslibet
1717 1685 1889 1719 eorum
1912 1666 2236 1739 operibusin-

379 1771 606 1826 spei-sae,
636 1751 837 1804 etiamsi
863 1751 1160 1817 veritatem,
1189 1751 1370 1821 aut**)
1401 1754 1598 1824 aliquod
1624 1755 1805 1825 dogma
1833 1755 2125 1808 contineant
2143 1797 2157 1821 ,
2186 1767 2236 1810 et

379 1841 679 1897 verissimae
692 1839 794 1892 sint
809 1861 821 1905 3
839 1858 941 1892 non
955 1849 1127 1894 tamen
1138 1841 1250 1894 fidei
1265 1842 1579 1895 definitiones
1595 1842 1691 1896 dici
1704 1852 1892 1913 queunt
1907 1867 1920 1910 ς
1939 1843 2084 1896 sicuti
2098 1844 2235 1897 simi-

383 1932 456 1983 les
485 1928 771 1983 sententiae
794 1927 848 1979 in
874 1928 986 1980 aliis
1013 1927 1256 1982 Patribus
1277 1929 1534 1995 inventae,
1562 1930 1832 2003 opinioniS,
1859 1933 1941 1986 vel
1967 1933 2233 2003 dogmatiS,

383 2020 454 2072 uti
482 2018 720 2071 materies
747 2019 871 2082 fert,
909 2017 1204 2070 testimonia
1242 2028 1385 2083 sunt,
1422 2018 1738 2072 definitiones
1778 2030 1944 2073 autem
1983 2020 2096 2073 fidei
2133 2039 2235 2073 non

381 2109 519 2161 item.
572 2104 718 2158 Fidei
754 2105 887 2158 enim
928 2106 1242 2159 definitiones
1279 2108 1482 2179 proprie
1510 2107 1701 2172 dictae,
1739 2108 1916 2178 quibus
1952 2127 2123 2180 perse
2152 2110 2236 2162 dc-

382 2198 529 2251 betur
556 2194 725 2247 unitas
751 2193 882 2259 fidei,
910 2193 998 2246 illa
1023 2203 1238 2260 tantum,
1267 2205 1323 2246 ut
1351 2206 1500 2250 antea
1527 2195 1910 2268 explicavimus,
1936 2196 2236 2270 Apostolica

381 2286 583 2338 decreta
611 2292 729 2335 sunt
755 2282 1007 2347 habenda,
1048 2283 1101 2336 in
1137 2283 1313 2352 quibus
1352 2284 1414 2336 ob
1456 2284 1711 2338 excitatas
1752 2286 2130 2341 controversias
2155 2287 2232 2341 vel

381 2374 564 2444 dogma
612 2370 811 2441 aliquod
850 2372 908 2424 de
947 2371 1040 2424 fide
1082 2372 1380 2424 credendum
1428 2373 1743 2439 decernitur,
1789 2375 1871 2428 vel
1910 2393 2056 2428 error
2090 2374 2234 2428 alicui

381 2459 604 2531 dogmati
631 2459 917 2511 contrarius
945 2460 1240 2524 damnatur,
1278 2470 1332 2511 ut
1360 2478 1428 2513 ex
1456 2461 1698 2531 primatus
1727 2462 1889 2514 officio
1929 2462 2097 2514 unitas
2123 2463 2234 2516 fidei

382 2556 643 2611 servetur,
671 2547 957 2617 fratresque
985 2548 1341 2600 confirmentur
1367 2547 1419 2599 in
1445 2548 1563 2601 fide:
1603 2549 1781 2619 quibus
1817 2559 1986 2603 tamen
2013 2549 2138 2622 ipsis
2167 2550 2234 2603 si-

379 2656 478 2708 qua
504 2634 668 2688 obiter
703 2634 1023 2700 inserantur,
1060 2635 1141 2689 vel
1177 2645 1232 2687 ut
1269 2634 1539 2706 objectioni
1577 2637 1971 2707 respondeatur,
2019 2639 2101 2693 vel
2140 2658 2233 2691 ex-

379 2723 593 2798 plicandi
618 2722 788 2794 gratia
814 2733 1020 2795 praeter
1045 2722 1368 2796 praecipuam
1394 2723 1790 2795 propositionem
1817 2724 1931 2797 (lib.
1961 2728 2013 2779 5.
2041 2727 2100 2780 de
2127 2725 2234 2779 Lo-

382 2814 455 2867 cis
484 2832 527 2866 c.
557 2810 661 2880 5),
690 2829 751 2864 ea
777 2830 879 2864 non
906 2811 1163 2883 pertinere
1191 2812 1252 2865 ad
1279 2811 1618 2866 definitionem
1645 2813 1756 2867 fidei
1782 2812 2033 2868 Melchior
2061 2812 2234 2869 Canus

382 2900 753 2956 animadvertit.

503 3081 543 3134 ’)
576 3082 687 3122 Hinc
726 3081 872 3121 Clerus
917 3080 1160 3122 Gallicanus
1210 3079 1447 3122 Censuram
1492 3085 1534 3120 et
1576 3080 1910 3121 declarationem
1953 3082 2151 3133 scriptam
2193 3083 2233 3121 in

384 3146 594 3183 conventu
626 3143 723 3181 anni
758 3143 891 3181 1700.
938 3142 1002 3181 his
1042 3141 1181 3180 verbis
1223 3141 1453 3180 exorditur.
1519 3141 1791 3191 Religionem
1828 3143 2122 3183 Christianam
2150 3139 2233 3188 fide

383 3208 423 3245 ot
456 3204 645 3245 moribus
687 3206 907 3251 constare3
957 3195 1205 3253 dogmatum
1248 3204 1389 3242 autem
1431 3204 1519 3242 tum
1552 3199 1663 3251 fidei
1707 3204 1798 3241 tum
1838 3215 2002 3243 morum
2042 3202 2231 3243 eumdem

382 3279 472 3305 esse
511 3264 703 3315 fontem,
744 3267 784 3303 et
827 3264 930 3304 bene
966 3263 1141 3303 vivendi
1181 3265 1376 3313 regulam
1420 3263 1477 3303 ad
1515 3262 1661 3313 ipsum
1698 3261 1809 3312 fidei
1851 3267 1987 3315 capul
2017 3265 2234 3315 pertinere

388 3325 579 3366 Ecclesia
612 3324 824 3365 catholica
855 3336 1022 3375 semper
1052 3324 1279 3364 intellexi-t.

483 3414 547 3466 **)
581 3415 826 3454 Sententiae
860 3414 1059 3465 ejusmodi
1093 3414 1259 3465 aliquod
1292 3413 1441 3464 dogma
1463 3413 1743 3464 exprimentes
1777 3426 1828 3454 ex
1853 3413 2100 3454 Pontificum
2133 3427 2232 3465 ope-

386 3475 499 3514 ribus
533 3478 716 3520 sumtae,
751 3475 804 3513 ad
838 3475 1093 3526 probandam
1126 3474 1288 3526 quidem
1320 3475 1535 3513 Romanae
1580 3474 1783 3514 ecclesiae
1815 3474 2108 3517 traditionem,
2151 3486 2230 3513 non

384 3547 484 3577 vero
518 3536 572 3576 ad
603 3535 860 3587 probandam
892 3537 1063 3588 proprie
1095 3535 1248 3577 dictam
1281 3534 1564 3575 definitionem
1596 3534 1693 3574 fidei
1728 3535 1974 3576 referendae
2006 3533 2118 3575 sunt.
