2320 3990
716 280 806 285 —
831 281 889 285 ⁷—
978 263 1105 299 xvn
1202 276 1374 284 -·--

131 419 451 494 probationes
486 432 558 468 ex
596 432 743 469 sacra
767 413 1059 485 Scriptura,
1101 431 1170 465 ac-
1195 410 1463 464 traditione
1487 407 1698 462 Patr-um
1722 409 1796 462 ita
1822 410 1958 464 vide-

130 522 286 575 bimus
304 520 527 591 ipsorum
543 535 738 587 quoque
759 514 1162 570 adversariorum
1178 510 1486 566 testimoniis
1506 510 1714 577 adstrui,
1725 511 1958 584 utipsum

129 619 422 693 principium
457 618 618 688 quoad
655 615 994 670 necessariam
1027 615 1177 667 etiam
1212 611 1327 664 fidei
1348 611 1593 664 unitatem
1618 629 1710 683 per
1733 630 1789 666 se
1814 614 1959 666 abso-

132 723 232 774 lute
257 738 358 772 non
382 729 601 790 negent,
635 719 722 771 sed
759 715 1048 787 quibusdam
1073 722 1268 766 tantum
1294 711 1491 782 effugiis
1517 720 1568 764 et
1593 713 1961 767 conditionibus

131 822 362 874 studeant
387 820 728 889 restringere,
751 835 879 887 quae
901 827 1070 870 tamen
1095 815 1291 886 inepta,
1319 823 1370 866 et
1394 811 1589 865 inutilia
1613 831 1728 867 esse
1752 816 1961 886 patebit,

132 922 230 975 nisi
265 919 577 992 praestitutis
620 917 906 990 principiis,
953 936 1081 987 quae
1118 915 1394 970 concedere
1430 913 1592 967 coacti
1627 915 1856 981 fuerunt,
1899 936 1961 969 ue

133 1022 422 1077 catholicum
461 1022 639 1090 dogma
676 1035 746 1072 ex
771 1017 1048 1090 Scripturis
1084 1035 1142 1070 ac
1179 1015 1451 1069 traditione
1485 1015 1804 1087 exploratum
1843 1037 1963 1071 con-

132 1124 397 1177 vincantur
434 1122 694 1184 deserere,
746 1118 1036 1173 renuntiare
1073 1116 1246 1171 velint.
1322 1115 1454 1169 Hinc
1489 1135 1640 1188 porro
1681 1135 1789 1170 cum
1829 1121 1963 1173 clare

135 1233 466 1293 consequetur
486 1221 827 1274 Romanor-mn
846 1218 1145 1271 Antistitum
1162 1217 1490 1270 infallibilitas
1516 1217 1568 1270 in
1595 1218 1964 1274 delinitionibus

136 1325 270 1390 fidei,
311 1325 486 1393 quibus
522 1322 631 1375 fidei
667 1322 834 1374 unitas
870 1339 939 1374 ex
974 1319 1257 1374 constitutis
1283 1320 1587 1390 praestanda
1613 1330 1691 1372 est
1717 1322 1776 1373 ab
1805 1324 1964 1375 omni-

136 1428 226 1478 bus
262 1435 312 1478 et
349 1444 379 1476 a
415 1434 523 1475 tota
559 1422 800 1474 catholica
835 1431 981 1490 atque
1018 1420 1264 1472 infallibili
1287 1418 1544 1486 Ecclesia3
1584 1420 1965 1476 incohaerentia

140 1525 538 1578 adversariorum
591 1524 880 1593 detegetur,
933 1522 1044 1573 dum
1095 1530 1210 1592 post
1260 1540 1498 1574 concessa
1546 1521 1790 1593 principia
1840 1523 1966 1577 banc

137 1624 538 1696 praerogativam
576 1624 884 1693 impugnant.
936 1621 1064 1674 Huic
1101 1631 1263 1674 autem
1302 1622 1669 1674 infallibilitatis
1706 1623 1967 1694 privilegio

138 1726 283 1778 iidem
322 1722 597 1777 adversarii
631 1722 754 1774 nihil
789 1722 955 1792 reipsa
994 1722 1177 1774 babent
1209 1722 1339 1791 quod
1365 1732 1618 1793 opponant
1645 1741 1713 1775 ex
1739 1722 1967 1796 Scriptu-

140 1844 308 1878 rarum
355 1844 412 1877 ac
450 1823 736 1876 traditionis
783 1823 1110 1888 auctoritate,
1157 1841 1282 1893 quae
1319 1841 1426 1876 cum
1462 1823 1677 1876 laudatis
1710 1825 1966 1898 principiis

141 1927 414 1979 cohaerens
448 1935 554 1977 tota
590 1934 764 1977 nostra
792 1934 898 1990 est,
939 1935 992 1976 ut
1016 1925 1275 1996 perspicue
1300 1925 1607 1996 probabitur.
1662 1924 1827 1978 Unum
1853 1937 1966 1979 tan-

140 2027 414 2090 tummodo,
454 2027 580 2095 quod
618 2026 753 2097 ipsos
785 2027 894 2098 jure
931 2025 1240 2097 permovisse
1265 2026 1425 2080 videri
1449 2036 1640 2098 potest,
1687 2037 1802 2079 sunt
1828 2046 1967 2081 mera

140 2130 272 2178 facta
296 2128 613 2195 quorumdam
641 2145 868 2179 errorum
895 2126 1028 2179 circa
1052 2127 1192 2179 fidem
1210 2166 1223 2191 ,
1252 2127 1335 2196 qui
1359 2128 1612 2180 nonnullis
1638 2126 1966 2204 Pontificibus

143 2226 441 2277 tribuuntur.
493 2224 600 2276 Hos
633 2243 753 2277 vero
792 2243 1023 2289 errores,
1063 2225 1147 2294 qui
1181 2236 1299 2278 sunt
1322 2237 1624 2298 postremum
1652 2228 1967 2281 adversario-

144 2344 250 2377 rum
290 2325 548 2394 effugium,
587 2326 696 2376 dum
736 2325 1076 2390 excutiemus,
1115 2327 1308 2397 patebit
1340 2328 1419 2382 vel
1455 2346 1557 2380 non
1594 2346 1708 2381 esse
1745 2348 1965 2392 erroreS,

144 2427 252 2489 vel,
282 2426 326 2477 si
353 2443 553 2478 errores
579 2425 710 2490 sint,
743 2444 851 2495 *non
877 2444 990 2478 esse
1016 2445 1219 2480 errores
1246 2428 1583 2481 definitionum
1610 2429 1748 2495 fidei,
1792 2432 1966 2500 quibus

142 2537 331 2578 tantum
371 2545 439 2578 ex
467 2526 721 2597 principiis
748 2527 1026 2579 statuendis
1051 2527 1163 2581 fidei
1188 2529 1358 2581 unitas
1385 2529 1616 2595 debetur,
1656 2540 1707 2582 et
1732 2531 1966 2584 infallibi-

143 2628 258 2679 litas
284 2627 605 2698 adjudicanda
630 2637 734 2680 est:
777 2627 860 2679 ubi
879 2628 1120 2699 ejusmodi
1145 2630 1481 2683 definitionum
1507 2640 1686 2693 notae,
1713 2641 1765 2684 et
1791 2632 1967 2685 chara-

145 2737 332 2791 ctereS,
372 2727 548 2796 quibus
574 2729 948 2795 discernantur,
988 2730 1398 2801 explicabuntur,
1437 2731 1696 2800 omnisque
1722 2733 1965 2796 confusio,

144 2845 268 2895 quae
315 2828 714 2880 adversariorum
752 2829 1067 2898 praejudiciis
1106 2847 1305 2882 causam
1339 2831 1497 2894 dedit,
1541 2832 1812 2882 auferetur.
1876 2831 1965 2884 Ex

143 2926 218 2978 his
259 2927 426 2995 itaque
472 2926 588 2978 illud
634 2928 955 2998 perspicitur,
1000 2930 1468 2999 quam'necessaria
1507 2929 1573 2981 sit
1609 2930 1761 2982 totius
1800 2933 1965 3003 operis

145 3027 291 3079 lectio
309 3065 322 3091 ‚
363 3036 626 3095 antequam
652 3027 895 3099 quispiam
920 3040 1194 3101 repugnet,
1222 3040 1273 3083 et
1299 3049 1445 3100 quam
1470 3029 1800 3100 importunum
1829 3044 1965 3087 esset

143 3127 194 3177 in
230 3115 582 3198 principiorum
612 3129 914 3183 tractatione
948 3130 1260 3184 difficultates
1285 3131 1551 3183 obtrudere
1578 3147 1647 3182 ex
1674 3132 1965 3200 quibusdam

145 3226 430 3290 erroribuS‚
479 3227 560 3296 qui
596 3245 686 3299 per
724 3246 778 3282 se
812 3248 913 3282 non
952 3241 1179 3302 spectant
1218 3231 1278 3283 ad
1315 3231 1423 3300 ipsa
1459 3229 1729 3301 principia,
1778 3226 1879 3288 sed*
1903 3236 1963 3286 ad

146 3326 510 3379 infallibilitatis
561 3329 931 3397 quaestionem,
983 3332 1042 3384 de
1092 3350 1188 3400 qua
1237 3338 1349 3399 post
1400 3329 1670 3381 constituta
1719 3332 1962 3403 principia

148 3426 314 3478 ultimo
359 3437 551 3502 tantum
589 3429 749 3500 capite
792 3441 986 3502 agetur.
1063 3429 1207 3500 Lege
1246 3438 1512 3498 sequentes
1550 3430 1872 3501 capitulorum
1912 3444 1961 3486 et

207 3532 251 3567 Ρ.
269 3532 417 3567 Bauer.
437 3532 486 3568 de
502 3533 678 3570 Primam
696 3538 772 3569 etc.
1586 3531 1613 3581 b
