2314 3984
537 1049 1438 1164 APPENDIX
1528 1049 1596 1158 I.

765 1394 847 1445 Ad
891 1393 937 1460 ξ.
974 1391 1012 1443 Ι.
1063 1390 1256 1463 Capitis
1291 1389 1385 1442 XI.

173 1544 235 1583 De
266 1543 439 1584 Sanctis
468 1542 596 1591 viris,
641 1541 715 1594 qui
741 1539 986 1590 floruerunt
1014 1539 1060 1578 in
1091 1537 1390 1578 schismatibus
1426 1536 1586 1578 Meletii
1618 1536 1894 1589 Antiochem',
1939 1542 1978 1578 et

174 1603 322 1644 Aeacii
342 1601 823 1653 Constantinopolitani.
865 1599 977 1641 Num
999 1601 1039 1638 et
1061 1601 1270 1650 quatenus
1301 1598 1519 1638 caruerint
1548 1598 1838 1637 communione
1867 1598 1979 1638 sedis

935 1657 1218 1709 Apostolicae.
1472 1657 1477 1659 “

174 1809 222 1860 1.
258 1768 331 1854 P
335 1804 509 1856 robata
528 1801 684 1872 capite
702 1798 956 1851 undecimo
970 1797 1083 1849 libri
1095 1796 1436 1868 praecedentis
1450 1797 1749 1850 necessitate
1768 1814 1983 1851 commu-

174 1893 337 1945 nionis
362 1888 576 1944 omnium
604 1885 957 1939 catholicorum
982 1901 1091 1936 cum
1111 1882 1371 1935 Romanae
1391 1883 1522 1935 sedis
1542 1881 1885 1950 Pontificibus,
1911 1887 1983 1937 uti

176 1998 244 2031 ex
271 1976 506 2031 catholico
543 1974 772 2042 dogmate
812 1971 1137 2023 confitendum
1163 1979 1267 2030 est,
1301 1978 1350 2021 et
1385 1970 1659 2023 adversarii
1684 1990 1875 2041 quoque
1902 1991 1982 2024 ca-

178 2064 343 2117 tholici
370 2063 606 2115 adversus
644 2057 982 2110 schismaticos
1020 2066 1070 2108 et
1095 2055 1373 2109 haereticos
1399 2057 1644 2122 fatentur,
1683 2059 1880 2111 memini
1906 2079 1983 2111 me

180 2148 498 2222 spopondisse
532 2143 948 2215 Appendiculam‚
991 2143 1043 2194 in
1079 2159 1174 2211 qua
1222 2143 1524 2195 declararem
1566 2143 1737 2209 latius,
1785 2164 1901 2196 num
1936 2156 1985 2198 et

179 2246 419 2306 quatenus
452 2233 504 2285 in
541 2230 724 2282 duobus
760 2228 1105 2281 schismatibus
1138 2227 1331 2280 Meletii
1356 2228 1686 2294 Antiocheni‚
1726 2240 1776 2283 et
1810 2230 1985 2284 Acacii

182 2316 718 2388 Constantinopolitani
742 2315 936 2385 quidam
959 2314 1142 2367 fuerint
1156 2315 1481 2385 Apostolicae
1508 2316 1864 2370 communionis
1892 2335 1984 2370 ex-

182 2417 373 2480 perteS,
422 2415 472 2458 et
508 2402 822 2455 nihilominus
867 2402 1000 2454 inter
1049 2410 1250 2454 sanctos
1299 2402 1449 2454 etiam
1485 2422 1516 2455 a
1552 2401 1794 2455 Romanis
1833 2405 1985 2457 hahiti

182 2495 308 2558 sint,
347 2501 396 2545 et
432 2490 585 2543 adhuc
617 2489 908 2541 habeantur.
960 2486 1460 2539 Meletiusnimirum
1496 2488 1840 2542 Antiochenus
1865 2489 1986 2562 Epi-

183 2597 357 2650 scopus
396 2597 427 2631 a
451 2576 681 2629 Romana
715 2593 906 2645 quoque
945 2574 1154 2627 ecclesia
1181 2584 1462 2628 sanctorum
1499 2574 1643 2628 fastis
1672 2577 1984 2641 adscribitur,

183 2667 296 2718 licet
334 2663 590 2716 Romanus
627 2664 732 2732 ejus
769 2660 1006 2731 temporis
1043 2659 1275 2712 Antistes
1311 2679 1411 2712 non
1444 2680 1553 2713 cum
1587 2661 1725 2732 ipso,
1765 2664 1852 2715 sed
1878 2683 1986 2716 cum

186 2749 395 2802 Paulino
422 2748 576 2800 eidem
602 2747 840 2800 ecclesiae
866 2748 1114 2816 praefecto
1141 2746 1548 2812 communicaret3
1577 2748 1703 2800 unde
1716 2748 1988 2802 Antioche-

186 2855 299 2888 num
336 2834 576 2898 schisma,
614 2833 740 2902 quod
777 2832 956 2884 multos
993 2830 1044 2881 in
1079 2841 1247 2901 partes
1287 2831 1554 2897 distraxit,
1593 2835 1854 2885 conflatum
1894 2846 1987 2900 est.

186 2923 295 2975 aliis
334 2920 618 2982 Meletium‚
661 2918 770 2970 aliis
817 2916 1082 2969 Paulinum
1118 2917 1463 2970 Antiochenae
1509 2919 1640 2971 sedis
1689 2918 1984 2992 Episcopum

187 3007 586 3079 agnoscentibus.
638 3004 694 3056 ln
718 3004 972 3058 Acaciano
1001 3021 1150 3074 porro
1178 3003 1470 3069 schismate,
1504 3006 1630 3074 quod
1658 3004 1882 3059 Orientis
1908 3027 1988 3061 ec-

189 3095 364 3148 clesias
392 3113 421 3146 a
440 3092 670 3145 Romana
690 3090 1027 3145 communione
1048 3090 1270 3160 sejunxit
1294 3091 1346 3142 in
1373 3109 1531 3144 annos
1560 3092 1756 3144 circiter
1782 3094 1990 3164 triginta

190 3181 420 3250 quinque,
445 3179 574 3231 inter
600 3177 886 3230 Orientales
914 3187 1111 3229 sanctos
1138 3177 1417 3229 extiterunt
1442 3176 1498 3230 S.
1522 3177 1844 3232 Macedonius
1869 3179 1990 3253 Epi-

193 3284 366 3336 scopus
393 3261 876 3336 Constantinopolis,
904 3262 959 3315 S.
989 3261 1170 3314 Daniel
1195 3261 1394 3328 sulita,
1429 3263 1485 3317 S.
1514 3263 1675 3318 Sabas
1693 3306 1706 3330 ‚
1733 3264 1789 3318 S.
1820 3267 1989 3321 Theo-

193 3352 356 3404 dosius
396 3348 794 3414 Coenobiarcha‚
833 3349 889 3403 S.
917 3348 1054 3402 Elias
1089 3348 1364 3420 Episcopus
1402 3349 1891 3424 Hierosolymorum,
1931 3353 1986 3406 S.

197 3436 464 3490 Flavianus
490 3435 830 3489 Antiochenus
846 3476 860 3500 ‚
888 3447 936 3489 et
962 3435 1017 3490 S.
1046 3435 1266 3490 Joaunes
1292 3434 1629 3491 silentiarius.
