2314 3984
742 249 1121 309 ——26'7
1213 281 1383 292 ———-

169 437 340 475 onnes
376 420 437 473 nd
471 420 710 473 unitatem
723 456 740 484 ‚
777 435 836 472 66
873 420 1081 490 cogebat
1113 418 1231 471 fides
1256 414 1426 480 Petri3
1461 423 1514 469 et
1547 412 1728 467 ideireo
1753 412 1883 482 qnod
1907 409 1963 464 S.

167 504 400 558 heuneus
423 505 554 558 dixit
575 523 784 559 necesse
809 522 922 558 esse
946 522 1120 558 omnes
1141 502 1355 572 undique
1377 501 1544 555 fideles
1562 497 1836 555 convenire
1858 516 1966 552 cum

169 589 398 644 Romana
422 585 541 656 fide,
577 591 703 644 idem
736 601 816 644 est
841 609 900 645 ae
932 590 1096 644 dicere
1131 606 1340 643 neeesse
1363 605 1477 641 esse
1502 603 1674 640 omnes
1698 583 1966 640 convenire

170 694 277 729 cum
300 675 417 741 fide,
455 695 598 746 quam
627 677 844 730 Romani
867 675 1137 730 Pontifices
1163 693 1232 728 ex
1256 673 1417 728 officio
1452 673 1657 726 tradunt
1680 682 1827 741 atque
1852 671 1968 724 deli-

169 762 333 814 niunt:
369 763 413 815 si
439 763 559 817 haee
583 764 805 833 inquam,
843 772 895 817 et
933 761 1030 815 alia
1065 760 1283 831 ejusdem
1306 759 1537 830 generiS‚
1577 776 1704 828 quae
1729 775 1799 812 ex
1825 775 1969 828 prae·

169 848 333 901 missis
359 850 538 915 fluunt,
562 868 684 904 vera
707 858 823 902 sunt
837 887 852 914 ,
876 855 930 901 et
952 855 1318 916 consequenter
1341 864 1514 899 verum
1538 854 1635 909 est,
1661 843 1967 914 dogmaticas

169 935 448 988 eorumdem
478 934 775 989 Pontificum
819 932 1130 987 definitiones
1178 950 1364 1003 cogere
1398 940 1556 984 totam
1593 928 1872 983 Ecclesiam
1908 930 1969 982 ad

170 1020 533 1074 assentiendum
558 1022 767 1084 eisdem,
793 1027 844 1072 et
867 1019 930 1071 ad
955 1017 1172 1089 ejusdem
1196 1018 1308 1071 fidei
1331 1017 1573 1070 unitatem
1598 1016 1800 1068 omnino
1826 1035 1967 1087 prae·

169 1107 422 1172 standam3
472 1107 583 1176 quis
629 1123 730 1159 non
777 1103 942 1158 videat
989 1103 1229 1175 ejusmodi
1275 1102 1586 1156 definitiones
1635 1101 1815 1155 debere
1858 1119 1970 1155 esse

168 1189 481 1244 infallibiles?
529 1191 804 1246 Bossuetus
840 1188 997 1261 (Lib.
1023 1190 1112 1244 15.
1150 1189 1350 1244 Variat.
1375 1207 1429 1241 n.
1455 1186 1540 1258 3.)
1580 1204 1860 1240 sermonem
1897 1189 1970 1240 fa—

168 1275 302 1328 ciens
338 1277 397 1330 de
433 1277 660 1330 doctrina
692 1274 952 1330 Ecclesiae
987 1276 1260 1330 catholicae
1294 1276 1386 1329 hoe
1422 1273 1712 1346 principium
1750 1272 1966 1325 certissi-

171 1379 299 1413 mum
324 1372 499 1432 quarto
524 1363 632 1416 loco
658 1362 820 1434 ponit,
846 1381 952 1414 non
980 1364 1140 1414 licere
1164 1364 1438 1414 discedere
1467 1362 1533 1412 ab
1561 1365 1670 1430 ejus
1698 1361 1970 1412 Ecclesiae

172 1448 415 1500 doctrina
439 1452 576 1501 idem
602 1467 712 1501 esse
738 1450 860 1501 aliis
885 1448 1054 1500 verbis
1091 1467 1157 1500 ac
1182 1451 1360 1501 dicere
1397 1465 1512 1500 eam
1537 1448 1835 1498 doctrinam
1860 1464 1971 1498 esse

172 1534 521 1599 infallibilem.
571 1530 814 1587 Similiter
837 1531 993 1603 igitur
1015 1533 1163 1586 fateri
1194 1532 1530 1587 necessarium
1567 1549 1680 1585 esse
1704 1531 1972 1585 convenire

172 1627 223 1669 et
246 1636 345 1670 non
370 1619 603 1672 deserere
626 1619 867 1693 unitatem
903 1636 1010 1672 cum
1049 1619 1438 1684 delinitionibuS,
1474 1637 1565 1671 seu
1597 1617 1826 1670 doctrina
1861 1618 1971 1670 fidei

173 1701 509 1756 Romanorum
528 1702 823 1756 Pontificum
845 1704 973 1756 idem
999 1715 1077 1757 est
1102 1723 1160 1758 ac
1185 1705 1335 1758 fateri
1360 1705 1488 1756 hane
1513 1721 1625 1756 esse
1650 1703 1969 1756 infallibilem.

171 1784 437 1842 Enimvero
461 1789 605 1859 siqua
627 1789 866 1860 ejusmodi
888 1790 1105 1842 definitio
1131 1807 1243 1843 esse
1268 1798 1438 1861 posset
1462 1807 1701 1854 erronea3
1727 1787 1971 1854 Ecclesia,

171 1891 294 1940 quae
321 1875 382 1926 ad
405 1874 643 1928 unitatem
678 1875 895 1945 ejusdem
931 1875 1042 1929 fidei
1067 1876 1264 1929 ratione
1288 1874 1529 1947 primatus
1557 1875 1783 1945 cogitur,
1823 1894 1971 1946 coge-

173 1968 309 2011 retur
334 1960 395 2012 ad
419 1962 784 2015 assentiendmn
810 1961 1002 2026 errori,
1040 1963 1166 2030 quod
1191 1980 1261 2014 ex
1295 1961 1555 2032 promissis
1581 1958 1772 2015 Christi
1795 1961 1971 2016 Eccle-

173 2044 276 2097 siae
300 2045 446 2098 factis
471 2056 549 2099 est
571 2047 892 2118 impossibile.
943 2047 1043 2100 Vel
1067 2066 1188 2118 ergo
1213 2049 1491 2117 negandum
1526 2057 1604 2100 est
1630 2048 1869 2118 primatus
1888 2051 1971 2119 jus

174 2131 481 2202 praecipumn
517 2151 618 2185 non
653 2132 902 2203 respicere
936 2133 1175 2186 unitatem
1199 2131 1458 2186 Ecclesiae
1496 2151 1603 2186 cum
1636 2134 1727 2185 fide
1751 2132 1896 2186 Petri
1923 2147 1974 2188 et

174 2233 512 2269 suceessorum
538 2220 662 2288 ejuS‚
687 2219 814 2288 quod
839 2236 908 2272 ex
920 2216 1180 2291 Scriptura
1205 2237 1263 2273 ac
1286 2219 1553 2272 traditione
1578 2219 1673 2290 ipsi
1699 2220 1973 2274 adversarii

173 2303 441 2356 concedere
467 2322 525 2357 ac
547 2305 694 2358 fateri
717 2304 953 2376 compulsi
978 2314 1119 2357 sunt:
1156 2306 1237 2358 vel
1273 2305 1315 2356 si
1352 2306 1442 2358 hoc
1469 2314 1620 2358 extra
1644 2307 1838 2359 dubium
1865 2318 1971 2374 est3

173 2387 533 2454 desinianum,
579 2410 707 2460 quae
750 2391 802 2443 in
835 2390 1039 2443 unitatis
1082 2392 1265 2443 bonum
1303 2410 1334 2443 a
1372 2391 1613 2443 Romanis
1647 2391 1973 2446 Pontificibus

173 2475 463 2544 prodeuntes
486 2476 538 2530 vi
564 2477 788 2530 coactiva
819 2462 1070 2547 praeditae
1096 2486 1238 2541 sunt,
1274 2477 1553 2530 inerrantia
1586 2478 1638 2529 in
1673 2479 1868 2532 dubium
1895 2499 1972 2533 re-

172 2560 341 2613 vocari
362 2579 463 2613 666
487 2572 667 2633 potest.
719 2562 937 2617 Videant
970 2581 1091 2632 ergo
1131 2563 1433 2628 adversarii,
1472 2582 1586 2616 nmn
1622 2583 1730 2617 cum
1766 2567 1973 2620 laudatis

177 2645 442 2716 principiis,
466 2666 593 2715 quae
616 2649 712 2718 ipsi
727 2666 918 2717 quoque
938 2648 1251 2712 confitentur,
1279 2650 1606 2715 cohae1‘eant3
1635 2653 1827 2719 quando
1855 2671 1972 2706 con-

175 2730 330 2782 cessis
354 2731 604 2802 principiis
630 2732 935 2786 inerrantiae
961 2750 1049 2785 seu
1073 2733 1437 2786 infallibilitatis
1464 2737 1866 2804 consequentiam
1893 2757 1972 2791 66-

178 2815 404 2884 teroquin
429 2816 697 2886 legitimam
722 2836 782 2871 ac
805 2818 1138 2870 necessariam
1163 2818 1469 2887 impugnant.

315 2901 366 2953 4.
405 2899 583 2970 Neque
617 2921 736 2957 vero
781 2904 910 2955 hanc
950 2903 1371 2956 incohaerentiam
1415 2921 1471 2957 se
1505 2905 1752 2961 declinare
1791 2910 1971 2963 existi-

178 2996 337 3051 ment,
365 3005 423 3039 eo
449 2989 576 3057 quod
598 2990 847 3043 fateantur
873 3007 1076 3043 necesse
1101 2990 1292 3059 quidem
1316 3007 1430 3042 esse
1456 3009 1628 3044 omnes
1654 2991 1971 3049 Christianos

180 3072 440 3124 convenire
466 3091 571 3125 666ι
599 3075 690 3126 ίί(16
716 3073 971 3128 Romanae
998 3076 1128 3128 sedis
1154 3094 1242 3128 366
1266 3073 1523 3128 Ecclesiae
1534 3075 1620 3147 ¹⁵),
1660 3098 1806 3148 quam
1831 3101 1970 3135 erro-

182 3156 248 3207 ris
274 3167 527 3227 expertem
552 3168 603 3211 et
627 3157 926 3212 infallibilem
947 3171 1246 3231 agnoscuntg
1275 3180 1373 3214 non
1391 3181 1511 3215 vcro
1533 3166 1798 3220 convenire
1824 3169 1968 3221 ctiam

181 3259 288 3293 cum
313 3242 432 3304 fide,
470 3261 612 3311 quam
646 3244 879 3298 deliniunt
904 3247 1077 3298 summi
1104 3246 1371 3301 Pontifices
1387 3288 1400 3312 ,
1440 3249 1611 3318 quibus
1637 3257 1969 3307 tantummodo

296 3402 334 3454 ⁸)
366 3403 466 3444 vide
496 3405 716 3455 Launojum
758 3411 862 3457 part.
893 3408 936 3446 5.
981 3409 1100 3459 epist.
1133 3409 1175 3447 2.
1217 3410 1267 3448 ad
1301 3411 1515 3451 Antonium
1548 3413 1683 3453 Varill.
1715 3414 1867 3455 Nicolii
1908 3418 1969 3456 in-

182 3464 442 3502 structionem
485 3465 525 3502 in
567 3463 778 3504 articulum
815 3466 878 3504 10.
911 3467 1079 3517 symboli
1114 3481 1147 3507 c.
1184 3468 1253 3507 10.
1307 3469 1505 3521 Dupiuum
1551 3471 1609 3512 De
1641 3474 1774 3526 antiq.
1809 3474 1966 3517 Eccles,

185 3519 409 3572 disciplina
438 3534 474 3561 c.
506 3521 548 3562 2.
581 3525 657 3561 etc.
