<?xml version="1.0" encoding="UTF-8"?>
<!DOCTYPE html PUBLIC "-//W3C//DTD XHTML 1.0 Transitional//EN"
    "http://www.w3.org/TR/xhtml1/DTD/xhtml1-transitional.dtd">
<html xmlns="http://www.w3.org/1999/xhtml" xml:lang="en" lang="en">
 <head>
  <title>
</title>
<meta http-equiv="Content-Type" content="text/html;charset=utf-8" />
  <meta name='ocr-system' content='tesseract 3.04.00' />
  <meta name='ocr-capabilities' content='ocr_page ocr_carea ocr_par ocr_line ocrx_word'/>
</head>
<body>
  <div class='ocr_page' id='page_1' title='image "a546178500balluoft_0222.png"; bbox 0 0 2314 3984; ppageno 0'>
   <div class='ocr_carea' id='block_1_1' title="bbox 315 350 2180 1038">
    <p class='ocr_par' dir='ltr' id='par_1_1' title="bbox 315 350 2180 1038">
     <span class='ocr_line' id='line_1_1' title="bbox 323 350 2178 430; baseline 0.005 -27"><span class='ocrx_word' id='word_1_1' title='bbox 323 361 458 417; x_wconf 82' lang='lat' dir='ltr'><strong>tam,</strong></span> <span class='ocrx_word' id='word_1_2' title='bbox 484 350 665 419; x_wconf 76' lang='lat' dir='ltr'><strong>cuique</strong></span> <span class='ocrx_word' id='word_1_3' title='bbox 679 352 938 419; x_wconf 63' lang='lat' dir='ltr'><strong>janvaffle</strong></span> <span class='ocrx_word' id='word_1_4' title='bbox 959 350 1893 430; x_wconf 47' lang='lat' dir='ltr'><strong>synodumuduncmhscripserant.</strong></span> <span class='ocrx_word' id='word_1_5' title='bbox 1954 359 2030 412; x_wconf 88' lang='lat' dir='ltr'><strong>At</strong></span> <span class='ocrx_word' id='word_1_6' title='bbox 2069 377 2178 413; x_wconf 83' lang='lat' dir='ltr'><strong>cum</strong></span> 
     </span>
     <span class='ocr_line' id='line_1_2' title="bbox 320 434 2177 516; baseline 0.005 -25"><span class='ocrx_word' id='word_1_7' title='bbox 320 438 578 511; x_wconf 84' lang='lat' dir='ltr'><strong>proprium</strong></span> <span class='ocrx_word' id='word_1_8' title='bbox 595 434 837 507; x_wconf 86' lang='lat' dir='ltr'><strong>judicium</strong></span> <span class='ocrx_word' id='word_1_9' title='bbox 858 435 1219 491; x_wconf 75' lang='lat' dir='ltr'><strong>declarandum</strong></span> <span class='ocrx_word' id='word_1_10' title='bbox 1231 437 1645 507; x_wconf 52' lang='lat' dir='ltr'><strong>fuitndmm</strong></span> <span class='ocrx_word' id='word_1_11' title='bbox 1663 447 2062 516; x_wconf 72' lang='lat' dir='ltr'><strong>ambiyuitatem</strong></span> <span class='ocrx_word' id='word_1_12' title='bbox 2087 467 2177 501; x_wconf 87' lang='lat' dir='ltr'><strong>au-</strong></span> 
     </span>
     <span class='ocr_line' id='line_1_3' title="bbox 315 526 2176 596; baseline 0.002 -17"><span class='ocrx_word' id='word_1_13' title='bbox 315 526 606 596; x_wconf 77' lang='lat' dir='ltr'><strong><em>ferendam</em></strong></span> <span class='ocrx_word' id='word_1_14' title='bbox 632 542 704 576; x_wconf 77' lang='lat' dir='ltr'><strong>ex</strong></span> <span class='ocrx_word' id='word_1_15' title='bbox 737 527 974 578; x_wconf 85' lang='lat' dir='ltr'><strong>omnium</strong></span> <span class='ocrx_word' id='word_1_16' title='bbox 1009 533 1320 580; x_wconf 75' lang='lat' dir='ltr'><strong>sanctorum</strong></span> <span class='ocrx_word' id='word_1_17' title='bbox 1362 527 1927 588; x_wconf 66' lang='lat' dir='ltr'><strong>Putruan·›&#39;00n00rdia</strong></span> <span class='ocrx_word' id='word_1_18' title='bbox 1964 541 2018 587; x_wconf 77' lang='lat' dir='ltr'><strong>et</strong></span> <span class='ocrx_word' id='word_1_19' title='bbox 2053 553 2176 589; x_wconf 78' lang='lat' dir='ltr'><strong>con-</strong></span> 
     </span>
     <span class='ocr_line' id='line_1_4' title="bbox 321 611 2175 692; baseline 0.006 -26"><span class='ocrx_word' id='word_1_20' title='bbox 321 633 503 675; x_wconf 85' lang='lat' dir='ltr'><strong>sensu,</strong></span> <span class='ocrx_word' id='word_1_21' title='bbox 527 611 602 664; x_wconf 85' lang='lat' dir='ltr'><strong>ita</strong></span> <span class='ocrx_word' id='word_1_22' title='bbox 629 620 683 663; x_wconf 89' lang='lat' dir='ltr'><strong>ut</strong></span> <span class='ocrx_word' id='word_1_23' title='bbox 708 621 760 665; x_wconf 88' lang='lat' dir='ltr'><strong>et</strong></span> <span class='ocrx_word' id='word_1_24' title='bbox 786 611 870 683; x_wconf 87' lang='lat' dir='ltr'><strong>qui</strong></span> <span class='ocrx_word' id='word_1_25' title='bbox 894 612 1206 668; x_wconf 81' lang='lat' dir='ltr'><strong>videbantur</strong></span> <span class='ocrx_word' id='word_1_26' title='bbox 1222 633 1324 668; x_wconf 89' lang='lat' dir='ltr'><strong>nou</strong></span> <span class='ocrx_word' id='word_1_27' title='bbox 1351 615 1525 669; x_wconf 89' lang='lat' dir='ltr'><strong>eadem</strong></span> <span class='ocrx_word' id='word_1_28' title='bbox 1550 623 1934 688; x_wconf 18' lang='lat' dir='ltr'><strong>eum-omnibus</strong></span> <span class='ocrx_word' id='word_1_29' title='bbox 1961 641 2175 692; x_wconf 85' lang='lat' dir='ltr'><strong>sapere,</strong></span> 
     </span>
     <span class='ocr_line' id='line_1_5' title="bbox 316 703 2175 772; baseline 0.003 -19"><span class='ocrx_word' id='word_1_30' title='bbox 316 721 419 771; x_wconf 83' lang='lat' dir='ltr'><strong>per</strong></span> <span class='ocrx_word' id='word_1_31' title='bbox 457 703 701 754; x_wconf 81' lang='lat' dir='ltr'><strong>veritatis</strong></span> <span class='ocrx_word' id='word_1_32' title='bbox 741 705 1069 771; x_wconf 73' lang='lat' dir='ltr'><strong>aynittonem</strong></span> <span class='ocrx_word' id='word_1_33' title='bbox 1105 707 1183 757; x_wconf 81' lang='lat' dir='ltr'><strong>ad</strong></span> <span class='ocrx_word' id='word_1_34' title='bbox 1226 706 1579 758; x_wconf 77' lang='lat' dir='ltr'><strong><em>concordiam</em></strong></span> <span class='ocrx_word' id='word_1_35' title='bbox 1612 718 2030 772; x_wconf 70' lang='lat' dir='ltr'><strong>revocaremur,-</strong></span> <span class='ocrx_word' id='word_1_36' title='bbox 2083 710 2175 762; x_wconf 88' lang='lat' dir='ltr'><strong>sub</strong></span> 
     </span>
     <span class='ocr_line' id='line_1_6' title="bbox 320 788 2178 868; baseline 0.003 -26"><span class='ocrx_word' id='word_1_37' title='bbox 320 790 469 843; x_wconf 79' lang='lat' dir='ltr'><strong>finem</strong></span> <span class='ocrx_word' id='word_1_38' title='bbox 508 788 758 842; x_wconf 85' lang='lat' dir='ltr'><strong>secundae</strong></span> <span class='ocrx_word' id='word_1_39' title='bbox 794 788 1010 843; x_wconf 84' lang='lat' dir='ltr'><strong>actionis</strong></span> <span class='ocrx_word' id='word_1_40' title='bbox 1049 790 1316 844; x_wconf 89' lang='lat' dir='ltr'><strong>collatione</strong></span> <span class='ocrx_word' id='word_1_41' title='bbox 1354 792 1492 846; x_wconf 86' lang='lat' dir='ltr'><strong>facta</strong></span> <span class='ocrx_word' id='word_1_42' title='bbox 1530 794 1753 866; x_wconf 85' lang='lat' dir='ltr'><strong>ejusdcm</strong></span> <span class='ocrx_word' id='word_1_43' title='bbox 1787 795 2032 868; x_wconf 85' lang='lat' dir='ltr'><strong>epistolae</strong></span> <span class='ocrx_word' id='word_1_44' title='bbox 2066 815 2178 850; x_wconf 85' lang='lat' dir='ltr'><strong>cum</strong></span> 
     </span>
     <span class='ocr_line' id='line_1_7' title="bbox 319 873 2177 956; baseline 0.003 -26"><span class='ocrx_word' id='word_1_45' title='bbox 319 876 552 931; x_wconf 88' lang='lat' dir='ltr'><strong>Nicaeno</strong></span> <span class='ocrx_word' id='word_1_46' title='bbox 581 885 631 930; x_wconf 90' lang='lat' dir='ltr'><strong>et</strong></span> <span class='ocrx_word' id='word_1_47' title='bbox 658 873 1226 950; x_wconf 81' lang='lat' dir='ltr'><strong>Constantinopolitano</strong></span> <span class='ocrx_word' id='word_1_48' title='bbox 1255 879 1505 951; x_wconf 79' lang='lat' dir='ltr'><strong>symbolo,</strong></span> <span class='ocrx_word' id='word_1_49' title='bbox 1535 890 1587 934; x_wconf 86' lang='lat' dir='ltr'><strong>et</strong></span> <span class='ocrx_word' id='word_1_50' title='bbox 1613 899 1725 936; x_wconf 80' lang='lat' dir='ltr'><strong>cum</strong></span> <span class='ocrx_word' id='word_1_51' title='bbox 1751 880 1939 955; x_wconf 78' lang='lat' dir='ltr'><strong>cyrilli</strong></span> <span class='ocrx_word' id='word_1_52' title='bbox 1965 883 2177 956; x_wconf 81' lang='lat' dir='ltr'><strong>epistola</strong></span> 
     </span>
     <span class='ocr_line' id='line_1_8' title="bbox 320 964 2180 1038; baseline 0.003 -20"><span class='ocrx_word' id='word_1_53' title='bbox 320 966 370 1018; x_wconf 90' lang='lat' dir='ltr'><strong>in</strong></span> <span class='ocrx_word' id='word_1_54' title='bbox 386 964 645 1038; x_wconf 88' lang='lat' dir='ltr'><strong>Ephesino</strong></span> <span class='ocrx_word' id='word_1_55' title='bbox 667 964 879 1019; x_wconf 89' lang='lat' dir='ltr'><strong>concilio</strong></span> <span class='ocrx_word' id='word_1_56' title='bbox 902 966 1198 1038; x_wconf 83' lang='lat' dir='ltr'><strong>approbata,</strong></span> <span class='ocrx_word' id='word_1_57' title='bbox 1226 968 1611 1022; x_wconf 82' lang='lat' dir='ltr'><strong>consonantiam</strong></span> <span class='ocrx_word' id='word_1_58' title='bbox 1635 980 1687 1023; x_wconf 90' lang='lat' dir='ltr'><strong>et</strong></span> <span class='ocrx_word' id='word_1_59' title='bbox 1712 969 2031 1024; x_wconf 83' lang='lat' dir='ltr'><strong>concordiam</strong></span> <span class='ocrx_word' id='word_1_60' title='bbox 2058 988 2180 1024; x_wconf 89' lang='lat' dir='ltr'><strong>con-</strong></span> 
     </span>
    </p>
   </div>
   <div class='ocr_carea' id='block_1_2' title="bbox 320 1051 2194 1127">
    <p class='ocr_par' dir='ltr' id='par_1_2' title="bbox 320 1051 2194 1127">
     <span class='ocr_line' id='line_1_9' title="bbox 320 1051 2194 1127; baseline 0.003 -21"><span class='ocrx_word' id='word_1_61' title='bbox 320 1054 495 1108; x_wconf 88' lang='lat' dir='ltr'><strong>testati</strong></span> <span class='ocrx_word' id='word_1_62' title='bbox 520 1055 724 1107; x_wconf 85' lang='lat' dir='ltr'><strong>fuerunt</strong></span> <span class='ocrx_word' id='word_1_63' title='bbox 749 1051 966 1121; x_wconf 78' lang='lat' dir='ltr'><strong>Patrcs3</strong></span> <span class='ocrx_word' id='word_1_64' title='bbox 995 1064 1048 1108; x_wconf 87' lang='lat' dir='ltr'><strong>et</strong></span> <span class='ocrx_word' id='word_1_65' title='bbox 1073 1055 1186 1108; x_wconf 88' lang='lat' dir='ltr'><strong>dein</strong></span> <span class='ocrx_word' id='word_1_66' title='bbox 1215 1055 1415 1109; x_wconf 88' lang='lat' dir='ltr'><strong>actione</strong></span> <span class='ocrx_word' id='word_1_67' title='bbox 1441 1066 1622 1127; x_wconf 86' lang='lat' dir='ltr'><strong>quarta</strong></span> <span class='ocrx_word' id='word_1_68' title='bbox 1648 1058 1935 1111; x_wconf 87' lang='lat' dir='ltr'><strong>eorumdem</strong></span> <span class='ocrx_word' id='word_1_69' title='bbox 1962 1055 2194 1111; x_wconf 64' lang='lat' dir='ltr'><strong>Patrum‘</strong></span> 
     </span>
    </p>
   </div>
   <div class='ocr_carea' id='block_1_3' title="bbox 300 1141 2180 3589">
    <p class='ocr_par' dir='ltr' id='par_1_3' title="bbox 300 1141 2180 3589">
     <span class='ocr_line' id='line_1_10' title="bbox 320 1141 2178 1215; baseline 0.002 -21"><span class='ocrx_word' id='word_1_70' title='bbox 320 1142 614 1214; x_wconf 83' lang='lat' dir='ltr'><strong>suffragium</strong></span> <span class='ocrx_word' id='word_1_71' title='bbox 640 1141 711 1194; x_wconf 90' lang='lat' dir='ltr'><strong>ita</strong></span> <span class='ocrx_word' id='word_1_72' title='bbox 736 1141 829 1194; x_wconf 86' lang='lat' dir='ltr'><strong>fuit</strong></span> <span class='ocrx_word' id='word_1_73' title='bbox 855 1160 1159 1215; x_wconf 81' lang='lat' dir='ltr'><strong>expressum</strong></span> <span class='ocrx_word' id='word_1_74' title='bbox 1188 1162 1218 1196; x_wconf 87' lang='lat' dir='ltr'><strong>a</strong></span> <span class='ocrx_word' id='word_1_75' title='bbox 1245 1143 1432 1210; x_wconf 81' lang='lat' dir='ltr'><strong>multiS‚</strong></span> <span class='ocrx_word' id='word_1_76' title='bbox 1459 1154 1516 1196; x_wconf 91' lang='lat' dir='ltr'><strong>ut</strong></span> <span class='ocrx_word' id='word_1_77' title='bbox 1541 1163 1822 1199; x_wconf 89' lang='lat' dir='ltr'><strong>consensus</strong></span> <span class='ocrx_word' id='word_1_78' title='bbox 1849 1145 1961 1199; x_wconf 90' lang='lat' dir='ltr'><strong>ideo</strong></span> <span class='ocrx_word' id='word_1_79' title='bbox 1988 1146 2178 1199; x_wconf 89' lang='lat' dir='ltr'><strong>adhibi-</strong></span> 
     </span>
     <span class='ocr_line' id='line_1_11' title="bbox 321 1229 2177 1302; baseline 0.001 -19"><span class='ocrx_word' id='word_1_80' title='bbox 321 1241 398 1284; x_wconf 79' lang='lat' dir='ltr'><strong>tus</strong></span> <span class='ocrx_word' id='word_1_81' title='bbox 426 1231 649 1296; x_wconf 78' lang='lat' dir='ltr'><strong>dicatur,</strong></span> <span class='ocrx_word' id='word_1_82' title='bbox 688 1229 804 1299; x_wconf 90' lang='lat' dir='ltr'><strong>quia</strong></span> <span class='ocrx_word' id='word_1_83' title='bbox 841 1249 903 1283; x_wconf 86' lang='lat' dir='ltr'><strong>ea</strong></span> <span class='ocrx_word' id='word_1_84' title='bbox 939 1231 1153 1302; x_wconf 87' lang='lat' dir='ltr'><strong>epistola</strong></span> <span class='ocrx_word' id='word_1_85' title='bbox 1191 1250 1302 1285; x_wconf 89' lang='lat' dir='ltr'><strong>cum</strong></span> <span class='ocrx_word' id='word_1_86' title='bbox 1339 1231 1484 1286; x_wconf 88' lang='lat' dir='ltr'><strong>dictis</strong></span> <span class='ocrx_word' id='word_1_87' title='bbox 1521 1233 1832 1288; x_wconf 86' lang='lat' dir='ltr'><strong>documentis</strong></span> <span class='ocrx_word' id='word_1_88' title='bbox 1859 1251 2072 1288; x_wconf 85' lang='lat' dir='ltr'><strong>concors</strong></span> <span class='ocrx_word' id='word_1_89' title='bbox 2098 1233 2177 1286; x_wconf 88' lang='lat' dir='ltr'><strong>in·-</strong></span> 
     </span>
     <span class='ocr_line' id='line_1_12' title="bbox 319 1315 2176 1375; baseline 0.002 -4"><span class='ocrx_word' id='word_1_90' title='bbox 319 1329 472 1372; x_wconf 80' lang='lat' dir='ltr'><strong>venta</strong></span> <span class='ocrx_word' id='word_1_91' title='bbox 504 1327 602 1371; x_wconf 87' lang='lat' dir='ltr'><strong>est.</strong></span> <span class='ocrx_word' id='word_1_92' title='bbox 665 1315 807 1368; x_wconf 91' lang='lat' dir='ltr'><strong>Nihil</strong></span> <span class='ocrx_word' id='word_1_93' title='bbox 844 1316 1094 1369; x_wconf 87' lang='lat' dir='ltr'><strong>efficacius</strong></span> <span class='ocrx_word' id='word_1_94' title='bbox 1133 1319 1195 1370; x_wconf 88' lang='lat' dir='ltr'><strong>ad</strong></span> <span class='ocrx_word' id='word_1_95' title='bbox 1233 1320 1605 1372; x_wconf 86' lang='lat' dir='ltr'><strong>convincendos</strong></span> <span class='ocrx_word' id='word_1_96' title='bbox 1631 1321 1931 1375; x_wconf 75' lang='lat' dir='ltr'><strong>renitentes,</strong></span> <span class='ocrx_word' id='word_1_97' title='bbox 1983 1319 2055 1374; x_wconf 83' lang='lat' dir='ltr'><strong>Et</strong></span> <span class='ocrx_word' id='word_1_98' title='bbox 2079 1321 2176 1375; x_wconf 85' lang='lat' dir='ltr'><strong>hac</strong></span> 
     </span>
     <span class='ocr_line' id='line_1_13' title="bbox 319 1401 2176 1476; baseline 0.002 -19"><span class='ocrx_word' id='word_1_99' title='bbox 319 1406 515 1476; x_wconf 88' lang='lat' dir='ltr'><strong>quidem</strong></span> <span class='ocrx_word' id='word_1_100' title='bbox 543 1403 742 1457; x_wconf 87' lang='lat' dir='ltr'><strong>ratione</strong></span> <span class='ocrx_word' id='word_1_101' title='bbox 768 1401 1047 1476; x_wconf 78' lang='lat' dir='ltr'><strong>Illyriciani</strong></span> <span class='ocrx_word' id='word_1_102' title='bbox 1075 1413 1127 1456; x_wconf 89' lang='lat' dir='ltr'><strong>et</strong></span> <span class='ocrx_word' id='word_1_103' title='bbox 1150 1401 1456 1468; x_wconf 81' lang='lat' dir='ltr'><strong>Palaestini,</strong></span> <span class='ocrx_word' id='word_1_104' title='bbox 1482 1406 1566 1476; x_wconf 84' lang='lat' dir='ltr'><strong>qui</strong></span> <span class='ocrx_word' id='word_1_105' title='bbox 1593 1407 1965 1473; x_wconf 80' lang='lat' dir='ltr'><strong>dubitaverant,</strong></span> <span class='ocrx_word' id='word_1_106' title='bbox 1994 1408 2176 1474; x_wconf 74' lang='lat' dir='ltr'><strong>edocti,</strong></span> 
     </span>
     <span class='ocr_line' id='line_1_14' title="bbox 318 1491 2178 1564; baseline 0.002 -18"><span class='ocrx_word' id='word_1_107' title='bbox 318 1493 552 1564; x_wconf 88' lang='lat' dir='ltr'><strong>omnique</strong></span> <span class='ocrx_word' id='word_1_108' title='bbox 579 1491 867 1545; x_wconf 87' lang='lat' dir='ltr'><strong>difficultate</strong></span> <span class='ocrx_word' id='word_1_109' title='bbox 892 1510 984 1564; x_wconf 85' lang='lat' dir='ltr'><strong>per</strong></span> <span class='ocrx_word' id='word_1_110' title='bbox 1011 1491 1318 1546; x_wconf 84' lang='lat' dir='ltr'><strong>anteriorem</strong></span> <span class='ocrx_word' id='word_1_111' title='bbox 1341 1500 1616 1546; x_wconf 85' lang='lat' dir='ltr'><strong>tractatum</strong></span> <span class='ocrx_word' id='word_1_112' title='bbox 1643 1493 2066 1562; x_wconf 84' lang='lat' dir='ltr'><strong>sublata‚Leonis</strong></span> <span class='ocrx_word' id='word_1_113' title='bbox 2093 1495 2178 1550; x_wconf 87' lang='lat' dir='ltr'><strong>de-</strong></span> 
     </span>
     <span class='ocr_line' id='line_1_15' title="bbox 319 1580 2177 1656; baseline 0.001 -21"><span class='ocrx_word' id='word_1_114' title='bbox 319 1582 596 1635; x_wconf 83' lang='lat' dir='ltr'><strong>finitionem</strong></span> <span class='ocrx_word' id='word_1_115' title='bbox 633 1580 997 1652; x_wconf 79' lang='lat' dir='ltr'><strong>suscipienteS‚</strong></span> <span class='ocrx_word' id='word_1_116' title='bbox 1049 1582 1111 1634; x_wconf 83' lang='lat' dir='ltr'><strong>ad</strong></span> <span class='ocrx_word' id='word_1_117' title='bbox 1149 1597 1413 1634; x_wconf 88' lang='lat' dir='ltr'><strong>assensum</strong></span> <span class='ocrx_word' id='word_1_118' title='bbox 1453 1589 1503 1635; x_wconf 90' lang='lat' dir='ltr'><strong>et</strong></span> <span class='ocrx_word' id='word_1_119' title='bbox 1540 1581 1787 1635; x_wconf 83' lang='lat' dir='ltr'><strong>unitatem</strong></span> <span class='ocrx_word' id='word_1_120' title='bbox 1813 1583 1926 1637; x_wconf 87' lang='lat' dir='ltr'><strong>fidei</strong></span> <span class='ocrx_word' id='word_1_121' title='bbox 1950 1584 2177 1656; x_wconf 83' lang='lat' dir='ltr'><strong>perducti</strong></span> 
     </span>
     <span class='ocr_line' id='line_1_16' title="bbox 319 1668 2178 1742; baseline 0 -19"><span class='ocrx_word' id='word_1_122' title='bbox 319 1674 548 1737; x_wconf 77' lang='lat' dir='ltr'><strong>l&#39;uerunt3</strong></span> <span class='ocrx_word' id='word_1_123' title='bbox 580 1669 750 1739; x_wconf 85' lang='lat' dir='ltr'><strong>sicque</strong></span> <span class='ocrx_word' id='word_1_124' title='bbox 776 1668 993 1741; x_wconf 85' lang='lat' dir='ltr'><strong>pleniori</strong></span> <span class='ocrx_word' id='word_1_125' title='bbox 1017 1678 1240 1722; x_wconf 86' lang='lat' dir='ltr'><strong>tractatu</strong></span> <span class='ocrx_word' id='word_1_126' title='bbox 1267 1687 1487 1722; x_wconf 85' lang='lat' dir='ltr'><strong>examen</strong></span> <span class='ocrx_word' id='word_1_127' title='bbox 1532 1669 1653 1722; x_wconf 87' lang='lat' dir='ltr'><strong>utile</strong></span> <span class='ocrx_word' id='word_1_128' title='bbox 1680 1681 1950 1742; x_wconf 84' lang='lat' dir='ltr'><strong>expertum</strong></span> <span class='ocrx_word' id='word_1_129' title='bbox 1975 1671 2066 1724; x_wconf 86' lang='lat' dir='ltr'><strong>fuit</strong></span> <span class='ocrx_word' id='word_1_130' title='bbox 2082 1712 2096 1738; x_wconf 83' lang='lat'><strong>,</strong></span> <span class='ocrx_word' id='word_1_131' title='bbox 2123 1682 2178 1723; x_wconf 91' lang='lat' dir='ltr'><strong>ut</strong></span> 
     </span>
     <span class='ocr_line' id='line_1_17' title="bbox 319 1755 2174 1831; baseline -0.001 -19"><span class='ocrx_word' id='word_1_132' title='bbox 319 1758 428 1812; x_wconf 87' lang='lat' dir='ltr'><strong>Leo</strong></span> <span class='ocrx_word' id='word_1_133' title='bbox 456 1759 564 1831; x_wconf 88' lang='lat' dir='ltr'><strong>ipse</strong></span> <span class='ocrx_word' id='word_1_134' title='bbox 591 1756 788 1810; x_wconf 87' lang='lat' dir='ltr'><strong>notavit</strong></span> <span class='ocrx_word' id='word_1_135' title='bbox 826 1756 878 1809; x_wconf 91' lang='lat' dir='ltr'><strong>in</strong></span> <span class='ocrx_word' id='word_1_136' title='bbox 918 1755 1101 1810; x_wconf 91' lang='lat' dir='ltr'><strong>litteris</strong></span> <span class='ocrx_word' id='word_1_137' title='bbox 1138 1757 1200 1809; x_wconf 85' lang='lat' dir='ltr'><strong>ad</strong></span> <span class='ocrx_word' id='word_1_138' title='bbox 1239 1756 1619 1810; x_wconf 87' lang='lat' dir='ltr'><strong>Theodoretum</strong></span> <span class='ocrx_word' id='word_1_139' title='bbox 1657 1775 1766 1829; x_wconf 85' lang='lat' dir='ltr'><strong>cap.</strong></span> <span class='ocrx_word' id='word_1_140' title='bbox 1812 1758 1861 1810; x_wconf 92' lang='lat' dir='ltr'><strong>l.</strong></span> <span class='ocrx_word' id='word_1_141' title='bbox 1891 1757 2018 1831; x_wconf 90' lang='lat' dir='ltr'><strong>(Ep.</strong></span> <span class='ocrx_word' id='word_1_142' title='bbox 2050 1759 2174 1814; x_wconf 78' lang='lat'>120.</span> 
     </span>
     <span class='ocr_line' id='line_1_18' title="bbox 318 1845 2176 1918; baseline 0.001 -19"><span class='ocrx_word' id='word_1_143' title='bbox 318 1848 382 1900; x_wconf 77' lang='lat' dir='ltr'><strong>al.</strong></span> <span class='ocrx_word' id='word_1_144' title='bbox 411 1845 533 1918; x_wconf 85' lang='lat'>93.)</span> <span class='ocrx_word' id='word_1_145' title='bbox 567 1846 883 1899; x_wconf 72' lang='lat' dir='ltr'><strong>Gloriantur</strong></span> <span class='ocrx_word' id='word_1_146' title='bbox 919 1848 974 1897; x_wconf 87' lang='lat' dir='ltr'><strong>in</strong></span> <span class='ocrx_word' id='word_1_147' title='bbox 1017 1845 1255 1898; x_wconf 89' lang='lat' dir='ltr'><strong>Domino</strong></span> <span class='ocrx_word' id='word_1_148' title='bbox 1295 1865 1415 1898; x_wconf 88' lang='lat' dir='ltr'><strong>cum</strong></span> <span class='ocrx_word' id='word_1_149' title='bbox 1457 1846 1743 1914; x_wconf 72' lang='lat' dir='ltr'><strong>Propheta</strong></span> <span class='ocrx_word' id='word_1_150' title='bbox 1769 1855 2041 1910; x_wconf 79' lang='lat' dir='ltr'><strong>canentes,</strong></span> <span class='ocrx_word' id='word_1_151' title='bbox 2070 1846 2176 1900; x_wconf 77' lang='lat' dir='ltr'><strong>Ad-</strong></span> 
     </span>
     <span class='ocr_line' id='line_1_19' title="bbox 300 1933 2175 2007; baseline 0 -19"><span class='ocrx_word' id='word_1_152' title='bbox 300 1937 571 2007; x_wconf 85' lang='lat' dir='ltr'><strong>jutorium</strong></span> <span class='ocrx_word' id='word_1_153' title='bbox 595 1940 837 1986; x_wconf 87' lang='lat' dir='ltr'><strong>nostrum</strong></span> <span class='ocrx_word' id='word_1_154' title='bbox 864 1936 918 1984; x_wconf 91' lang='lat' dir='ltr'><strong>in</strong></span> <span class='ocrx_word' id='word_1_155' title='bbox 945 1936 1157 2003; x_wconf 86' lang='lat' dir='ltr'><strong>nomine</strong></span> <span class='ocrx_word' id='word_1_156' title='bbox 1185 1933 1437 1995; x_wconf 89' lang='lat' dir='ltr'><strong>Domini,</strong></span> <span class='ocrx_word' id='word_1_157' title='bbox 1465 1936 1558 2002; x_wconf 81' lang='lat' dir='ltr'><strong>qui</strong></span> <span class='ocrx_word' id='word_1_158' title='bbox 1586 1936 1726 2002; x_wconf 87' lang='lat' dir='ltr'><strong>fecit</strong></span> <span class='ocrx_word' id='word_1_159' title='bbox 1758 1937 1967 1988; x_wconf 86' lang='lat' dir='ltr'><strong>coelum</strong></span> <span class='ocrx_word' id='word_1_160' title='bbox 1995 1944 2049 1988; x_wconf 92' lang='lat' dir='ltr'><strong>et</strong></span> <span class='ocrx_word' id='word_1_161' title='bbox 2073 1943 2175 1988; x_wconf 91' lang='lat' dir='ltr'><strong>ter-</strong></span> 
     </span>
     <span class='ocr_line' id='line_1_20' title="bbox 317 2023 2176 2094; baseline 0 -18"><span class='ocrx_word' id='word_1_162' title='bbox 317 2044 462 2077; x_wconf 76' lang='lat' dir='ltr'><strong>ram.-</strong></span> <span class='ocrx_word' id='word_1_163' title='bbox 493 2027 588 2094; x_wconf 81' lang='lat' dir='ltr'><strong>qui</strong></span> <span class='ocrx_word' id='word_1_164' title='bbox 610 2023 815 2075; x_wconf 90' lang='lat' dir='ltr'><strong>nullum</strong></span> <span class='ocrx_word' id='word_1_165' title='bbox 839 2041 938 2075; x_wconf 87' lang='lat' dir='ltr'><strong>nos</strong></span> <span class='ocrx_word' id='word_1_166' title='bbox 978 2025 1031 2073; x_wconf 90' lang='lat' dir='ltr'><strong>in</strong></span> <span class='ocrx_word' id='word_1_167' title='bbox 1071 2024 1269 2074; x_wconf 89' lang='lat' dir='ltr'><strong>nostris</strong></span> <span class='ocrx_word' id='word_1_168' title='bbox 1302 2023 1576 2089; x_wconf 83' lang='lat' dir='ltr'><strong>fratribus</strong></span> <span class='ocrx_word' id='word_1_169' title='bbox 1615 2023 1989 2076; x_wconf 79' lang='lat' dir='ltr'><strong>detrimentum</strong></span> <span class='ocrx_word' id='word_1_170' title='bbox 2026 2028 2176 2076; x_wconf 87' lang='lat' dir='ltr'><strong>susti-</strong></span> 
     </span>
     <span class='ocr_line' id='line_1_21' title="bbox 318 2111 2174 2182; baseline 0 -19"><span class='ocrx_word' id='word_1_171' title='bbox 318 2131 447 2165; x_wconf 87' lang='lat' dir='ltr'><strong>nere</strong></span> <span class='ocrx_word' id='word_1_172' title='bbox 467 2114 720 2180; x_wconf 86' lang='lat' dir='ltr'><strong>permisit</strong></span> <span class='ocrx_word' id='word_1_173' title='bbox 730 2130 746 2171; x_wconf 83' lang='lat'><em>3</em></span> <span class='ocrx_word' id='word_1_174' title='bbox 773 2112 872 2162; x_wconf 91' lang='lat' dir='ltr'><strong>sed</strong></span> <span class='ocrx_word' id='word_1_175' title='bbox 895 2128 1036 2180; x_wconf 83' lang='lat' dir='ltr'><strong>quae</strong></span> <span class='ocrx_word' id='word_1_176' title='bbox 1060 2116 1248 2161; x_wconf 87' lang='lat' dir='ltr'><strong>nostro</strong></span> <span class='ocrx_word' id='word_1_177' title='bbox 1267 2112 1429 2178; x_wconf 88' lang='lat' dir='ltr'><strong>prius</strong></span> <span class='ocrx_word' id='word_1_178' title='bbox 1456 2111 1753 2161; x_wconf 87' lang='lat' dir='ltr'><strong>ministerio</strong></span> <span class='ocrx_word' id='word_1_179' title='bbox 1780 2112 2068 2180; x_wconf 81' lang='lat' dir='ltr'><strong>definierat</strong></span> <span class='ocrx_word' id='word_1_180' title='bbox 2094 2111 2174 2182; x_wconf 87' lang='lat' dir='ltr'><strong>(in</strong></span> 
     </span>
     <span class='ocr_line' id='line_1_22' title="bbox 317 2191 2180 2272; baseline -0.001 -20"><span class='ocrx_word' id='word_1_181' title='bbox 317 2199 532 2272; x_wconf 84' lang='lat' dir='ltr'><strong>epistola</strong></span> <span class='ocrx_word' id='word_1_182' title='bbox 572 2197 632 2250; x_wconf 87' lang='lat' dir='ltr'><strong>ad</strong></span> <span class='ocrx_word' id='word_1_183' title='bbox 669 2195 1020 2268; x_wconf 85' lang='lat' dir='ltr'><strong>Flavianum),</strong></span> <span class='ocrx_word' id='word_1_184' title='bbox 1059 2191 1343 2249; x_wconf 85' lang='lat' dir='ltr'><strong>universae</strong></span> <span class='ocrx_word' id='word_1_185' title='bbox 1377 2199 1750 2265; x_wconf 82' lang='lat' dir='ltr'><strong>fraternitatis</strong></span> <span class='ocrx_word' id='word_1_186' title='bbox 1785 2199 2180 2251; x_wconf 80' lang='lat' dir='ltr'><strong>irretractabili</strong></span> 
     </span>
     <span class='ocr_line' id='line_1_23' title="bbox 312 2286 2176 2357; baseline 0 -18"><span class='ocrx_word' id='word_1_187' title='bbox 312 2290 551 2357; x_wconf 82' lang='lat' dir='ltr'><strong>firmavit</strong></span> <span class='ocrx_word' id='word_1_188' title='bbox 576 2304 827 2347; x_wconf 85' lang='lat' dir='ltr'><strong>assensu,</strong></span> <span class='ocrx_word' id='word_1_189' title='bbox 853 2292 915 2338; x_wconf 91' lang='lat' dir='ltr'><strong>ut</strong></span> <span class='ocrx_word' id='word_1_190' title='bbox 936 2303 1059 2338; x_wconf 86' lang='lat' dir='ltr'><strong>vere</strong></span> <span class='ocrx_word' id='word_1_191' title='bbox 1075 2304 1178 2338; x_wconf 86' lang='lat' dir='ltr'><strong>ase</strong></span> <span class='ocrx_word' id='word_1_192' title='bbox 1200 2286 1476 2354; x_wconf 76' lang='lat' dir='ltr'><strong>prodiisse</strong></span> <span class='ocrx_word' id='word_1_193' title='bbox 1504 2287 1828 2346; x_wconf 78' lang='lat' dir='ltr'><strong>ostenderet,</strong></span> <span class='ocrx_word' id='word_1_194' title='bbox 1857 2288 2005 2355; x_wconf 82' lang='lat' dir='ltr'><strong>quod</strong></span> <span class='ocrx_word' id='word_1_195' title='bbox 2016 2290 2176 2356; x_wconf 89' lang='lat' dir='ltr'><strong>prius</strong></span> 
     </span>
     <span class='ocr_line' id='line_1_24' title="bbox 317 2374 2176 2447; baseline 0 -20"><span class='ocrx_word' id='word_1_196' title='bbox 317 2396 349 2427; x_wconf 89' lang='lat' dir='ltr'><strong>a</strong></span> <span class='ocrx_word' id='word_1_197' title='bbox 368 2379 555 2445; x_wconf 88' lang='lat' dir='ltr'><strong>prima</strong></span> <span class='ocrx_word' id='word_1_198' title='bbox 583 2378 816 2427; x_wconf 86' lang='lat' dir='ltr'><strong>omnium</strong></span> <span class='ocrx_word' id='word_1_199' title='bbox 848 2375 990 2427; x_wconf 89' lang='lat' dir='ltr'><strong>Sede</strong></span> <span class='ocrx_word' id='word_1_200' title='bbox 1011 2377 1340 2442; x_wconf 86' lang='lat' dir='ltr'><strong>formatum,</strong></span> <span class='ocrx_word' id='word_1_201' title='bbox 1367 2376 1529 2426; x_wconf 87' lang='lat' dir='ltr'><strong>totius</strong></span> <span class='ocrx_word' id='word_1_202' title='bbox 1576 2374 1878 2427; x_wconf 76' lang='lat' dir='ltr'><strong>Christiani</strong></span> <span class='ocrx_word' id='word_1_203' title='bbox 1916 2375 2060 2427; x_wconf 87' lang='lat' dir='ltr'><strong>orbis</strong></span> <span class='ocrx_word' id='word_1_204' title='bbox 2082 2380 2176 2447; x_wconf 85' lang='lat' dir='ltr'><strong>ju-</strong></span> 
     </span>
     <span class='ocr_line' id='line_1_25' title="bbox 317 2462 2176 2531; baseline -0.002 -16"><span class='ocrx_word' id='word_1_205' title='bbox 317 2466 516 2515; x_wconf 86' lang='lat' dir='ltr'><strong>dicium</strong></span> <span class='ocrx_word' id='word_1_206' title='bbox 542 2464 854 2531; x_wconf 79' lang='lat' dir='ltr'><strong>recepisset:</strong></span> <span class='ocrx_word' id='word_1_207' title='bbox 895 2469 956 2513; x_wconf 91' lang='lat' dir='ltr'><strong>ut</strong></span> <span class='ocrx_word' id='word_1_208' title='bbox 990 2464 1046 2512; x_wconf 90' lang='lat' dir='ltr'><strong>in</strong></span> <span class='ocrx_word' id='word_1_209' title='bbox 1083 2462 1187 2513; x_wconf 81' lang='lat' dir='ltr'><strong>lzoc</strong></span> <span class='ocrx_word' id='word_1_210' title='bbox 1223 2480 1435 2529; x_wconf 83' lang='lat' dir='ltr'><strong>quoque</strong></span> <span class='ocrx_word' id='word_1_211' title='bbox 1474 2464 1647 2528; x_wconf 87' lang='lat' dir='ltr'><strong>capiti</strong></span> <span class='ocrx_word' id='word_1_212' title='bbox 1682 2462 1917 2517; x_wconf 86' lang='lat' dir='ltr'><strong>membra</strong></span> <span class='ocrx_word' id='word_1_213' title='bbox 1957 2480 2176 2513; x_wconf 89' lang='lat' dir='ltr'><strong>concor-</strong></span> 
     </span>
     <span class='ocr_line' id='line_1_26' title="bbox 317 2547 2172 2617; baseline -0.002 -15"><span class='ocrx_word' id='word_1_214' title='bbox 317 2552 445 2602; x_wconf 80' lang='lat' dir='ltr'><strong>dent</strong></span> <span class='ocrx_word' id='word_1_215' title='bbox 473 2588 646 2599; x_wconf 89' lang='grc'><strong>.....</strong></span> <span class='ocrx_word' id='word_1_216' title='bbox 702 2549 844 2600; x_wconf 88' lang='lat' dir='ltr'><strong>Nam</strong></span> <span class='ocrx_word' id='word_1_217' title='bbox 869 2567 936 2599; x_wconf 90' lang='lat' dir='ltr'><strong>ne</strong></span> <span class='ocrx_word' id='word_1_218' title='bbox 965 2548 1199 2598; x_wconf 88' lang='lat' dir='ltr'><strong>aliarum</strong></span> <span class='ocrx_word' id='word_1_219' title='bbox 1237 2547 1443 2598; x_wconf 89' lang='lat' dir='ltr'><strong>sedium</strong></span> <span class='ocrx_word' id='word_1_220' title='bbox 1483 2548 1560 2598; x_wconf 92' lang='lat' dir='ltr'><strong>ad</strong></span> <span class='ocrx_word' id='word_1_221' title='bbox 1596 2565 1742 2607; x_wconf 88' lang='lat' dir='ltr'><strong>eam,</strong></span> <span class='ocrx_word' id='word_1_222' title='bbox 1788 2566 1949 2617; x_wconf 83' lang='lat' dir='ltr'><strong>quam</strong></span> <span class='ocrx_word' id='word_1_223' title='bbox 1976 2552 2172 2601; x_wconf 87' lang='lat' dir='ltr'><strong>ceteris</strong></span> 
     </span>
     <span class='ocr_line' id='line_1_27' title="bbox 318 2636 2175 2703; baseline -0.001 -16"><span class='ocrx_word' id='word_1_224' title='bbox 318 2639 549 2688; x_wconf 84' lang='lat' dir='ltr'><strong>omnium</strong></span> <span class='ocrx_word' id='word_1_225' title='bbox 578 2636 843 2687; x_wconf 78' lang='lat' dir='ltr'><strong>Dominus</strong></span> <span class='ocrx_word' id='word_1_226' title='bbox 870 2637 1061 2687; x_wconf 81' lang='lat' dir='ltr'><strong>statuit</strong></span> <span class='ocrx_word' id='word_1_227' title='bbox 1076 2636 1434 2703; x_wconf 84' lang='lat' dir='ltr'><strong>praesidere,</strong></span> <span class='ocrx_word' id='word_1_228' title='bbox 1462 2653 1752 2686; x_wconf 87' lang='lat' dir='ltr'><strong>consensus</strong></span> <span class='ocrx_word' id='word_1_229' title='bbox 1781 2639 2078 2687; x_wconf 87' lang='lat' dir='ltr'><strong>assentatio</strong></span> <span class='ocrx_word' id='word_1_230' title='bbox 2106 2639 2175 2686; x_wconf 90' lang='lat' dir='ltr'><strong>vi-</strong></span> 
     </span>
     <span class='ocr_line' id='line_1_28' title="bbox 316 2718 2174 2792; baseline -0.001 -16"><span class='ocrx_word' id='word_1_231' title='bbox 316 2728 565 2784; x_wconf 85' lang='lat' dir='ltr'><strong>deretur,</strong></span> <span class='ocrx_word' id='word_1_232' title='bbox 593 2730 689 2776; x_wconf 90' lang='lat' dir='ltr'><strong>aut</strong></span> <span class='ocrx_word' id='word_1_233' title='bbox 714 2725 827 2775; x_wconf 88' lang='lat' dir='ltr'><strong>alia</strong></span> <span class='ocrx_word' id='word_1_234' title='bbox 854 2723 1126 2792; x_wconf 81' lang='lat' dir='ltr'><strong>quaelibet</strong></span> <span class='ocrx_word' id='word_1_235' title='bbox 1149 2722 1441 2791; x_wconf 85' lang='lat' dir='ltr'><strong>subrepere</strong></span> <span class='ocrx_word' id='word_1_236' title='bbox 1447 2729 1639 2790; x_wconf 85' lang='lat' dir='ltr'><strong>posset</strong></span> <span class='ocrx_word' id='word_1_237' title='bbox 1663 2718 1893 2775; x_wconf 85' lang='lat' dir='ltr'><strong>adversa</strong></span> <span class='ocrx_word' id='word_1_238' title='bbox 1909 2726 2174 2792; x_wconf 81' lang='lat' dir='ltr'><strong>suspicio,-</strong></span> 
     </span>
     <span class='ocr_line' id='line_1_29' title="bbox 314 2811 2176 2882; baseline -0.002 -18"><span class='ocrx_word' id='word_1_239' title='bbox 314 2815 516 2864; x_wconf 82' lang='lat' dir='ltr'><strong>inventi</strong></span> <span class='ocrx_word' id='word_1_240' title='bbox 531 2814 692 2880; x_wconf 89' lang='lat' dir='ltr'><strong>prius</strong></span> <span class='ocrx_word' id='word_1_241' title='bbox 719 2817 868 2870; x_wconf 86' lang='lat' dir='ltr'><strong>sunt,</strong></span> <span class='ocrx_word' id='word_1_242' title='bbox 897 2813 990 2879; x_wconf 84' lang='lat' dir='ltr'><strong>qui</strong></span> <span class='ocrx_word' id='word_1_243' title='bbox 1014 2811 1080 2862; x_wconf 89' lang='lat' dir='ltr'><strong>de</strong></span> <span class='ocrx_word' id='word_1_244' title='bbox 1091 2812 1321 2882; x_wconf 83' lang='lat' dir='ltr'><strong>judiciis</strong></span> <span class='ocrx_word' id='word_1_245' title='bbox 1347 2813 1548 2862; x_wconf 87' lang='lat' dir='ltr'><strong>nostris</strong></span> <span class='ocrx_word' id='word_1_246' title='bbox 1577 2811 1922 2880; x_wconf 70' lang='lat' dir='ltr'><strong>ambiyerent.</strong></span> <span class='ocrx_word' id='word_1_247' title='bbox 1953 2811 2027 2862; x_wconf 87' lang='lat' dir='ltr'><strong>Et</strong></span> <span class='ocrx_word' id='word_1_248' title='bbox 2052 2813 2176 2862; x_wconf 87' lang='lat' dir='ltr'><strong>dum</strong></span> 
     </span>
     <span class='ocr_line' id='line_1_30' title="bbox 315 2900 2176 2953; baseline -0.003 -1"><span class='ocrx_word' id='word_1_249' title='bbox 315 2901 567 2953; x_wconf 87' lang='lat' dir='ltr'><strong>nonnulli</strong></span> <span class='ocrx_word' id='word_1_250' title='bbox 605 2919 636 2951; x_wconf 90' lang='lat' dir='ltr'><strong>a</strong></span> <span class='ocrx_word' id='word_1_251' title='bbox 673 2901 1021 2951; x_wconf 88' lang='lat' dir='ltr'><strong>dissensionis</strong></span> <span class='ocrx_word' id='word_1_252' title='bbox 1060 2900 1272 2950; x_wconf 88' lang='lat' dir='ltr'><strong>incitati</strong></span> <span class='ocrx_word' id='word_1_253' title='bbox 1308 2905 1531 2951; x_wconf 87' lang='lat' dir='ltr'><strong>auctore</strong></span> <span class='ocrx_word' id='word_1_254' title='bbox 1582 2901 1659 2951; x_wconf 86' lang='lat' dir='ltr'><strong>ad</strong></span> <span class='ocrx_word' id='word_1_255' title='bbox 1689 2900 2176 2952; x_wconf 87' lang='lat' dir='ltr'><strong>contradictionum</strong></span> 
     </span>
     <span class='ocr_line' id='line_1_31' title="bbox 316 2986 2174 3057; baseline -0.002 -18"><span class='ocrx_word' id='word_1_256' title='bbox 316 2991 460 3042; x_wconf 84' lang='lat' dir='ltr'><strong>bella</strong></span> <span class='ocrx_word' id='word_1_257' title='bbox 480 2989 810 3057; x_wconf 89' lang='lat' dir='ltr'><strong>prosiliunt,</strong></span> <span class='ocrx_word' id='word_1_258' title='bbox 837 2986 913 3039; x_wconf 93' lang='lat' dir='ltr'><strong>ad</strong></span> <span class='ocrx_word' id='word_1_259' title='bbox 935 2990 1108 3056; x_wconf 75' lang='lat' dir='ltr'><strong>maJ‘us</strong></span> <span class='ocrx_word' id='word_1_260' title='bbox 1143 2986 1367 3046; x_wconf 85' lang='lat' dir='ltr'><strong>bonum,</strong></span> <span class='ocrx_word' id='word_1_261' title='bbox 1395 2987 1538 3037; x_wconf 82' lang='lat' dir='ltr'><strong>malo</strong></span> <span class='ocrx_word' id='word_1_262' title='bbox 1579 2990 1709 3056; x_wconf 77' lang='lat' dir='ltr'><strong>ejus,</strong></span> <span class='ocrx_word' id='word_1_263' title='bbox 1750 2991 1971 3037; x_wconf 87' lang='lat' dir='ltr'><strong>auctore</strong></span> <span class='ocrx_word' id='word_1_264' title='bbox 2014 2987 2174 3035; x_wconf 88' lang='lat' dir='ltr'><strong>totius</strong></span> 
     </span>
     <span class='ocr_line' id='line_1_32' title="bbox 316 3072 2175 3144; baseline -0.004 -16"><span class='ocrx_word' id='word_1_265' title='bbox 316 3079 569 3130; x_wconf 81' lang='lat' dir='ltr'><strong>bonitatis</strong></span> <span class='ocrx_word' id='word_1_266' title='bbox 597 3078 962 3144; x_wconf 89' lang='lat' dir='ltr'><strong>dispensante,</strong></span> <span class='ocrx_word' id='word_1_267' title='bbox 982 3079 1301 3142; x_wconf 85' lang='lat' dir='ltr'><strong>perventum</strong></span> <span class='ocrx_word' id='word_1_268' title='bbox 1327 3079 1408 3124; x_wconf 91' lang='lat' dir='ltr'><strong>est</strong></span> <span class='ocrx_word' id='word_1_269' title='bbox 1434 3110 1446 3121; x_wconf 93' lang='lat'><strong><em>.</em></strong></span> <span class='ocrx_word' id='word_1_270' title='bbox 1477 3112 1487 3122; x_wconf 92' lang='lat'>.</span> <span class='ocrx_word' id='word_1_271' title='bbox 1518 3112 1528 3122; x_wconf 94' lang='lat'><strong>.</strong></span> <span class='ocrx_word' id='word_1_272' title='bbox 1583 3072 1711 3139; x_wconf 88' lang='lat' dir='ltr'><strong>Ipsa</strong></span> <span class='ocrx_word' id='word_1_273' title='bbox 1738 3090 1950 3141; x_wconf 80' lang='lat' dir='ltr'><strong>quoque</strong></span> <span class='ocrx_word' id='word_1_274' title='bbox 1977 3074 2175 3123; x_wconf 79' lang='lat' dir='ltr'><strong>veritas</strong></span> 
     </span>
     <span class='ocr_line' id='line_1_33' title="bbox 316 3159 2175 3230; baseline -0.004 -12"><span class='ocrx_word' id='word_1_275' title='bbox 316 3175 366 3219; x_wconf 78' lang='lat' dir='ltr'><strong>et</strong></span> <span class='ocrx_word' id='word_1_276' title='bbox 391 3167 595 3218; x_wconf 87' lang='lat' dir='ltr'><strong>clarius</strong></span> <span class='ocrx_word' id='word_1_277' title='bbox 621 3165 910 3222; x_wconf 86' lang='lat' dir='ltr'><strong>renitescit,</strong></span> <span class='ocrx_word' id='word_1_278' title='bbox 937 3167 990 3214; x_wconf 90' lang='lat' dir='ltr'><strong>et</strong></span> <span class='ocrx_word' id='word_1_279' title='bbox 1007 3162 1211 3230; x_wconf 83' lang='lat' dir='ltr'><strong>fortius</strong></span> <span class='ocrx_word' id='word_1_280' title='bbox 1237 3161 1516 3218; x_wconf 85' lang='lat' dir='ltr'><strong>retinetur,</strong></span> <span class='ocrx_word' id='word_1_281' title='bbox 1544 3159 1670 3210; x_wconf 90' lang='lat' dir='ltr'><strong>dum</strong></span> <span class='ocrx_word' id='word_1_282' title='bbox 1697 3177 1836 3227; x_wconf 84' lang='lat' dir='ltr'><strong>quae</strong></span> <span class='ocrx_word' id='word_1_283' title='bbox 1856 3160 1995 3228; x_wconf 82' lang='lat' dir='ltr'><strong>fides</strong></span> <span class='ocrx_word' id='word_1_284' title='bbox 2015 3161 2175 3227; x_wconf 86' lang='lat' dir='ltr'><strong>prius</strong></span> 
     </span>
     <span class='ocr_line' id='line_1_34' title="bbox 316 3244 2173 3324; baseline -0.005 -18"><span class='ocrx_word' id='word_1_285' title='bbox 316 3257 582 3306; x_wconf 86' lang='lat' dir='ltr'><strong>docuerat</strong></span> <span class='ocrx_word' id='word_1_286' title='bbox 604 3251 686 3324; x_wconf 84' lang='lat' dir='ltr'><strong>(in</strong></span> <span class='ocrx_word' id='word_1_287' title='bbox 714 3250 916 3304; x_wconf 89' lang='lat' dir='ltr'><strong>laudata</strong></span> <span class='ocrx_word' id='word_1_288' title='bbox 943 3244 1205 3320; x_wconf 87' lang='lat' dir='ltr'><strong>epistola),</strong></span> <span class='ocrx_word' id='word_1_289' title='bbox 1243 3246 1380 3298; x_wconf 75' lang='lat' dir='ltr'><strong>haec</strong></span> <span class='ocrx_word' id='word_1_290' title='bbox 1396 3253 1594 3313; x_wconf 83' lang='lat' dir='ltr'><strong>postca</strong></span> <span class='ocrx_word' id='word_1_291' title='bbox 1621 3249 1954 3298; x_wconf 76' lang='lat' dir='ltr'><strong>examinatio</strong></span> <span class='ocrx_word' id='word_1_292' title='bbox 1982 3250 2173 3315; x_wconf 81' lang='lat' dir='ltr'><strong>confir·</strong></span> 
     </span>
     <span class='ocr_line' id='line_1_35' title="bbox 314 3334 2164 3408; baseline -0.004 -16"><span class='ocrx_word' id='word_1_293' title='bbox 314 3345 488 3393; x_wconf 88' lang='lat' dir='ltr'><strong>marit.</strong></span> <span class='ocrx_word' id='word_1_294' title='bbox 544 3342 776 3393; x_wconf 90' lang='lat' dir='ltr'><strong>Multum</strong></span> <span class='ocrx_word' id='word_1_295' title='bbox 802 3341 1032 3408; x_wconf 85' lang='lat' dir='ltr'><strong>denique</strong></span> <span class='ocrx_word' id='word_1_296' title='bbox 1056 3334 1416 3388; x_wconf 84' lang='lat' dir='ltr'><strong>sacerdotalis</strong></span> <span class='ocrx_word' id='word_1_297' title='bbox 1443 3337 1617 3404; x_wconf 80' lang='lat' dir='ltr'><strong>officii</strong></span> <span class='ocrx_word' id='word_1_298' title='bbox 1650 3337 1896 3387; x_wconf 82' lang='lat' dir='ltr'><strong>meritum</strong></span> <span class='ocrx_word' id='word_1_299' title='bbox 1921 3335 2164 3403; x_wconf 86' lang='lat' dir='ltr'><strong>splende-</strong></span> 
     </span>
     <span class='ocr_line' id='line_1_36' title="bbox 317 3422 2171 3489; baseline -0.005 -9"><span class='ocrx_word' id='word_1_300' title='bbox 317 3431 444 3489; x_wconf 91' lang='lat' dir='ltr'><strong>scit,</strong></span> <span class='ocrx_word' id='word_1_301' title='bbox 470 3429 562 3479; x_wconf 86' lang='lat' dir='ltr'><strong>ubi</strong></span> <span class='ocrx_word' id='word_1_302' title='bbox 586 3431 664 3480; x_wconf 86' lang='lat' dir='ltr'><strong>sic</strong></span> <span class='ocrx_word' id='word_1_303' title='bbox 691 3445 1015 3480; x_wconf 87' lang='lat' dir='ltr'><strong>summorum</strong></span> <span class='ocrx_word' id='word_1_304' title='bbox 1041 3428 1292 3478; x_wconf 74' lang='lat' dir='ltr'><strong>servatur</strong></span> <span class='ocrx_word' id='word_1_305' title='bbox 1318 3425 1636 3484; x_wconf 84' lang='lat' dir='ltr'><strong>auctoritas,</strong></span> <span class='ocrx_word' id='word_1_306' title='bbox 1674 3430 1736 3476; x_wconf 85' lang='lat' dir='ltr'><strong>ut</strong></span> <span class='ocrx_word' id='word_1_307' title='bbox 1770 3425 1826 3474; x_wconf 85' lang='lat' dir='ltr'><strong>in</strong></span> <span class='ocrx_word' id='word_1_308' title='bbox 1851 3422 2004 3473; x_wconf 86' lang='lat' dir='ltr'><strong>nullo</strong></span> <span class='ocrx_word' id='word_1_309' title='bbox 2038 3423 2171 3488; x_wconf 79' lang='lat' dir='ltr'><strong>infe-</strong></span> 
     </span>
     <span class='ocr_line' id='line_1_37' title="bbox 313 3509 2174 3589; baseline -0.005 -21"><span class='ocrx_word' id='word_1_310' title='bbox 313 3519 519 3568; x_wconf 85' lang='lat' dir='ltr'><strong>riorum</strong></span> <span class='ocrx_word' id='word_1_311' title='bbox 526 3521 749 3589; x_wconf 82' lang='lat' dir='ltr'><strong>putetur</strong></span> <span class='ocrx_word' id='word_1_312' title='bbox 776 3517 1052 3567; x_wconf 86' lang='lat' dir='ltr'><strong>imminuta</strong></span> <span class='ocrx_word' id='word_1_313' title='bbox 1078 3513 1327 3567; x_wconf 78' lang='lat' dir='ltr'><strong>libertas:</strong></span> <span class='ocrx_word' id='word_1_314' title='bbox 1356 3518 1408 3563; x_wconf 87' lang='lat' dir='ltr'><strong>et</strong></span> <span class='ocrx_word' id='word_1_315' title='bbox 1434 3512 1509 3563; x_wconf 82' lang='lat' dir='ltr'><strong>ad</strong></span> <span class='ocrx_word' id='word_1_316' title='bbox 1534 3515 1792 3580; x_wconf 77' lang='lat' dir='ltr'><strong>majorem</strong></span> <span class='ocrx_word' id='word_1_317' title='bbox 1807 3509 1917 3560; x_wconf 90' lang='lat' dir='ltr'><strong>Dei</strong></span> <span class='ocrx_word' id='word_1_318' title='bbox 1936 3509 2174 3577; x_wconf 58' lang='lat' dir='ltr'><strong>gloriam</strong></span> 
     </span>
    </p>
   </div>
   <div class='ocr_carea' id='block_1_4' title="bbox 2295 391 2314 898">
    <p class='ocr_par' dir='ltr' id='par_1_4' title="bbox 2295 391 2314 898">
     <span class='ocr_line' id='line_1_38' title="bbox 2295 391 2314 898; textangle 90"><span class='ocrx_word' id='word_1_319' title='bbox 2311 894 2314 898; x_wconf 91' lang='lat'>.</span> <span class='ocrx_word' id='word_1_320' title='bbox 2302 838 2314 875; x_wconf 65' lang='grc' dir='ltr'><strong>,Α</strong></span> <span class='ocrx_word' id='word_1_321' title='bbox 2302 771 2314 822; x_wconf 54' lang='grc' dir='ltr'><strong>,ιιι</strong></span> <span class='ocrx_word' id='word_1_322' title='bbox 2295 550 2314 740; x_wconf 49' lang='grc' dir='ltr'><strong>κι-ΛὶωηἼ</strong></span> <span class='ocrx_word' id='word_1_323' title='bbox 2301 527 2302 530; x_wconf 52' lang='lat'><em>⁴</em></span> <span class='ocrx_word' id='word_1_324' title='bbox 2295 391 2314 508; x_wconf 49' lang='lat'><strong>-·*&#39;&#39;..·2·</strong></span> 
     </span>
    </p>
   </div>
  </div>
 </body>
</html>
