2314 3984
138 1253 287 1325 DE
337 1248 1296 1328 INFALLIBILITATE
1338 1249 1953 1324 PONTIFICIA

452 1423 526 1476 IN
565 1421 1144 1476 DEFINITIONIBUS
1183 1420 1648 1475 DoeMATlcls.

148 1663 330 1729 Qua
374 1669 676 1724 brevius
735 1671 1192 1737 eaeplicatur
1253 1671 1488 1740 atque
1539 1668 1957 1728 statuitur,

139 1782 525 1838 quaenam
550 1770 625 1824 et
648 1773 898 1840 qualis
918 1771 1361 1826 auctoritas
1392 1772 1708 1825 summis
1740 1767 1956 1823 Pon-

139 1867 476 1940 tificibus
513 1871 936 1927 tribuenda
981 1873 1114 1934 sit,
1165 1872 1484 1942 quando
1535 1883 1646 1925 ew
1681 1868 1845 1942 fine
1885 1870 1960 1924 et

142 1969 410 2041 officio
441 1973 834 2037 primatus
872 1974 965 2028 ob
1008 1973 1626 2029 conservandam
1663 1975 1748 2027 in
1785 1971 1958 2025 tota

140 2068 500 2126 Ecclesia
535 2071 723 2143 fidei
771 2074 1156 2128 unitatem
1219 2073 1603 2146 definiunt
1642 2073 1958 2128 contro-

635 2176 920 2228 versias
959 2174 1467 2240 dogmaticas.

140 2344 335 2434 Haec
362 2384 564 2433 additio
600 2388 828 2437 maxime
864 2388 1037 2447 utilis,
1074 2388 1159 2438 vel
1191 2389 1346 2438 etiam
1381 2389 1683 2439 necessaria
1710 2388 1959 2455 quodam-

137 2470 665 2538 ⁷nodojudieabitur,
701 2479 760 2522 ut
784 2473 989 2524 brevius
1020 2480 1403 2541 proponantur
1435 2476 1739 2540 praecipua
1778 2476 1957 2539 capita

137 2562 292 2623 atque
312 2558 612 2622 principia,
651 2576 786 2624 quae
826 2561 971 2610 circa
1012 2562 1380 2610 auctoritatem
1416 2559 1959 2627 infallibilitatemque

141 2640 478 2708 pontificiam
514 2643 567 2690 in
608 2644 919 2709 definiendis
948 2647 1080 2712 fidei
1119 2645 1509 2712 quaestionibus
1540 2648 1716 2711 fusius
1750 2647 1960 2713 protuli

136 2729 189 2776 in
219 2726 354 2776 libro
386 2723 466 2776 De
492 2725 542 2777 vi
570 2736 619 2778 et
645 2727 838 2780 ratione
865 2729 1131 2798 primatus,
1171 2733 1349 2798 sicque
1377 2732 1521 2780 istud
1545 2734 1613 2781 sit
1636 2733 1799 2782 veluti
1825 2750 1956 2781 com-

129 2813 408 2877 pendium,
459 2831 560 2879 quo
595 2820 758 2864 totum
792 2822 1014 2884 systema
1054 2816 1245 2866 ibidem
1274 2818 1641 2883 propositum,
1690 2835 1754 2867 ae
1798 2820 1958 2867 totius

135 2899 424 2965 systematis
446 2900 520 2948 vis
536 2901 757 2965 facilius
771 2904 989 2968 percipi
1011 2920 1074 2952 ac
1094 2904 1517 2968 retineripossit.
1550 2903 1708 2953 Hanc
1730 2903 1956 2953 additio-

133 2999 250 3031 nem
275 2983 492 3051 subjicio
520 2981 795 3048 vindiciis⁷
833 2990 887 3036 in
915 2989 1099 3054 quibus
1127 2990 1301 3054 capite
1322 2991 1500 3055 primo
1542 2990 1606 3038 de
1635 2991 1956 3039 auctoritate

136 3074 185 3116 et
210 3069 593 3133 infallibilitate
623 3070 985 3122 Romanorum
1015 3073 1337 3141 Pontificum
1371 3077 1515 3124 circa
1537 3076 1669 3141 fidei
1707 3078 1956 3125 materias

135 3159 321 3202 eontra
349 3154 664 3205 Febronium
691 3158 919 3208 disserui
929 3177 945 3217 ,·
986 3165 1037 3209 et
1044 3163 1215 3228 juata
1244 3163 1584 3226 propositam
1611 3161 1738 3210 mihi
1761 3161 1955 3211 ‘metho-

135 3237 256 3286 dum
294 3244 455 3288 totam
492 3244 950 3295 ratiocinationem
989 3251 1270 3295 contexam
1309 3264 1378 3296 ex
1410 3249 1726 3314 principiis,
1765 3249 1818 3297 in
1847 3250 1955 3315 qui·

134 3321 225 3371 bus
276 3324 413 3372 idem
451 3325 742 3380 Febronius
794 3336 842 3380 et
893 3333 1057 3382 ceteri
1107 3332 1406 3382 (alvers-arii
1454 3332 1707 3384 catholici
1755 3351 1953 3384 meeum

135 3410 460 3460 conveniunt.
