2314 3984
756 257 926 264 -———
1018 222 1144 280 343
1236 257 1406 264 -——-—-

180 395 281 447 rint
305 411 364 446 eo
390 402 642 463 tempore,
677 409 772 460 quo
801 390 1063 444 Romanae
1100 391 1232 444 sedis
1268 390 1613 444 commuuione
1649 388 1995 443 Orientalibus

176 479 388 532 nondum
414 477 662 540 restituta,
690 486 928 547 expertes
955 477 1222 530 creduntur
1247 476 1431 530 actuali
1456 476 1674 547 ejusdem
1702 473 1833 527 sedis
1860 492 1994 526 com-

175 564 429 628 munione,
464 581 494 615 a
519 581 614 632 qua
640 563 987 631 consequenda
1013 579 1114 615 non
1139 565 1340 634 proprio
1366 562 1488 616 vitio
1505 601 1518 627 ,
1555 561 1642 614 sed
1666 559 1861 613 aliunde
1886 561 1992 613 fue-

174 659 288 702 runt
322 648 580 721 prohibiti3
629 650 1019 702 communionem
1051 657 1222 700 tamen
1267 659 1317 702 et
1355 649 1595 701 unitatem
1631 646 1835 718 spiritus
1874 663 1992 698 con-

172 746 365 789 stanter
390 736 720 801 retinuerunt,
749 746 797 789 et
822 743 1068 788 ornarunt
1092 736 1361 788 sanctitate
1379 735 1531 798 vitae,
1559 753 1705 804 quam
1725 751 1834 786 cum
1853 731 1992 785 Deus

173 821 421 874 miraculis
455 831 624 874 notam
656 822 860 887 fecerit,
899 822 949 874 in
975 819 1274 875 Sanctorum
1309 821 1469 873 album
1508 822 1569 873 ab
1597 819 1903 873 Occidentali
1941 827 1992 871 et

175 907 403 960 Romana
428 907 576 960 etiam
600 906 830 961 Ecclesia
853 907 1000 961 relati
1023 908 1239 960 fuerunt.
1285 906 1425 961 Haec
1452 908 1512 959 ad
1539 905 1860 961 vindicandos
1886 902 1990 956 Eu-

173 993 412 1064 phemium
440 1003 490 1046 et
514 992 570 1046 S.
597 993 942 1047 Macedonium
971 990 1579 1064 Constantinopolitan0S,
1606 990 1662 1044 S.
1685 991 1847 1044 Eliam
1868 990 1989 1044 Hie-

171 1079 609 1150 rosolymitanum,
663 1088 712 1131 et
748 1076 805 1131 S.
845 1078 1141 1132 Flavianum
1179 1079 1445 1132 secundum
1483 1078 1849 1131 Antiochenum
1889 1078 1990 1128 suf--

172 1165 355 1216 ficiunt.

315 1250 399 1302 12.
438 1247 716 1303 Faciliores
755 1261 871 1303 sunt
908 1261 1187 1305 ceterorum
1213 1250 1512 1304 Sanctorum
1537 1248 1806 1311 vindiciae,
1846 1246 1989 1298 nimi-

170 1355 277 1387 rum
302 1334 358 1387 S.
386 1334 611 1389 Danielis
638 1334 852 1398 Stilitae,
878 1333 933 1389 S.
963 1336 1146 1401 Sabae,
1174 1335 1229 1389 S.
1260 1336 1531 1389 Theodosii
1559 1331 1986 1396 Coenobiarchae,

171 1432 220 1474 et
246 1420 301 1474 S.
330 1421 539 1475 Joannis
566 1419 860 1474 Silentiarii.
913 1421 969 1475 S.
998 1422 1207 1487 Daniel,
1249 1423 1330 1492 qui
1369 1440 1518 1494 supra
1558 1421 1833 1474 columnam
1871 1436 1986 1470 san-

171 1507 390 1561 ctissime
415 1507 569 1561 vitam
597 1508 796 1578 exegit,
831 1518 881 1561 et
904 1528 994 1580 pro
1022 1509 1263 1562 catholica
1289 1510 1380 1562 fide
1406 1510 1548 1580 plura
1574 1506 1846 1560 certamina
1874 1506 1987 1557 sub-

171 1594 259 1658 iit,
297 1594 733 1649 communicaverit
779 1613 936 1648 necne
973 1596 1232 1665 aliquando
1267 1614 1376 1648 cum
1416 1590 1987 1663 Constantinopolitanis

167 1678 428 1751 Episcopis
454 1691 567 1751 post
591 1681 840 1734 invectum
866 1681 1106 1746 schisma,
1134 1699 1202 1734 ex
1228 1682 1332 1734 vita
1358 1684 1463 1752 ejus
1492 1680 1699 1748 aliisque
1725 1680 1988 1731 documen-

171 1767 235 1818 tis
262 1785 360 1818 non
387 1767 565 1836 liquet,
607 1767 679 1818 uti
706 1767 1058 1820 Tillemontius
1095 1768 1243 1819 fateri
1271 1777 1471 1820 coactus
1499 1767 1587 1817 fuit
1614 1766 1665 1816 in
1692 1763 1748 1816 S.
1776 1762 1990 1815 Daniele

168 1872 282 1924 pag.
311 1853 434 1905 449.
489 1851 790 1923 Conjectura
816 1863 978 1906 autem
1004 1871 1073 1906 ex
1099 1872 1158 1906 eo
1186 1854 1354 1917 ducta,
1383 1853 1508 1921 quod
1534 1850 1853 1921 Euphemius,
1882 1867 1988 1901 cum

171 1939 228 1991 de
256 1957 481 2009 supremo
519 1940 621 2008 ejus
649 1957 809 2009 agone
836 1939 1049 2004 audivit,
1087 1939 1147 1990 ad
1180 1939 1340 2010 ipsum
1368 1958 1475 1991 cum
1513 1938 1623 1990 aliis
1652 1935 1893 2000 accessit,
1934 1945 1990 1986 ut

171 2025 440 2077 interesset
467 2026 570 2095 ejus
596 2026 767 2088 morti,
797 2024 915 2075 nihil
941 2025 1142 2077 evincit.
1195 2023 1243 2076 Is
1271 2024 1401 2076 enim
1430 2043 1487 2076 eo
1526 2023 1819 2094 pervenisse
1853 2022 1989 2074 vide-

173 2120 279 2173 tur,
313 2119 572 2180 postquam
607 2111 734 2163 ideni
761 2109 978 2162 Sanctus
1014 2109 1241 2180 spiritum
1278 2108 1386 2162 Deo
1427 2110 1721 2162 reddiderat.
1776 2106 1919 2175 Quod
1948 2109 1990 2160 si

170 2196 328 2266 ipsum
356 2196 629 2249 accessisse
655 2197 826 2249 credas
854 2205 967 2248 ante
995 2198 1100 2266 ejus
1126 2207 1366 2262 mortem,
1394 2215 1509 2248 num
1531 2216 1637 2249 cum
1659 2197 1827 2248 eodem
1857 2213 1989 2247 com-

172 2281 449 2333 municasse
487 2282 580 2334 dici
614 2291 779 2352 potest
805 2279 860 2333 S.
887 2280 1093 2346 Daniel,
1131 2283 1212 2351 qui
1251 2301 1530 2353 supremum
1569 2283 1795 2354 spiritum
1833 2300 1989 2351 agens

171 2367 300 2418 illum
328 2377 640 2438 praesentem
668 2367 864 2432 habuit,
893 2386 993 2419 non
1020 2369 1107 2420 abs
1135 2387 1190 2421 se
1218 2369 1455 2433 accitum,
1497 2369 1583 2421 sed
1610 2387 1699 2421 sua
1726 2377 1903 2438 sponte
1932 2385 1989 2419 ac

170 2454 298 2504 fama
324 2455 427 2523 ejus
454 2453 736 2506 sanctitatis
763 2454 1054 2524 impulsum?
1094 2451 1270 2520 Quoad
1288 2457 1433 2506 funus
1455 2473 1512 2507 ac
1533 2456 1833 2525 sepulturam
1861 2452 1987 2505 idem

171 2537 386 2591 Sanctus
415 2549 641 2599 caverat,
667 2557 730 2590 ne
755 2538 1076 2610 Imperatoris
1103 2550 1186 2592 aut
1213 2540 1338 2592 alius
1366 2543 1650 2611 cujusquam
1678 2559 1881 2591 munera
1908 2558 1988 2591 re-

171 2624 450 2694 ciperentur
478 2644 534 2676 co
562 2627 691 2676 forte
719 2625 953 2684 consili0‚
990 2635 1046 2676 ut
1072 2627 1437 2678 contaminatae
1464 2627 1824 2678 communionis
1852 2628 1988 2678 obla-

171 2709 330 2761 tiones
382 2710 698 2774 excluderet,
752 2711 837 2762 sed
888 2710 1054 2761 omnia
1105 2709 1232 2762 Rais
1283 2712 1497 2782 insignis
1535 2712 1735 2782 pietatis
1776 2712 1988 2764 feminae

171 2795 483 2865 dispositioni
517 2813 762 2863 curaeque
800 2793 1059 2846 commisit.
1124 2795 1259 2847 Num
1294 2815 1415 2849 vero
1455 2798 1615 2866 siquid
1650 2798 1752 2866 egit
1791 2796 1989 2868 Euphe-

170 2880 323 2942 miuS‚
350 2900 456 2933 cum
482 2883 627 2932 funus
654 2890 1009 2950 prosequutus,
1038 2897 1233 2933 sacrum
1261 2900 1439 2952 corpus
1467 2883 1567 2934 suis
1595 2884 1820 2935 manibus
1842 2885 1990 2955 depo-

169 2966 295 3031 suit,
322 2966 530 3019 Daniele
557 2966 899 3019 consentiente
924 2968 1106 3018 factum
1132 2967 1226 3019 dici
1251 2970 1450 3038 potest?

316 3052 399 3104 13.
441 3051 606 3105 Porro
653 3051 828 3105 Sancti
867 3050 1055 3116 SahaS,
1114 3052 1428 3106 Theodosius
1478 3053 1856 3108 Coenobiarcha
1873 3097 1886 3121 ,
1939 3066 1986 3107 et

171 3135 393 3188 Joannes
444 3136 788 3202 Silentiarius,
840 3138 891 3189 in
931 3158 1135 3207 quorum
1187 3151 1436 3210 potestate
1474 3160 1571 3193 non
1613 3151 1722 3194 erat
1761 3142 1924 3194 delere
1960 3162 1987 3194 e

170 3221 415 3291 diptychis
442 3241 618 3276 nomen
641 3224 834 3290 Aeacii,
863 3244 960 3276 non
989 3227 1413 3279 conununicarunt
1440 3247 1547 3280 cum
1573 3226 1833 3300 Episcopis
1853 3226 1988 3282 Con-

170 3307 627 3378 stantinopolitanis
666 3311 946 3364 schismatis
990 3322 1242 3383 tempore,
1281 3314 1367 3365 sed
1404 3332 1510 3366 cuin
1550 3313 1662 3365 Elia
1688 3313 1987 3385 Hierosoly-

174 3392 359 3444 mitano
376 3433 388 3451 ,
426 3394 508 3461 qui
535 3395 594 3445 ad
618 3392 942 3466 Euphemium
971 3409 1020 3450 et
1047 3398 1393 3452 Macedonium
1420 3399 1882 3453 communicatorias
1911 3401 1988 3451 lit-
