2320 3990
939 167 1559 225 ,.--.64--

317 336 680 392 municatorias
707 335 1046 408 appellabant.
1083 334 1280 390 Harum
1298 335 1584 393 litterar-um
1612 341 1850 410 frequens
1882 340 2010 413 apud
2039 349 2180 395 vete-

319 445 404 482 res
430 425 645 491 mentio,
685 423 907 493 haecque
931 423 1206 496 praecipua
1230 421 1626 482 Ecclesiasticae
1654 427 1855 482 unionis
1891 429 2180 500 probandae

318 524 370 569 et
397 512 732 568 continendae
758 511 895 566 ratio
933 511 1104 566 habita
1129 531 1330 586 semper
1354 512 1474 566 fuit..
1521 509 1858 571 Sacramenta
1885 515 2018 570 enim
2045 533 2179 570 com-

317 601 490 655 munia
515 619 624 656 cum
651 599 887 654 Romana‘
914 598 1149 655 Ecclesia
1166 641 1181 668 ,
1223 601 1411 656 habere
1450 599 1690 675 poterant
1721 606 1891 678 plures
1920 613 2093 658 sectae
2119 604 2180 658 ab

318 690 494 744 eadem
520 689 745 745 divisae:
785 689 988 744 litterae
1029 700 1196 745 autem
1223 690 1703 746 communicatoriae
1728 687 1874 747 ¹inter
1901 691 2181 747 catholicae

319 788 516 833 tantum
565 777 778 831 unitatis
826 776 1111 852 Episcopos
1161 781 1295 834 ultro
1337 780 1565 850 citroque
1600 779 1949 834 tradebantur.
2013 778 2182 834 Electi

318 868 511 922 scilicet
537 865 762 921 Romani
788 865 1067 922 Pontifices
1093 867 1240 921 initio
1268 868 1441 921 statim
1469 867 1530 921 ad
1557 865 1830 922 catholicos
1849 866 2182 922 Patriarchas

319 965 370 1009 et
396 955 779 1029 Autocephalos
819 957 1020 1010 litteras
1059 956 1109 1010 id
1134 975 1296 1029 genus
1336 956 1634 1022 mittebant,
1676 955 1853 1027 quibus
1881 974 1970 1010 eos
2011 955 2182 1009 suain

319 1044 666 1099 communione
688 1053 738 1098 et
758 1044 951 1098 unitate
979 1063 1094 1100 esse
1121 1046 1462 1112 declarabant,
1491 1045 1614 1099 etin
1635 1046 1809 1099 eadem
1832 1043 2182 1099 communione

318 1143 370 1187 et
395 1133 591 1187 unitate
620 1151 734 1187 esse
761 1133 1117 1206 significabant
1143 1153 1338 1200 omneS,
1367 1153 1495 1205 quae
1523 1134 1612 1187 sub
1640 1133 1818 1188 iisdem
1846 1132 2182 1196 Patriarchis,

317 1231 469 1292 atque
507 1222 874 1295 Autocephalis
926 1223 1321 1276 continebantur
1372 1223 1648 1277 ecclesiae:
1701 1234 1751 1276 et
1802 1221 2035 1276 similiter
2080 1219 2183 1274 Pa-

318 1309 590 1375 triarchae,
614 1321 765 1380 atque
790 1310 1132 1382 Autocephali
1159 1311 1331 1364 statim
1358 1321 1473 1383 post
1499 1311 1797 1365 electionem
1822 1310 2022 1365 litteras
2050 1310 2183 1381 ejus-

319 1398 431 1450 dem
457 1397 665 1469 generis
692 1397 960 1450 mittebant
987 1396 1224 1464 Romam,
1250 1407 1307 1450 ut
1333 1416 1389 1451 se
1416 1416 1472 1451 se
1499 1396 1765 1451 Romanae
1792 1398 1900 1452 sedi
1935 1397 2106 1450 unitos
2134 1406 2181 1450 et

319 1504 429 1539 611111
455 1486 566 1558 ipsa
594 1485 1024 1539 communicantes
1051 1487 1398 1540 ostenderent.
1452 1483 1511 1539 Si
1531 1505 1685 1558 porro
1714 1485 1960 1558 ejusmodi,
1987 1485 2183 1538 littera-

319 1594 427 1627 rum
445 1615 459 1641 ,
490 1593 617 1646 quae
645 1585 947 1647 supersunt,
988 1576 1334 1648 expendamus
1361 1574 1575 1640 indicia3
1616 1574 1740 1628 11666
1766 1575 1987 1646 ipsarum
2013 1584 2185 1627 trans-

320 1662 495 1715 missio
523 1681 626 1715 non
654 1682 825 1716 merae
854 1663 1208 1717 caeremoniae
1233 1673 1283 1716 et
1304 1661 1669 1715 communionis
1698 1671 1809 1715 erat
1835 1662 2066 1726 formula,
2095 1662 2183 1714 sed

318 1761 523 1823 praeter
551 1750 787 1803 notitiam
814 1769 978 1805 novae
1006 1750 1295 1816 electionis,
1338 1760 1424 1802 aut
1451 1749 1786 1803 ordinationis
1813 1749 2182 1822 professionem

317 1839 430 1892 fidei
467 1837 785 1911 potissimum
827 1840 1134 1893 continebat.
1187 1838 1320 1893 Hinc
1347 1837 1583 1892 Gelasius
1620 1837 1672 1890 in
1711 1838 1927 1910 epistola
1965 1837 2184 1891 secunda

318 1929 378 1980 ad
405 1925 739 1980 Laurentium
768 1925 1075 2002 Episcopum
1102 1925 1395 2000 deLignido
1422 1926 1570 1980 unius
1597 1926 1824 1980 meminit
1849 1926 2183 1999 professionis

316 2016 459 2082 fidei,
500 2016 709 2088 perinde
737 2035 795 2069 ac
827 2017 870 2070 si
899 2017 977 2071 hic
1004 2035 1134 2070 1111113
1175 2035 1348 2070 66111111
1385 2016 1669 2069 litterarum
1695 2034 1876 2088 scopus
1905 2025 2042 2069 esset
2082 2013 2181 2086 (T.

317 2107 367 2157 5.
400 2102 593 2175 Cone.)
635 2106 760 2157 Mos
789 2114 866 2158 est
897 2106 1179 2158 Romanae
1221 2107 1479 2158 ecclesiae
1517 2107 1793 2159 sacerdoti
1826 2107 2035 2156 noviter
2063 2123 2182 2156 6οη-

315 2196 501 2246 stituto
538 2197 777 2262 formam
813 2196 948 2264 fidei
987 2213 1114 2246 suae
1156 2195 1232 2245 ad
1265 2199 1482 2246 sanctas
1534 2194 1790 2246 ecclesias
1824 2211 2182 2262 praferoyare.

316 2280 449 2335 Hinc
475 2282 640 2354 palam
661 2281 715 2333 fit
737 2280 1102 2335 communionis
1130 2280 1372 2353 ejusmodi
1397 2280 1499 2335 vim
1520 2281 1766 2334 unitatem
1793 2280 1907 2333 fidei
1934 2280 2043 2334 sive
2069 2298 2185 2352 pro-

316 2371 560 2436 bandam,
591 2370 700 2424 sive
728 2371 1049 2424 statuendam
1077 2379 1369 2442 spectasse,
1409 2369 1540 2422 1111116
1568 2369 1798 2440 sequitur
1823 2369 2005 2422 ibidem
2033 2366 2187 2422 Gela-

318 2459 422 2512 31113
451 2460 556 2530 ejus
584 2458 741 2511 moris
768 2457 1070 2511 instituendi
1098 2476 1301 2510 causam
1323 2467 1374 2510 et
1393 2457 1542 2510 finem
1563 2457 1848 2521 declaranS,
1876 2465 1935 2509 ut
1954 2458 2048 2509 sub
2077 2477 2184 2527 qua

312 2550 422 2619 fide
450 2549 729 2599 vivendum
765 2550 836 2599 sit
860 2548 1149 2600 secundum
1186 2553 1388 2599 statuta
1419 2547 1677 2607 Patrum,
1716 2543 1779 2616 (l.
1807 2545 1859 2598 in
1887 2545 1978 2599 hac
2005 2555 2185 2598 nostra

317 2634 562 2708 epistola)
590 2638 645 2687 in
669 2635 811 2689 Itane
831 2642 1075 2689 nostram
1103 2637 1388 2705 epistolam
1421 2635 1530 2707 (cui
1553 2653 1678 2688 mox
1710 2634 1956 2687 inseritur
1988 2634 2184 2706 profes-

317 2725 394 2778 sio
431 2722 574 2792 fidei)
620 2731 856 2794 propter
897 2725 1206 2777 brevitatem
1246 2728 1360 2777 sine
1401 2725 1634 2793 fastidio
1684 2724 1855 2775 lector
1908 2729 2182 2792 agmoscat.

317 2811 450 2865 Hinc
479 2811 633 2865 etiam
661 2813 850 2864 factum
878 2811 1106 2865 videmus
1124 2853 1137 2878 ,
1174 2823 1230 2864 ut
1258 2831 1471 2883 quorum
1498 2808 1868 2883 Episcoporum
1904 2810 1964 2862 ad
1991 2808 2185 2862 Roma-

318 2920 434 2954 nam
456 2900 626 2954 sedem
646 2899 849 2954 litterae
871 2901 1195 2972 exploratam
1216 2920 1319 2953 non
1340 2900 1647 2953 exhiberent
1666 2898 2036 2970 professionem
2053 2896 2184 2960 fidei,

318 2989 434 3042 illae
455 3008 770 3060 nequaquam
794 2986 1160 3060 reciperentur,
1183 3006 1277 3040 nec
1297 2987 1475 3040 iisdem
1499 2987 1795 3039 redderetur
1821 2982 2186 3038 communionis

318 3077 604 3151 responsi0,
633 3077 866 3148 quamdiu
891 3077 1116 3150 ipsarum
1142 3074 1420 3147 scriptores
1447 3074 1500 3126 in
1521 3073 1838 3146 professione
1867 3072 1979 3125 fidei
2007 3071 2184 3126 aliisve

318 3167 463 3221 fidem
489 3167 817 3239 tangentibus
845 3184 947 3219 non
975 3163 1363 3218 satisfecissent.
1411 3161 1490 3215 Ita
1518 3181 1629 3216 cum
1656 3180 1758 3214 non
1786 3160 1991 3214 omnino
2018 3161 2184 3232 place-

321 3265 401 3308 ret
426 3255 538 3308 fidei
576 3255 855 3327 professiO,
895 3274 1046 3326 quam
1070 3251 1218 3326 Epiri
1257 3251 1450 3305 veteris
1490 3248 1733 3322 Episcopi
1770 3249 1832 3301 ad
1858 3247 2183 3302 Hormisdam

320 3343 594 3409 dederant,
632 3343 772 3397 misit
806 3344 914 3416 ipse
949 3343 1216 3396 formulam
1242 3339 1355 3394 fidei
1382 3359 1493 3393 cum
1522 3337 1789 3392 Romanae
1817 3336 2063 3391 ecclesiae
2091 3336 2184 3390 fide

320 3431 523 3503 penitus
552 3432 871 3496 concordem,
900 3431 979 3485 cui
1005 3430 1079 3484 illi
1104 3449 1206 3484 una
1232 3447 1343 3482 cum
1368 3425 1570 3482 Joanne
1595 3426 1956 3500 Nicopolitano
1984 3422 2184 3477 Metro-

320 3519 476 3592 polita
513 3529 690 3592 aperte
723 3519 1128 3582 subscriberent,
1178 3527 1232 3571 ut
1287 3515 1762 3582 coimnunicatoriae
1810 3513 2011 3566 litterae
2060 3512 2183 3585 ipsis
