2320 3990
990 192 1566 251 —18 —

372 374 426 421 ut
450 384 542 440 per
566 362 1049 419 inconsiderantiam
1089 361 1338 432 aliquibus
1377 364 1579 432 evenit3
1619 362 1750 417 unde
1788 373 1968 436 postea
1993 364 2233 437 indignae

370 453 792 525 consequutiones
817 450 1086 523 primatum
1105 449 1350 504 ferientes
1368 451 1627 523 profectae
1646 460 1780 518 sunt,
1803 470 1931 522 quae
1957 451 2077 506 alibi
2095 453 2234 506 dete-

372 552 574 614 gentur.

442 666 444 668 ·
514 629 568 683 6.
621 627 805 700 Neque
841 627 937 682 hoc
976 628 1088 681 loco
1129 627 1430 681 obtrudatur
1469 624 1686 680 celebris
1732 627 1824 681 illa
1869 627 2126 681 distinctio
2163 646 2233 682 ex

372 715 429 771 S.
459 715 638 772 Leone
663 717 841 790 petita,
881 713 1077 788 (Epist.
1104 714 1194 770 80.
1224 733 1356 769 nunc
1386 713 1508 767 106.
1538 733 1581 767 c.
1609 714 1692 782 5.)
1722 713 1892 769 Aliud
1914 725 2038 770 sunt
2062 718 2234 781 secla,

372 808 528 859 aliud
555 807 964 875 praesidentes,
998 803 1083 856 ubi
1118 821 1341 875 persona
1378 801 1715 876 praesidentis
1753 799 1997 876 Episcopi
2037 804 2234 876 abipsa

373 894 491 947 sede
517 893 861 965 distinguitur.
917 889 1132 960 Quando
1161 892 1293 945 enim
1320 891 1380 945 de
1409 892 1517 944 solo
1545 890 1780 963 primatu,
1811 900 1862 944 et
1887 891 1948 945 de
1974 892 2237 946 essentiali

362 981 713 1053 jurisdictione
740 981 1007 1054 primatum
1035 980 1376 1034 constituente
1405 979 1594 1050 agitur,
1621 980 1694 1031 uti
1719 998 1850 1032 nunc
1879 979 2078 1051 agitur3
2107 979 2236 1034 sicut

372 1069 616 1142 primatus
644 1088 754 1123 cum
781 1068 1044 1122 essentiali
1069 1068 1226 1141 ipsius
1244 1069 1360 1140 jure
1389 1068 1513 1120 adeo
1540 1067 1826 1140 personalis
1854 1064 2000 1120 Petri
2025 1066 2144 1134 fuit,
2183 1077 2238 1119 ut

372 1176 466 1211 nec
492 1154 550 1210 S.
581 1155 748 1219 Pauli,
775 1176 868 1211 nec
898 1157 1024 1210 alius
1052 1160 1343 1230 cujusquam
1371 1155 1667 1209 societatem
1697 1154 1986 1222 admiserit3
2025 1156 2098 1208 ita
2122 1174 2238 1228 per-

374 1246 565 1299 sonalis
593 1265 790 1316 qnoque
817 1263 932 1299 esse
959 1246 1106 1298 debet
1131 1246 1183 1298 in
1211 1243 1591 1298 successoribus
1619 1242 1676 1297 S.
1702 1242 1868 1309 Petri,
1897 1244 2021 1297 adeo
2049 1254 2103 1296 ut
2129 1245 2239 1297 nul-

374 1335 475 1386 lum
511 1333 661 1385 alium
687 1333 740 1384 in
767 1335 874 1404 ejus
912 1343 1111 1404 partem
1152 1342 1236 1384 aut
1277 1332 1679 1385 communionem
1714 1332 1957 1404 recipiat,
1999 1341 2050 1385 et
2087 1351 2237 1384 unum

372 1420 601 1491 idemque
639 1419 742 1472 sint
781 1420 944 1490 quoad
982 1419 1232 1471 rationem
1270 1418 1514 1490 primatus
1543 1417 1782 1470 Romana
1817 1420 1963 1471 sedes
1989 1416 2043 1471 S.
2072 1418 2239 1485 Petri,

374 1518 424 1562 et
449 1509 800 1581 praesidentes
830 1507 1054 1560 Romani
1080 1505 1378 1572 PontificeS‚
1407 1505 1491 1577 qui
1516 1505 1569 1558 in
1600 1524 1660 1559 eo
1679 1507 1796 1578 jure
1823 1524 2077 1578 personae
2103 1507 2239 1580 ipso-

373 1616 482 1649 rum
511 1597 713 1650 adnexo
743 1598 803 1649 ab
833 1616 894 1650 ea
920 1597 1037 1650 sede
1064 1596 1242 1649 eodem
1270 1597 1387 1666 jure
1425 1593 1674 1665 insignita
1712 1594 1953 1665 distingui
1993 1614 2095 1647 non
2122 1614 2240 1668 pos-

376 1693 510 1736 sunt.
565 1683 870 1738 Uberiorem
895 1704 1019 1738 vero
1048 1685 1152 1754 ejus
1179 1681 1448 1735 Leoninae
1476 1681 1815 1734 distinctionis
1843 1682 2239 1755 explicationem

377 1789 447 1824 ex
486 1768 682 1824 Leonis
720 1782 889 1826 mente
930 1791 988 1825 ac
1023 1769 1419 1825 circumstantiis
1470 1771 1786 1842 proferemus
1828 1770 1927 1823 alia
1969 1771 2240 1825 occasione

378 1877 488 1930 cap.
522 1859 607 1912 14.
638 1877 688 1910 n.
721 1859 808 1912 24.

1010 2021 1417 2094 CAPUT
1478 2021 1608 2094 IV.

879 2150 1357 2195 PROPOSITIO
1408 2151 1728 2203 QUARTA.

382 2237 477 2284 Hic
528 2242 792 2300 primatus
835 2244 1162 2302 praecipuae
1200 2241 1587 2301 jurisdictionis
1630 2247 1679 2286 et
1715 2241 2008 2302 personalis
2061 2241 2246 2289 Sancti

384 2299 530 2346 Petra·
561 2316 623 2345 ac
666 2300 1027 2346 Romanorum
1069 2300 1386 2359 Pontificum
1417 2301 1545 2358 ,jure
1594 2302 1766 2346 divino
1810 2308 2114 2350 constitutus
2154 2311 2241 2358 est,

530 2376 631 2406 nou
664 2368 837 2406 autem
870 2361 1169 2424 Apostofz'ea
1202 2366 1545 2414 institutione,
1590 2368 1683 2406 aut
1714 2361 2095 2409 Ecclesiastiea.

528 2465 576 2516 1.
630 2463 820 2517 Graeci
855 2466 1163 2519 schismatici
1211 2465 1479 2537 primatum
1517 2464 1739 2531 ordinis,
1793 2484 1939 2536 quem
1991 2467 2242 2523 Romanis

382 2551 714 2605 Pontificibus
754 2571 857 2605 non
893 2554 1237 2625 denegarunt,
1282 2555 1400 2625 jure
1440 2554 1688 2620 humano,
1730 2573 1819 2608 seu
1856 2552 2242 2623 Ecclesiastico,

383 2658 485 2692 non
512 2650 678 2693 autem
705 2641 876 2695 divino
905 2643 1232 2695 constitutum
1270 2643 1495 2697 volucre.
1560 2641 1819 2698 Lutherus
1859 2662 2085 2714 qnoque,
2126 2645 2245 2699 licet

381 2727 434 2780 in
460 2727 686 2781 thesibus
711 2727 923 2802 Lipsiae
950 2730 1214 2803 disputatis
1243 2747 1352 2783 cum
1377 2728 1539 2784 Eckio
1567 2751 1701 2784 anno
1733 2733 1890 2787 1519.
1919 2734 2053 2788 thesi
2083 2734 2167 2788 13.
2195 2744 2245 2788 et

381 2815 434 2868 in
473 2815 827 2888 disputationis
867 2818 1080 2871 decursu
1113 2820 1341 2872 eumdem
1379 2819 1647 2892 primatum
1693 2822 1940 2875 studuerit
1979 2833 2243 2888 evertere3

379 2914 552 2957 tamen
578 2904 631 2957 in
658 2904 757 2958 fine
784 2905 1138 2978 disputationis
1174 2907 1305 2960 meri
1345 2908 1536 2961 ordinis
1575 2910 1845 2981 primatum
1884 2911 1971 2962 uni
1996 2909 2054 2963 S.
2083 2909 2244 2963 Petro

384 2991 597 3063 primum
644 2993 930 3061 concessit3
994 3004 1099 3046 tum
1136 3011 1261 3048 vero
1301 2994 1354 3047 in
1404 2996 1759 3048 Resolutioue
1805 3001 2244 3067 propositionum

385 3076 596 3152 Lipsiae
646 3081 1011 3154 dis-putatarum
1061 3081 1222 3154 ipsum
1260 3082 1453 3135 ordinis
1491 3082 1758 3154 primatum
1797 3082 2050 3138 Romanis
2090 3085 2244 3139 etiam

386 3164 716 3222 Pontificibus
743 3171 944 3224 tandem
982 3169 1218 3236 indulsit,
1258 3169 1330 3223 ita
1367 3180 1538 3224 tamen
1563 3181 1618 3224 ut
1645 3190 1716 3224 ex
1743 3172 1851 3225 solo
1893 3174 2109 3226 humano
2128 3175 2245 3244 jure

388 3255 647 3309 derivarit.
701 3257 832 3312 Hinc
859 3257 1156 3312 Blelancton
1182 3258 1235 3310 in
1262 3258 1476 3331 epistola
1504 3259 1563 3313 de
1591 3260 1766 3313 eadem
1792 3258 2054 3333 Lipsiensi
2079 3261 2245 3332 dispu-

389 3342 584 3397 tatione
611 3345 699 3411 ait,
727 3356 829 3399 tum
858 3352 1222 3419 quaestionem
1242 3349 1434 3416 fuisse,
1460 3355 1637 3400 utrum
1647 3354 1781 3421 jure
1808 3351 1990 3401 divino
2008 3350 2248 3418 probari

382 3440 573 3502 posset
597 3440 923 3489 oecumenici
951 3438 1235 3507 Pontificis
1262 3439 1590 3499 avoctorita53
1631 3447 1682 3490 et
1703 3437 1854 3509 paulo
1880 3445 2020 3508 post:
2049 3436 2244 3488 Dathe-
2282 3435 2284 3437 ’

389 3539 482 3574 rus
522 3527 851 3576 oecumenici
890 3525 1176 3595 Pontificis
1215 3527 1590 3578 auctoritatem
1629 3532 1915 3578 veneratur
1940 3543 2008 3576 ac
2032 3531 2242 3576 tuetur.-
