2314 3984
708 240 1359 302 *m*

132 416 607 486 αἰτοοειβωῃιπικθ
627 413 838 467 ›Pati-es
875 415 1123 474 sexcenti,
1159 415 1227 464 in.
1248 410 1464 465 comto
1480 407 1944 465 noromensi.

130 500 346 562 Hine-‘et
366 499 433 561 iu
466 505 620 552 sexta
652 498 974 552 oecumenica
1006 497 1205 570 synodo
1223 495 1405 551 act-¹8.
1420 490 1711 549 *Domitius
1728 488 1944 565 Epiron-

130 604 226 659 pns·
250 584 534 657 Agatbouis
569 582 741 656 Papae
788 585 1001 637 litteras»
1021 583 1199 638 eontra
1214 577 1678 636 ·Monotlmlitanm
1716 587 1945 658 errorem

131 673 315 736 editas,
353 679 618 741 tamquam
645 691 716 724 ex
747 670 961 740 Spiritu
986 668 1189 722 Sancto
1223 669 1453 721 dietata:
1474 680 1577 736 per
1603 683 1663 720 ω
1687 659 1861 720 sancti
1881 682 1948 721 ao

130 740 414 811 sanissime
442 759 710 826 principis
738 753 1120 826 Apostolorum
1148 749 1324 815 Petri,
1361 757 1413 806 et
1442 749 1611 822 atym
1646 759 1727 805 ter
1763 749 1947 807 beam-

129 848 247 897 εἱηοί
274 843 461 913 Papae
488 842 786 912 Ammonis
809 837 1349 909 scriptas-affirmavit.
1402 834 1595 904 Quibus
1627 837 1947 891 concinentes

132 930 348 1000 ejusdem
372 928 553 999 synodi
578 926 765 982 Patres
787 927 842 986 in
865 935 1096 980 sermone
1121 924 1504 998 prosphonetico
1531 923 1591 978 de
1615 922 1790 977 iisdem
1814 921 1946 979 litte-

130 1013 200 1067 ris
224 1014 490 1067 dixerunt:
524 1016 726 1068 Chium
750 1019 805 1066 et
825 1019 1173 1066 atramentum
1199 1012 1492 1072 videbatur,
1519 1018 1571 1063 et
1588 1029 1692 1079 per
1715 1008 1946 1079 Aqatlno·

129 1118 242 1152 nem
271 1100 468 1152 Petrus
490 1097 820 1169 loquebatur.

273 1183 358 1236 74.
397 1171 455 1236 Si
480 1193 644 1237 autem
669 1182 926 1238 S.Petrus
950 1183 1002 1236 in
1029 1184 1131 1237 suis
1158 1182 1534 1237 suecessoribus
1559 1182 1735 1236 vivens
1762 1198 1871 1235 eum
1898 1182 1947 1234 hi

131 1268 325 1338 aliquod
350 1269 526 1339 dogma
551 1269 804 1335 definiunt,
831 1288 920 1342 per
945 1287 1003 1322 os
1029 1270 1246 1341 ipsorum
1268 1267 1458 1323 Sancto
1484 1265 1675 1340 Spiritu
1701 1266 1947 1338 dirigente

129 1354 360 1423 loquitur,
387 1370 676 1427 semperque
687 1355 742 1424 *)
772 1356 1014 1428 loquetur,
1042 1366 1092 1409 et
1109 1364 1371 1426 praestat,
1398 1352 1766 1426 praestabitque
1792 1370 1946 1423 quae-

130 1441 361 1492 rentibus
375 1443 508 1509 fidei·
524 1439 814 1502 veritatem,
826 1441 1054 1510 quidquid
1073 1441 1146 1494 illi
1168 1441 1302 1494 circa
1321 1441 1461 1494 fidem
1481 1439 1756 1494 definiendo
1776 1438 1946 1492 decer-

132 1534 282 1589 nunt,
320 1525 521 1596 perinde
546 1526 878 1598 accipiendum
905 1537 1011 1591 est,
1051 1545 1110 1580 ae
1144 1526 1188 1580 si
1215 1543 1245 1580 a
1270 1523 1327 1580 S.
1357 1525 1513 1580 Petro
1541 1524 1732 1598 Spiritu
1756 1523 1945 1578 Sancto

132 1611 333 1664 afflante
368 1611 618 1664 decretum
643 1613 819 1666 fuerit:
860 1622 910 1666 et
945 1613 1128 1667 idcireo
1158 1614 1273 1684 jure
1299 1610 1355 1665 S.
1384 1610 1570 1666 Petrus
1598 1609 1945 1682 Chrysologus

130 1694 345 1766 Eutychi
370 1696 554 1760 suasit,
593 1707 646 1750 ut
683 1699 881 1751 decreto
919 1698 1226 1769 dogmatico,
1263 1698 1388 1767 quod
1425 1716 1455 1750 a
1479 1695 1536 1749 S.
1564 1695 1740 1750 Leone
1767 1694 1944 1749 Ponti-

130 1781 218 1835 fice
243 1780 423 1834 editum
448 1783 679 1852 putabat,
715 1781 1045 1836 obedientiam
1079 1781 1371 1846 exhiberet,
1406 1782 1739 1835 obedientiam
1777 1781 1944 1851 utique

130 1885 229 1919 non
254 1866 357 1918 oris
382 1875 571 1919 tantum
587 1906 600 1931 ‚
638 1867 724 1921 sed
762 1867 1068 1939 potissimum
1102 1867 1283 1921 mentis
1309 1876 1359 1920 et
1385 1867 1575 1932 cordis,
1613 1866 1774 1938 qualis
1801 1882 1946 1940 prae-

130 1952 304 2005 standa
339 1961 416 2005 est
451 1957 664 2005 veritati
692 1950 850 2022 fidei,
894 1972 1040 2024 quam
1077 1953 1183 2027 ipse
1217 1951 1274 2007 S.
1313 1951 1501 2007 Petrus
1537 1953 1766 2007 doceret:
1817 1955 1944 2024 quod

131 2038 239 2091 fidei
266 2055 524 2091 assensum
550 2048 601 2092 et
625 2037 866 2092 unitatem
892 2040 1126 2109 requirit:
1151 2039 1281 2094 unde
1305 2039 1358 2093 in
1384 2050 1536 2093 sexta
1561 2040 1755 2112 synodo
1776 2040 1944 2093 lauda·

130 2133 209 2175 tus
234 2121 481 2175 Domitius
505 2121 798 2195 Episcopus,
825 2134 1082 2195 postquam
1107 2125 1412 2195 dogmaticas
1438 2125 1633 2179 litteras
1658 2126 1943 2196 Agathonis

132 2209 422 2262 memoravit
446 2216 710 2279 tamquam
735 2211 963 2262 dictatas
985 2228 1088 2279 per
1114 2230 1172 2263 os
1206 2210 1262 2263 S.
1295 2210 1475 2272 Petri,
1514 2210 1720 2280 subjecit
1745 2210 1943 2263 statim:

251 2391 290 2441 ’)
319 2394 506 2434 Indieata
536 2394 642 2433 ratio
683 2394 902 2434 obediendi
945 2394 1191 2445 dogmaticis
1222 2396 1495 2436 Romanorum
1526 2395 1769 2436 Pontificum
1801 2395 1945 2437 deflui-

135 2454 336 2502 tionibus,
378 2453 474 2504 quia
513 2453 553 2492 in
594 2453 695 2504 ipsis
726 2454 770 2492 S.
804 2453 953 2493 Petrus
984 2455 1183 2504 loquitur,
1223 2466 1462 2507 semperque
1495 2455 1686 2505 loquetur
1717 2458 1945 2506 praestans

135 2507 434 2565 quaerentibus
454 2509 563 2560 fidei
596 2512 836 2560 veritatem,
869 2513 1048 2562 ipsarum
1082 2511 1364 2553 definitionum
1397 2512 1733 2553 infallibilitatem
1765 2513 1944 2552 adstruit

132 2574 255 2622 atque
286 2571 531 2622 praesumit,
574 2580 691 2622 quam
731 2571 893 2621 quidem
924 2571 1005 2611 illis
1045 2573 1099 2610 in·
1118 2571 1362 2612 definiendis
1394 2571 1488 2612 fidei
1530 2573 1826 2612 controversiis
1850 2573 1944 2622 Jure

132 2630 357 2680 primatus,
402 2641 452 2668 ex
492 2633 580 2668 toto
618 2634 759 2668 nostro
801 2634 1050 2681 systemate,
1092 2639 1169 2671 nee
1213 2643 1295 2671 non
1336 2643 1384 2671 ex
1417 2631 1573 2671 Christi
1613 2631 1850 2683 promissis,
1894 2644 1944 2671 ac

134 2687 361 2726 traditione
401 2689 568 2726 Patrum
610 2687 892 2733 asserendam,
937 2700 1131 2740 expresse
1175 2691 1385 2741 probaturi
1434 2693 1475 2728 et
1512 2691 1765 2729 vindicaturi
1806 2702 1944 2730 sumus

136 2757 225 2795 cap.
258 2745 326 2783 15.
391 2745 435 2784 In
467 2743 711 2785 definiendis
749 2745 845 2784 fidei
878 2749 1195 2795 controversiis,
1238 2749 1424 2798 inquam,
1464 2758 1546 2788 non
1576 2760 1676 2788 vero
1709 2750 1749 2788 in
1783 2749 1943 2799 opinio·

135 2804 269 2850 nibus,
300 2803 459 2842 etiamsi
491 2803 532 2842 in
562 2804 736 2842 materia
768 2804 864 2843 fidei
897 2810 1122 2853 versentur,
1155 2818 1236 2845 non
1267 2808 1307 2846 in
1339 2807 1579 2854 sententiis,
1607 2811 1680 2846 aut
1712 2807 1947 2858 praeceptis

136 2861 462 2913 particularibus,
492 2862 663 2911 aliisque
687 2861 898 2908 similibus,
928 2863 969 2900 in
1002 2864 1144 2912 quibus
1176 2876 1200 2901 a
1230 2865 1396 2915 proprie
1428 2863 1541 2903 dicta
1571 2863 1813 2905 definitione
1845 2865 1943 2906 fidei

138 2919 453 2970 distinguendis,
487 2930 537 2958 ex
569 2921 804 2959 memoratis
834 2919 1048 2972 principiis
1080 2923 1219 2961 summi
1252 2919 1474 2962 Pontifices
1506 2933 1587 2962 non
1617 2923 1679 2962 ita
1708 2923 1943 2964 infallibiles

134 2982 248 3025 sunt,
282 2982 326 3017 ut
357 2979 398 3017 in
430 2976 734 3018 definitionibus
766 2979 885 3025 fidei,
929 2981 1037 3030 quod
1068 2982 1108 3019 in
1141 2986 1362 3021 memorato
1395 2983 1531 3032 capite
1560 2983 1688 3022 fusius
1719 2984 1943 3035 explicabi-

134 3043 223 3077 tur:
265 3049 314 3077 ac
356 3037 528 3088 proinde
572 3038 840 3088 intelligitur,
882 3050 952 3076 cur
994 3039 1229 3079 obedientia
1268 3041 1463 3079 Romanis
1493 3040 1763 3081 Pontificibus
1802 3042 1943 3082 debita

137 3093 305 3146 simplex
337 3098 378 3135 et
405 3096 617 3144 absoluta,
660 3095 848 3146 nullaque
890 3095 1126 3138 conditione
1167 3102 1358 3140 restricta
1399 3109 1491 3138 esse
1529 3099 1679 3140 debeat
1715 3102 1943 3154 generatim

138 3153 273 3204 quoad
321 3153 582 3194 definitiones
619 3155 896 3205 dogmaticas,
943 3157 1088 3207 quibus
1140 3158 1411 3197 infallibilitas
1452 3160 1669 3207 convenit;
1715 3172 1799 3200 non
1842 3172 1941 3200 vero

137 3211 275 3262 quoad
305 3212 538 3262 opiniones,
565 3214 747 3264 judicia,
790 3217 861 3252 aut
891 3220 1111 3268 praecepta
1142 3218 1407 3268 particularia
1440 3221 1480 3256 et
1510 3218 1680 3264 similia,
1722 3219 1763 3258 in
1797 3219 1941 3271 quibus

137 3270 193 3309 illi
230 3269 370 3309 eadem
398 3273 684 3322 praerogativa
715 3274 941 3323 generatim
973 3287 1052 3314 non
1084 3276 1279 3326 gaudent.
1339 3277 1528 3316 Canones
1560 3277 1735 3327 quidam,
1767 3282 1839 3318 aut
1870 3279 1941 3318 alii

138 3332 302 3375 textus,
341 3330 410 3379 qui
450 3329 722 3371 obedientiam
760 3331 862 3383 ipsis
893 3334 1033 3373 deberi
1075 3336 1341 3385 pronuntiant
1383 3347 1433 3374 ea
1465 3337 1725 3382 conditione.
1767 3341 1840 3378 aut
1870 3347 1944 3378 ex-

140 3387 329 3438 ceptione
358 3387 535 3438 adjecta.
565 3389 645 3428 nisi
674 3391 865 3431 mandent
894 3393 1050 3444 aliquid
1081 3395 1328 3433 contrarium
1360 3393 1439 3446 legi
1470 3394 1563 3440 Dei,
1597 3399 1666 3435 aut
1696 3395 1941 3448 Evangelio,

142 3445 205 3483 vel
246 3444 362 3493 sulen
409 3446 459 3485 de
499 3443 813 3497 particularibus
855 3452 1087 3504 praeceptis
1126 3454 1370 3503 loquuntur,
1420 3464 1499 3492 non
1541 3452 1591 3493 de
1634 3452 1941 3495 definitionibus

139 3501 258 3547 fidel,
292 3508 337 3543 ut
369 3516 418 3545 ex
452 3509 543 3544 toto
574 3504 752 3557 ipsorum
782 3513 975 3551 contextu
1009 3511 1141 3550 cuivis
1170 3509 1424 3552 manifestum
1456 3510 1540 3552 fiet.
