2314 3984
696 253 1343 322 ..v-201—

62 457 70 468 ι
114 422 973 496 ΜΜ-Μωὼὼηιὶοιιίε
995 419 1134 474 Cleri
1159 418 1409 474 Gallicani.
1420 417 1716 490 repetitam,
1731 415 1935 486 posint,

117 513 342 566 tuendae
364 529 436 563 >aa
452 512 775 578 formandae
802 510 1017 561 unitatis
1037 509 1354 574 primatum,
1384 505 1444 555 S.
1475 502 1637 555 Petri>
1651 521 1689 554 a
1721 501 1933 557 &lanato

117 599 430 655 institutum,
463 596 738 662 sedemque
765 591 1320 661 Apostolicomfivq’as
1353 591 1850 641 anitatiseen'trum
1868 607 1934 640 ac

118 683 352 735 radicem
379 700 522 742 esse3
561 700 626 732 ae
648 686 945 748 propterea
958 677 1122 746 {nota
1140 675 1279 727 v'hanc
1310 672 1745 745 consequentiam)
1781 674 1936 727 Petri

119 768 506 820 suecessoribus
524 767 708 820 deberi
724 765 1075 818 obedientiam
1091 780 1224 821 eam,
1238 779 1401 830 qaam¹
1413 761 1656 813 concilia
1674 766 1727 811 et
1739 760 1934 812 Patres

119 871 323 921 semper
349 858 692 922 aynoverant.
745 848 886 903 Sicut
911 856 1072 901 antem
1109 844 1276 897 unitas
1315 863 1345 896 a
1381 843 1585 897 summis
1609 843 1935 898 Pontificibus

120 938 300 991 tuenda
313 931 1013 1009 jure-primatusripsisssallis
1033 930 1381 984 confitentibus
1405 939 1484 983 est
1503 930 1812 1001 potissimum
1830 931 1934 983 uni-

120 1033 199 1076 tas
224 1023 363 1089 fidei3
403 1025 465 1077 ob
492 1042 637 1094 quam
661 1020 852 1090 quidem
869 1018 929 1071 ”in
953 1027 1060 1070 tota
1083 1015 1314 1070 Ecclesia
1341 1016 1690 1069 continendam·
1702 1025 1935 1086 propter

117 1107 936 1182 potentiorempr'weipalitatem
959 1121 1131 1156 omnes
1156 1102 1373 1171 undique
1392 1101 1558 1154 fideles
1583 1119 1692 1153 cum
1714 1102 1808 1154 fide
1827 1102 1935 1155 Ro-

120 1211 296 1246 manae
321 1194 452 1246 sedis
477 1202 626 1262 atque
651 1209 951 1244 summorum
976 1188 1271 1242 Pontificum
1297 1191 1578 1240 convenire
1604 1206 1816 1240 necesse
1843 1196 1936 1248 est,

119 1297 261 1347 quem
296 1279 549 1332 admodum
578 1278 801 1330 laudatus
839 1274 896 1328 S.
924 1275 1161 1329 Irenaeus
1197 1275 1424 1339 tradidite,
1464 1273 1533 1326 ita
1559 1273 1838 1326 obedientia
1873 1275 1934 1326 ob

119 1365 413 1434 potentioris
433 1364 672 1435 primatus
691 1363 1089 1433 praerogativam
1109 1362 1204 1413 illis
1222 1361 1402 1423 debita,
1433 1360 1653 1412 eamdem
1672 1361 1935 1431 praecipue

122 1450 231 1503 fidei
254 1451 492 1502 imitatem
521 1449 845 1520 prospicienS,
873 1448 1222 1500 necessitatem
1249 1445 1451 1498 includit
1478 1455 1527 1498 et
1551 1445 1704 1498 infert
1729 1447 1934 1516 parendi

123 1545 171 1587 et
199 1535 493 1588 adhaerendi
517 1535 730 1588 decretis
755 1534 893 1598 fidei,
931 1553 1056 1603 quae
1082 1535 1143 1586 ob
1171 1542 1339 1585 rectae
1365 1531 1476 1583 fidei
1501 1531 1742 1584 unitatem
1771 1544 1936 1585 custo-

122 1621 347 1674 diendam
382 1639 412 1673 a
438 1620 680 1674 Romanis
715 1619 1040 1672 Antistitihus
1079 1620 1304 1672 eduntur.
1368 1616 1536 1670 Inanis
1576 1627 1625 1670 et
1656 1618 1824 1689 inepta
1861 1619 1936 1671 hic

122 1715 199 1758 est
222 1706 306 1758 illa
332 1707 678 1758 nonnullorum
706 1705 958 1757 restrictio
985 1723 1075 1757 seu
1101 1705 1346 1767 limitatio,
1375 1723 1471 1772 qua
1492 1703 1822 1756 obedientiam
1841 1704 1937 1757 illis

121 1790 331 1843 debitam
357 1802 407 1844 et
424 1791 748 1862 jurejurando
775 1790 923 1842 etiam
949 1790 1194 1841 firmatam
1221 1790 1494 1853 affirmant,
1533 1792 1628 1840 secl
1653 1793 1937 1842 seeundum

121 1896 348 1929 canones
387 1885 438 1929 et
456 1883 589 1949 jure
623 1884 830 1929 servato
880 1874 1144 1946 (Bossuet.
1185 1872 1432 1928 Corollar.
1471 1873 1679 1927 Defens.
1725 1894 1767 1928 c.
1799 1875 1934 1943 10.).

121 1960 259 2014 Nulli
285 1963 415 2015 enim
442 1981 659 2016 canones
676 2002 689 2027 ‚
717 1963 902 2014 nullum
920 1964 1003 2032 jus
1030 1962 1317 2031 restringit,
1355 1971 1438 2013 aut
1465 1961 1615 2014 certis
1642 1962 1937 2014 conditioni-

121 2049 212 2100 bus
239 2067 470 2102 coercere
507 2058 672 2120 potest
698 2048 1027 2101 obedientiam
1057 2050 1171 2117 jure
1207 2046 1372 2100 divino
1401 2048 1614 2099 debitam
1641 2048 1938 2101 definitioni-

122 2134 213 2185 bus
238 2134 348 2187 fidei
373 2136 434 2187 ab
459 2134 753 2204 Apostolica
779 2134 893 2186 sede
920 2133 1064 2184 editis
1080 2171 1093 2195 ‚
1121 2133 1172 2183 in
1199 2133 1374 2201 quibus
1401 2131 1456 2183 S.
1485 2131 1671 2184 Petrus
1700 2136 1936 2201 loquitar

125 2227 174 2271 et
191 2227 438 2286 praestat
462 2221 832 2288 quaerentibus
853 2221 985 2288 fidei
1009 2222 1295 2270 veritatem.
1331 2216 1484 2268 Immo
1507 2235 1679 2269 omnes
1701 2237 1936 2284 canones,

126 2304 334 2357 concilia
359 2305 524 2357 omnia
548 2305 857 2357 definitiones
897 2305 1000 2373 ejus
1036 2303 1167 2355 sedis
1194 2305 1496 2356 obedienter
1524 2302 1607 2372 (ut
1633 2301 1937 2375 Chrysologi

125 2408 247 2444 voce
274 2389 414 2457 utar)
441 2400 687 2460 tamquam
714 2389 856 2443 Petri
894 2408 981 2441 ore
1019 2390 1241 2460 prolatas
1270 2398 1598 2460 susceperunt
1625 2407 1845 2460 semper,
1883 2402 1938 2442 ut

124 2477 202 2529 vel
227 2495 296 2528 ex
307 2475 560 2547 Ephesino
581 2485 631 2528 et
643 2474 1038 2529 Calchedonensi
1059 2474 1282 2527 conciliis
1311 2485 1426 2527 ante
1452 2475 1738 2527 memoratis
1764 2476 1935 2544 liquet.

124 2561 180 2614 In
206 2562 366 2615 causis
394 2572 443 2615 et
469 2562 832 2615 definitionibus
869 2560 980 2612 fidei
1006 2579 1178 2612 omnes
1212 2561 1365 2612 totius
1392 2561 1527 2612 orbis
1556 2559 1831 2613 Christiani
1857 2563 1936 2627 iis,

126 2666 250 2716 quae
276 2667 303 2699 e
330 2647 559 2699 Romana
585 2649 816 2699 cathedra
842 2647 1111 2716 prodeunt,
1139 2646 1269 2698 nulla
1295 2646 1617 2716 exceptione,
1645 2647 1938 2700 limitatione

127 2732 258 2783 nulla
292 2732 602 2801 obligantur3
637 2731 752 2799 quia
788 2749 958 2783 omnes
996 2731 1206 2799 undique
1242 2731 1409 2783 fideles
1448 2750 1554 2783 cum
1583 2731 1813 2784 Romana
1848 2735 1939 2786 fide.

128 2817 299 2869 iisdem
336 2816 699 2867 definitionibus
735 2817 990 2886 proposita
1026 2819 1306 2866 convenire
1343 2835 1554 2867 neeesse
1590 2825 1668 2868 est
1716 2817 1937 2886 (convc-

129 2902 294 2954 niendi
320 2902 592 2955 necessitas
619 2901 744 2953 idem
770 2911 846 2953 est
874 2919 930 2953 ac
956 2899 1230 2952 necessitas
1258 2899 1561 2970 obediendi),
1589 2911 1642 2953 ut
1668 2921 1735 2954 ex
1762 2900 1818 2956 S.
1835 2902 1938 2956 Irc-

129 3003 253 3037 naeo
281 2985 568 3039 audivimus.

272 3072 355 3126 76.
395 3071 532 3126 Haec
558 3073 838 3126 obedientia
864 3084 916 3126 ut
940 3092 1061 3127 vera
1089 3083 1138 3125 et
1165 3073 1361 3125 sincera
1388 3074 1469 3138 sit,
1497 3084 1548 3126 et
1573 3093 1671 3127 non
1693 3076 1938 3141 simulata,

132 3174 229 3207 non
256 3157 411 3209 solum
436 3169 651 3212 externa
677 3177 790 3212 esse
816 3161 988 3224 debet,
1025 3178 1197 3214 verum
1236 3159 1384 3212 etiam
1411 3159 1636 3226 interna,
1676 3181 1802 3230 quae
1829 3181 1938 3216 cor-

130 3241 203 3293 dis
232 3259 488 3297 assensum
511 3245 787 3315 mentisque
813 3246 1098 3315 obsequium
1127 3244 1383 3314 efflagitat.
1421 3243 1472 3295 Id
1499 3246 1692 3314 quidem
1704 3247 1937 3322 Episcopi

131 3324 260 3378 Galli
288 3329 499 3397 professi
525 3340 639 3382 sunt
664 3332 973 3401 apertissime
1007 3331 1057 3382 in
1086 3330 1263 3383 litteris
1305 3331 1363 3382 ad
1389 3329 1725 3386 Innocentium
1751 3333 1823 3387 X.
1852 3337 1936 3389 da-

131 3411 192 3463 tis
232 3430 363 3466 anno
406 3414 561 3467 1653.
599 3416 675 3468 die
714 3417 795 3470 19.
831 3417 975 3481 Ju¹ii‚
1014 3417 1093 3468 ubi
1133 3417 1442 3468 affirmarunt
1484 3417 1761 3487 dogmatica
1807 3423 1936 3474 sedis

131 3497 452 3566 Apostolicae
472 3501 654 3570 judicia
681 3504 1047 3572 diviaaaeqae
1087 3523 1151 3555 ae
1179 3523 1371 3556 samma
1392 3522 1494 3571 per
1519 3509 1813 3559 universa-m
1844 3509 1938 3559 Ee-
