2314 3984
987 196 1650 268 -,134-...

384 369 546 430 inteu
547 385 726 422 omnes
759 364 1049 437 praecipua
1042 374 1136 418 net·
1145 364 1666 446 foefioeswtisque
1688 367 1846 420 etiam
1871 365 2047 419 usibus
2063 374 2247 438 aptata

386 457 455 513 ab
475 451 784 510 adversariis
807 452 921 524 plu1
923 450 1075 505 ihus
1058 455 1132 504 ιιι-
1138 450 1268 507 louis
1292 455 1724 531 υιᾙοῑψςμάζιιὲὶιιε
1752 452 1962 508 dicenda
1985 453 2156 506 fuere.
2184 470 2245 505 ac

386 563 456 598 ex
483 542 560 596 his
585 540 708 594 illud
733 540 986 594 detectum
1013 557 1072 593 a1
1072 539 1266 606 burm
1294 540 1881 614 eamdennnbjbntionem
1908 538 2090 612 duplici
2114 539 2245 593 falsa

386 628 665 703 hypothesi.
686 627 923 682 innixam
961 645 1096 682 esse.
1151 626 1225 680 Ut
1262 627 1396 681 enim
1438 628 1789 699 argumenffii
1824 647 1895 684 ex
1920 629 2034 702 ipsa
2060 636 2244 681 contra

383 737 478 772 nos
502 718 749 773 intortum
786 715 892 772 vim
915 715 1130 782 habeat,
1152 716 1264 768 duo
1303 717 1364 768 ab
1393 715 1705 772 adversariis
1721 725 2127 789 praesumantur
2152 732 2247 768 ne-

384 825 528 861 cesse
555 815 663 860 est:
691 804 853 877 primo
869 802 1215 875 Augustinum
1241 803 1517 858 credidisse
1544 804 1800 858 decretum
1810 801 2058 876 Stephani
2082 803 2243 856 fuisse

386 894 587 967 proprie
613 892 797 947 dictam
824 891 1168 946 definitionem
1193 891 1325 958 fidei,
1355 892 1469 945 dein
1497 891 1826 946 existimasse
1853 909 1968 944 eam
1993 888 2243 942 definitio·
2295 959 2300 964 ἱ

384 1002 499 1037 nem
524 983 578 1036 in
606 1000 761 1037 causa
786 989 863 1033 tot
889 979 1263 1034 difficultatibus
1290 980 1518 1035 involuta
1543 998 1647 1032 non
1672 977 1900 1050 potuisse
1924 976 2154 1049 obligare
2180 976 2243 1029 ad

386 1089 678 1136 assensum,
730 1068 832 1122 nisi
882 1067 1084 1121 concilii
1134 1068 1349 1140 plenarii
1401 1066 1715 1122 confirmatio
1754 1065 2035 1119 accederet.
2114 1061 2244 1119 Cum

382 1179 534 1231 porro
574 1177 646 1212 ex
680 1156 826 1211 dictis
866 1157 1109 1210 hactenus
1134 1154 1384 1228 Stephani
1424 1156 1679 1210 decretlun
1716 1171 1819 1206 non
1852 1153 2004 1206 fuerit
2037 1151 2242 1224 proprie

382 1247 515 1300 dicta
552 1245 807 1311 definiti03
854 1254 1069 1315 utraque
1106 1242 1401 1316 hypothesis
1441 1243 1592 1296 eadit.
1620 1260 1630 1263 ’
1669 1240 2008 1295 Difficultates
2044 1249 2240 1304 autem,

381 1333 561 1403 quibus
600 1332 776 1386 eadem
811 1331 1044 1400 quaestio
1072 1329 1325 1401 Cypriani
1351 1340 1520 1384 aetate
1545 1340 1662 1384 erat
1686 1330 1915 1383 mvoluta
1929 1367 1943 1393 ,
1970 1337 2243 1399 potuerunt

382 1419 579 1491 quidem
606 1419 826 1483 efficere,
855 1426 906 1475 et
926 1415 1260 1488 probabiliter
1281 1415 1432 1469 etiam
1452 1417 1658 1469 fuerunt
1675 1415 1730 1467 in
1750 1431 1924 1480 eausa,
1952 1432 2040 1467 cur
2054 1413 2112 1467 S.
2126 1412 2245 1468 Ste-

382 1509 576 1581 phanus
603 1525 707 1560 non
733 1504 1013 1570 definierit3
1056 1504 1145 1557 sed
1171 1521 1264 1557 nec
1290 1504 1523 1570 fuerunt,
1562 1512 1656 1557 nec
1682 1512 1897 1575 possunt
1923 1501 2060 1556 credi
2085 1502 2245 1556 ratio-

383 1615 501 1661 nes,
529 1596 591 1649 ob
619 1613 746 1666 quas
774 1592 997 1648 definitio
1024 1591 1230 1665 proprie
1256 1591 1407 1658 dicta,
1435 1592 1481 1645 si
1508 1609 1538 1645 a
1564 1589 1846 1663 Stephano,
1871 1591 1956 1645 vel
1982 1591 2043 1643 ab
2074 1590 2241 1661 aliquo

382 1686 487 1756 ejus
515 1701 814 1738 successore
841 1701 902 1736 ea
926 1681 979 1734 in
1006 1700 1062 1734 re
1091 1680 1225 1734 edita
1247 1680 1445 1744 fuisset,
1474 1679 1576 1734 vim
1602 1677 1859 1749 obligandi
1884 1678 2243 1750 peremtoriam

383 1791 483 1825 non
510 1773 722 1824 haberet
748 1789 818 1824 ex
837 1768 1116 1841 Augustini
1141 1778 1328 1834 mente,
1358 1777 1628 1837 antequam
1653 1765 1868 1838 plenarii
1894 1765 2092 1819 concilii
2110 1765 2244 1836 judi-

383 1860 459 1914 cio
486 1860 820 1932 probareturr,
851 1876 961 1911 cum
987 1856 1116 1910 idem
1130 1853 1401 1909 S.Doctor
1429 1873 1630 1908 causam
1659 1851 1993 1925 Pelagianam
2020 1871 2124 1906 non
2149 1852 2243 1905 mi-

382 1947 590 2001 noribus
623 1946 900 2003 involutam
914 1944 970 2018 *)
1011 1943 1385 1997 difficultatibus
1426 1943 1536 1995 sola
1570 1939 1854 1994 Innocentii
1874 1940 1914 1992 Ι.
1955 1941 2242 1994 definitione

383 2036 593 2102 finitam,
622 2055 715 2090 nec
737 2035 800 2088 ad
820 2052 932 2087 eam
953 2032 1220 2085 finiendam
1248 2049 1374 2102 opus
1401 2029 1558 2082 fuisse
1584 2029 1814 2100 generali
1842 2028 2053 2082 concilio
2081 2028 2243 2081 diser-

382 2123 576 2177 tissime
601 2121 1027 2195 pronuntiaverit.
1066 2117 1194 2173 Cum
1220 2117 1392 2187 itaque
1419 2117 1542 2170 haec
1568 2116 1831 2188 potissima
1858 2134 1928 2169 ex
1949 2114 2242 2185 Augustino

381 2210 596 2282 objectio
618 2209 761 2263 falsis
781 2207 1146 2282 hypothesibus
1166 2206 1309 2271 fulta,
1332 2204 1643 2259 adversariis
1661 2203 1786 2256 nihil
1806 2202 2048 2275 prodesse
2066 2211 2243 2273 queat3

381 2299 638 2396 integrum
657 2296 960 2368 relinquitur
989 2303 1360 2367 argumentum,
1388 2312 1485 2364 quo
1514 2311 1586 2346 ex
1613 2291 1726 2344 aliis
1754 2289 1811 2344 S.
1828 2290 2041 2345 Doctm
2026 2309 2071 2344 1s
2097 2290 2245 2343 testi-

381 2385 564 2440 moniis
590 2386 749 2458 ipsius
787 2384 1095 2440 sententiam
1134 2383 1194 2436 de
1233 2381 1285 2437 vi
1324 2390 1540 2453 cogente
1577 2380 1638 2433 ad
1672 2379 1784 2434 fidei
1819 2379 2065 2432 unitatem
2102 2378 2244 2493 Apo-

381 2473 575 2527 stolicis
621 2474 993 2527 definitionibus
1022 2473 1083 2524 ah
1112 2490 1172 2524 eo
1203 2480 1250 2522 ιι
1251 2469 1393 2522 1buta
1420 2468 1807 2539 explicavimus,

530 2560 617 2613 55.
659 2560 731 2614 Ut
758 2570 926 2613 autem
954 2561 1013 2612 de
1040 2556 1374 2611 relationibus
1403 2556 1465 2608 ad
1491 2554 1780 2607 Romanam
1809 2554 2009 2618 sedem,
2049 2552 2108 2604 de
2136 2552 2244 2622 qui-

382 2650 473 2700 bus
510 2649 604 2701 hoc
642 2647 694 2700 in
728 2648 1051 2720 paragrapho
1087 2644 1246 2697 fusius
1283 2643 1395 2714 egi,
1444 2641 1617 2715 paucis
1657 2641 1979 2705 concludam,
2020 2639 2139 2692 illud
2173 2658 2244 2692 ex

382 2735 649 2808 disputatis
677 2735 922 2789 hactenus
949 2736 1116 2808 palam
1142 2734 1329 2786 factum
1357 2749 1472 2784 esse
1500 2729 1740 2794 arbitror,
1768 2727 2134 2781 Africanorum
2162 2745 2245 2780 re-

382 2822 654 2876 lationibus
682 2822 818 2875 circa
844 2821 1045 2894 Pelagii
1071 2819 1323 2874 haeresim
1350 2827 1631 2891 spectatam
1656 2817 1815 2870 fuisse
1841 2815 1954 2869 fidei
1979 2815 2244 2879 unitatem,

382 2911 706 2981 eumdemque
743 2928 946 2982 scopum
985 2919 1191 2981 praeter
1216 2906 1568 2961 Innocentium
1593 2905 1633 2957 I.
1675 2904 1760 2976 qui
1783 2904 1984 2958 illorum
2010 2903 2246 2975 probavit

382 2998 620 3063 consilia,
661 2996 995 3070 prospexisse
1031 2996 1186 3048 etiam
1227 3005 1427 3049 ceteros
1466 3011 1673 3057 omneS,
1702 3000 1947 3060 quotquot
1983 2989 2036 3041 in
2077 2989 2245 3042 causis

382 3085 496 3140 fidei
530 3085 699 3139 sedem
735 3083 1085 3157 Apostolicam
1120 3081 1500 3136 consuluerunt.
1565 3076 1759 3131 Eodem
1791 3076 1985 3148 pariter
2023 3076 2246 3130 collimat

382 3174 467 3226 illa
494 3172 551 3227 S.
582 3172 888 3244 Hieronymi
916 3171 1074 3237 ratio,
1114 3188 1214 3242 qua
1251 3169 1306 3222 in
1332 3166 1632 3238 quaestione
1659 3166 1719 3218 de
1746 3163 2108 3237 hypostasibus
2135 3162 2245 3216 Ro-

387 3281 587 3315 manam
626 3261 771 3315 fidem
798 3279 854 3313 se
882 3259 1147 3313 consulere
1183 3256 1389 3329 scripsit
1415 3255 1479 3307 ad
1503 3252 1810 3319 Damasum,
1851 3252 1968 3323 quia
1993 3271 2158 3321 super
2185 3253 2244 3303 il-

385 3351 492 3402 lam
510 3358 727 3418 petram
762 3351 1106 3419 aedificatam
1133 3347 1435 3400 Ecclesiam
1471 3347 1603 3396 scio.
1657 3342 1714 3396 In
1752 3361 1900 3413 quam
1938 3335 2242 3393 sententiam

503 3483 542 3534 *j
576 3485 686 3524 Hinc
718 3485 761 3524 in
795 3483 1063 3524 confutandis
1095 3481 1337 3534 Pelagianis
1377 3479 1564 3531 pluribus
1610 3477 1806 3530 operibus
1846 3472 2117 3515 laborandum
2163 3472 2243 3510 fuit

385 3545 644 3597 Augustino,
679 3556 798 3595 quam
831 3544 872 3582 in
907 3544 1168 3584 Donatistas.
