2314 3984
929 186 1595 287 *²⁶¹⁰*-

336 355 541 413 ditione
554 347 884 408 >nullatenus
898 351 1147 416 decim-m
1173 358 1633 428 paics-numen
1646 357 1872 410 Domini
1884 357 2061 408 nostri
2072 355 2203 408 ,lem

345 441 550 495 Christi
568 443 935 510 praetermitti
951 444 1224 502 :sententia
1249 443 1702 507 dimili-afflues
1727 442 1916 498 Petrus
1931 483 1947 509 ‚
1974 452 2026 497 et
2050 460 2203 516 super

337 528 464 581 hanc
477 536 674 599 petram
701 527 974 583 aedificabo
999 526 1283 583 Ecclesiam
1310 530 1863 605 meam-qllaocdvquae
1890 533 2039 584 elicta
2064 539 2203 593 sunt,

338 633 518 668 rerum
531 616 837 689 probantur
851 618 1123 688 effectibus
1133 637 1151 680 ,·
1180 621 1308 688 quia
1322 621 1376 670 in
1393 619 1518 671 sede
1538 615 1860 688 Apostolica
1876 620 2202 673 inviolabilis

337 723 547 773 semper
585 705 860 758 catholica
898 708 1202 759 custoditur
1239 707 1455 776 reliqio.
1511 705 1599 758 De
1636 706 1742 759 hac
1766 709 1934 778 iyitur
1953 709 2066 778 fide
2092 726 2199 760 non

339 793 537 844 cadere
563 794 868 861 cupientes,
895 800 949 846 et
974 793 1208 848 Patrum
1233 801 1516 864 sequentes
1545 796 1600 845 in
1627 794 1866 847 omnibus
1892 799 2202 856 constituta,

342 880 854 933 anathematizamus
883 900 1062 934 omnes
1090 883 1344 935 haereses
1373 891 1469 935 etc.
1523 878 1592 932 Et
1618 889 1734 952 post
1758 881 2030 934 nonnulla:
2080 882 2200 941 Qua

334 973 568 1036 propter
595 975 875 1038 sequentes
903 972 958 1021 in
986 971 1227 1024 omnibus
1255 973 1432 1024 sedem
1460 968 1862 1039 Apostolicam,
1909 976 1962 1021 et
1979 971 2200 1038 praedi-

339 1074 523 1108 camus
551 1058 758 1117 omnia,
799 1075 937 1125 quae
965 1058 1031 1108 ab
1059 1060 1181 1126 ipsa
1207 1059 1427 1110 decreta·
1454 1065 1601 1118 sunt,
1639 1065 1690 1110 et
1710 1064 2009 1127 propterea
2037 1075 2198 1126 spero

344 1145 395 1194 in
424 1162 533 1195 una
560 1147 930 1196 communione
958 1146 1245 1207 vobiscum,
1272 1165 1431 1215 quam
1459 1143 1779 1214 Apostolica
1807 1147 1959 1197 sedes
1978 1146 2201 1213 praedi-

339 1238 443 1292 cat,
470 1250 551 1283 me
571 1235 837 1299 faturum,
866 1236 918 1284 in
948 1252 1055 1302 qua
1083 1240 1164 1286 est
1188 1236 1397 1303 inteyra
1419 1234 1701 1302 reliyionis
1730 1239 1781 1285 et
1798 1237 2052 1302 perfecta
2079 1234 2201 1284 soli-

339 1319 506 1368 ditas.-
540 1321 916 1385 promittentes
954 1323 1008 1369 in
1045 1323 1289 1387 sequenti
1323 1328 1566 1388 tempore
1605 1327 1968 1389 sequestratos
2006 1340 2039 1371 a
2066 1338 2200 1371 com-

342 1407 588 1455 munione
616 1404 899 1456 Ecclesiae
926 1405 1257 1464 catholicae,
1297 1407 1434 1456 idest
1470 1408 1524 1456 in
1561 1407 1802 1459 omnibus
1839 1425 1947 1456 non
1985 1423 2204 1457 consen-

339 1495 527 1544 tientes
555 1495 674 1544 sedi
700 1490 1079 1561 Apostolicac,
1109 1513 1291 1547 eorum.
1319 1496 1536 1545 nomina
1566 1496 1705 1545 inter
1732 1512 1892 1546 sacra
1935 1511 2043 1544 non
2071 1495 2202 1544 reci-

340 1582 510 1632 tanda
538 1600 651 1633 esse
677 1585 933 1651 mysteria
963 1623 973 1632 .
1004 1623 1013 1632 .
1044 1623 1054 1632 .
1088 1582 1232 1633 Huic
1260 1600 1385 1633 vero
1409 1585 1749 1650 professioni
1775 1581 2073 1648 subscripsi
2086 1600 2202 1633 mea

340 1687 530 1732 inanit,
561 1675 610 1720 et
637 1671 825 1721 clireoei
844 1689 949 1737 per
976 1672 1186 1737 scripta
1216 1670 1314 1720 tibi
1356 1669 1684 1722 Hormisdae
1724 1675 1910 1721 sancto
1941 1675 1992 1720 et
2016 1669 2202 1720 beatis-

340 1759 471 1808 simo
493 1759 672 1824 fratri
698 1763 750 1807 et
765 1755 960 1824 Papae
988 1775 1217 1825 maynae
1240 1756 1474 1808 Romae.-
1505 1755 1682 1825 quibus
1709 1754 1877 1807 unitas
1895 1754 2203 1807 communio-

340 1843 420 1896 nis
447 1843 509 1895 ab
536 1842 732 1895 unitate
759 1842 871 1895 fidei
892 1861 1207 1913 nequaquam
1234 1843 1501 1914 disjuncta,
1531 1854 1579 1897 et
1601 1842 1878 1897 catholicae
1899 1841 2205 1913 professioni

339 1930 495 1982 indita
523 1929 852 2001 dignoscitur.
881 1928 934 1982 In
964 1930 1086 1984 haec
1114 1941 1280 1984 autem
1300 1932 1564 2003 praeclara
1586 1941 1664 1984 est
1683 1930 1923 1983 Bossueti
1945 1929 2203 1983 adnotatio

342 2017 583 2090 (DefenS.
625 2018 750 2071 decl.
797 2015 937 2071 Cler.
981 2017 1112 2071 Gall.
1156 2020 1238 2071 lib.
1272 2020 1357 2071 lc.
1401 2019 1463 2070 al.
1496 2019 1582 2071 15.
1623 2038 1666 2071 c.
1699 2018 1799 2086 7.).
1856 2016 2029 2087 Atque
2070 2020 2204 2070 llaec

335 2109 644 2175 professio,
683 2105 782 2169 ait,
820 2107 886 2157 ab
927 2108 1226 2159 Hormisda
1271 2107 1538 2175 Pontifice
1578 2107 1812 2165 dictata,
1857 2107 1922 2156 ab
1963 2107 2202 2158 omnibus

342 2195 633 2263 Episcopis
670 2193 1066 2255 Orientalibus,
1095 2214 1385 2264 eorumque
1427 2196 1795 2262 antesiynanis
1831 2193 2204 2245 Constantino-

334 2284 599 2352 politanis
643 2281 990 2335 Patriarcltis
1029 2290 1107 2335 est
1144 2289 1384 2350 recepta.
1460 2282 1579 2341 Qua
1618 2282 1684 2333 de
1724 2299 1783 2332 re
1830 2280 2204 2333 occidentales

343 2372 611 2439 Episcopi
629 2374 960 2438 praesertim
1005 2370 1284 2423 Gallicani
1319 2371 1541 2421 multum
1575 2369 1974 2429 collaetantur3
2012 2376 2071 2420 ut
2094 2387 2204 2420 cer-

340 2465 449 2508 tum
477 2461 546 2509 sit
584 2458 725 2509 lianc
758 2459 1057 2526 formulam
1095 2479 1128 2510 a
1168 2465 1279 2509 tota
1308 2458 1558 2509 Ecclesia
1593 2456 1866 2507 catholica
1893 2457 2203 2523 comproba-

343 2552 463 2596 tam.
520 2546 777 2596 Eamdem
797 2548 962 2614 fidem
990 2546 1329 2596 Justinianus
1358 2544 1662 2612 Imperator
1699 2544 1774 2594 ad
1814 2543 1872 2593 S.
1902 2540 2205 2612 Ayapetum

348 2632 560 2700 Papam
588 2634 797 2684 iteratis
826 2633 1023 2685 vicibus
1051 2635 1228 2684 mittit.
1285 2631 1344 2682 In
1374 2632 1612 2683 secunda
1651 2636 1778 2681 vero
1811 2631 2203 2698 subscriptione

344 2723 420 2770 sic
462 2721 686 2788 leyitur:
743 2715 1144 2791 ‚,Q11ap1‘opter‚
1186 2717 1315 2770 sicut
1351 2716 1567 2789 praefati
1606 2734 1803 2782 sumus,
1843 2728 2113 2787 sequentes
2153 2718 2204 2770 in

345 2847 377 2870 ,7
394 2805 625 2859 omnibus
652 2806 820 2858 sedem
847 2805 1197 2877 Apostolicam
1216 2845 1230 2871 ,
1267 2823 1396 2874 quac
1424 2805 1484 2857 ab
1513 2823 1573 2858 ea
1601 2813 1794 2857 statuta
1821 2815 1937 2858 sunt
1954 2845 1967 2870 ‚
2004 2805 2204 2877 praedi-

346 2911 598 2958 „camus‚
641 2911 699 2945 ac
736 2892 1074 2964 promittimus
1114 2893 1416 2946 inconcusse
1443 2892 1672 2959 servari,
1713 2902 1765 2946 et
1791 2894 2122 2964 compellere,
2151 2903 2204 2945 ut

346 2982 543 3051 „juxta
570 2990 799 3034 tenorem
827 2979 982 3034 libelli
1008 2980 1156 3032 istius
1183 2998 1360 3032 omnes
1386 2979 1576 3033 faciant
1599 2978 1870 3050 Episcopi,
1907 2990 1962 3031 ut
1989 2980 2204 3032 sanctis-

347 3109 380 3134 „
397 3069 510 3121 simi
539 3067 734 3138 quidem
762 3065 1097 3120 patriarchae
1136 3066 1198 3118 ad
1225 3076 1451 3120 vestram
1478 3066 1669 3119 faciant
1695 3065 2048 3132 sanctitatem,
2088 3065 2202 3119 Mc-

346 3155 687 3228 „tropolitani
713 3174 837 3209 vero
860 3153 1197 3219 Patriarchis,
1226 3163 1276 3207 ct
1305 3153 1390 3206 alii
1417 3163 1471 3205 ut
1498 3153 1602 3206 suis
1630 3153 1818 3206 saciant
1844 3151 2203 3226 Metropolita-

346 3244 501 3309 „niS‚
530 3253 778 3314 quatenus
805 3262 896 3315 per
923 3242 1095 3297 omnia
1119 3250 1298 3295 sancta
1324 3239 1567 3294 catholica
1592 3239 1826 3295 Ecclesia
1854 3251 2034 3294 nostra
2059 3260 2201 3295 suam

345 3329 577 3395 „habeat
614 3329 974 3395 firniitate1n“,
1024 3330 1320 3384 universali
1354 3331 1589 3394 scilicet,
1639 3337 1698 3381 ut
1744 3349 1906 3398 saepe
1945 3331 2202 3390 diximus,

346 3419 696 3470 consensione
724 3425 1070 3471 constantem.
1123 3414 1256 3471 Post
1281 3434 1410 3486 quae
1436 3416 1564 3470 idem
1591 3415 1874 3470 Bossuetus
1900 3415 1974 3468 sic
2001 3417 2200 3469 conclu-

348 3503 447 3556 dit:
495 3503 687 3556 Omnes
716 3523 844 3574 erqo
873 3506 1155 3559 Ecclesiae
1183 3505 1491 3574 subsiynata
1523 3506 1770 3573 formula
1799 3504 2200 3574 profitebantur
