2320 3990
931 162 1551 234 *EM—-

311 340 474 386 tatem
502 348 879 386 EFFICAcrri-:n
917 330 1076 403 (idest
1114 332 1166 387 vi
1199 351 1415 405 prorsus
1454 337 1711 410 coactiva)
1747 341 2173 392 conservandam

310 423 631 475 necessariis
654 422 940 490 praeditus
968 423 1053 474 sit.
1107 417 1306 474 Similia
1331 421 1570 493 leguntur
1597 426 1727 498 apud
1753 424 1905 491 alioS‚
1947 424 2032 496 qui
2059 425 2172 479 aliis

309 508 360 561 in
389 507 633 581 capitibus
661 507 806 562 nobis
833 509 1192 563 adversantur.
1234 505 1408 577 Quare
1435 506 1727 567 Ludovicus
1751 513 1949 568 Hubert
1975 511 2173 567 Doctor

309 594 622 650 Sorbonicus
650 606 774 650 tom.
805 598 855 653 7.
913 595 1230 670 Theologiae
1266 598 1584 670 dogmaticae
1618 611 1751 673 part.
1776 603 1832 656 2.
1871 622 1914 658 c.
1944 603 1996 656 4.
2037 601 2084 670 ἓ.
2115 601 2168 655 3.

308 683 568 757 proposita
607 685 930 757 quaestione:
993 687 1272 748 Quaenam
1313 707 1513 742 summo
1556 689 1817 761 Pontifici
1851 694 2174 745 conveniant

290 779 426 846 jure
466 776 681 836 divine,
717 778 796 827 uti
830 778 1003 844 capiti
1038 778 1202 829 totius
1243 777 1526 830 Ecclesiae
1562 798 1670 830 non
1712 781 1883 832 solum
1921 783 1976 832 in
2021 779 2171 832 Occi-

308 865 494 925 dente,
523 865 620 916 sed
645 866 805 916 etiam
832 866 887 915 in
921 864 1173 927 Oriente,
1202 872 1254 917 et
1279 868 1333 918 in
1361 869 1610 920 universo
1640 875 1911 920 terrarum
1935 867 2097 927 orbe,
2123 865 2171 917 id

308 947 359 1003 in
388 951 721 1025 responsione
758 951 962 1004 omnino
1001 961 1194 1006 certum
1233 962 1284 1006 et
1310 972 1340 1007 a
1366 955 1501 1008 nullo
1530 954 1778 1009 catholico
1814 954 1868 1007 in
1903 952 2171 1006 dubitatio-

307 1059 422 1093 nem
450 1040 714 1094 adductum
740 1039 906 1114 ponit:
952 1041 1175 1095 Omissis
1206 1045 1299 1104 iis,
1340 1045 1407 1096 de
1448 1046 1636 1114 quibus
1678 1052 1757 1096 est
1782 1045 2171 1100 controversia,

307 1137 510 1182 certum
537 1137 616 1182 est
641 1149 704 1182 ea
731 1133 839 1199 ipsi
874 1138 1176 1199 competere
1186 1135 1321 1203 jare
1349 1134 1530 1185 divino
1548 1175 1563 1194 ‚
1604 1136 1717 1186 sine
1747 1134 1934 1203 quibus
1963 1135 2174 1183 servari

305 1238 413 1271 non
432 1226 618 1288 potest
642 1219 925 1271 Ecclesiae
951 1222 1149 1273 unitas.

453 1305 504 1357 5.
547 1303 833 1359 Obtrudant
871 1325 1035 1372 nunc,
1075 1308 1160 1378 qui
1185 1310 1303 1379 jure
1343 1327 1399 1362 se
1439 1328 1590 1381 posse
1627 1310 1906 1374 confidunt,
1945 1326 2032 1361 eas
2059 1305 2170 1358 An·

306 1392 499 1465 gustini
536 1394 809 1459 formulas,
851 1394 1031 1464 quibus
1068 1395 1272 1468 scripsit
1307 1393 1365 1448 S.
1404 1395 1620 1450 Petrum
1653 1406 1862 1469 propter
1901 1395 2169 1467 primatum

306 1481 532 1554 gessisse
559 1490 765 1554 typum,
794 1500 886 1535 seu
911 1482 1125 1554 figuram
1152 1484 1394 1550 unitatiS,
1423 1503 1535 1538 cum
1563 1485 1625 1538 ad
1653 1504 1766 1539 eum
1797 1481 2036 1538 Christus
2064 1482 2170 1534 lau-

305 1570 435 1623 datis
461 1568 789 1642 Evangelicis
828 1571 1134 1625 testimoniis
1171 1573 1408 1643 loquutus
1436 1583 1539 1639 est3
1576 1572 1785 1644 perinde
1813 1591 1870 1625 ac
1908 1571 1951 1623 si
1978 1589 2169 1623 meram

306 1658 516 1712 unitatis
543 1659 1095 1731 repraesentationem,
1136 1679 1239 1713 non
1268 1670 1435 1713 autem
1462 1659 1787 1732 praecipuum
1806 1661 1893 1731 jus
1921 1658 1974 1711 in
2001 1657 2168 1710 unita—

306 1748 372 1801 tis
399 1748 584 1801 bonum
612 1745 708 1818 ipsi
734 1747 808 1800 uti
834 1747 1038 1821 primati
1066 1748 1375 1802 attribuerit.
1419 1744 1532 1815 Quo
1556 1748 1795 1802 evaderet
1817 1748 1907 1801 hac
1929 1747 1981 1800 in
2008 1746 2168 1818 hypo-

306 1836 439 1890 thesi
463 1836 711 1909 primatus
738 1836 1004 1909 peculiaris
1031 1836 1107 1892 vis
1135 1847 1186 1891 ct
1204 1835 1491 1909 jurisdictio
1508 1877 1522 1903 ,
1564 1855 1692 1908 quae
1720 1855 1787 1890 ex
1818 1836 2063 1909 primatus
2090 1834 2168 1887 in-

306 1925 548 1980 stituendi
586 1925 684 1978 line
722 1924 819 1998 ipsi
856 1925 1039 1978 unitati
1075 1925 1458 1980 constituendae
1494 1935 1646 1996 atque
1674 1926 2051 1980 conservandae
2080 1942 2167 1975 nc-

306 2015 559 2081 cessaria,
601 2014 910 2068 adversariis
947 2033 1144 2085 quoque
1184 2014 1376 2067 nostris
1415 2014 1801 2079 confitentibus,
1842 2012 2022 2085 negari
2066 2030 2165 2064 non

304 2105 508 2176 potest?
569 2101 711 2155 Nihil
750 2120 874 2156 sane
909 2102 962 2154 in
1000 2102 1131 2156 hunc
1171 2120 1375 2174 scopum
1413 2102 1688 2173 profuisset
1725 2121 1920 2155 merum
1956 2100 2167 2153 unitatis

304 2201 480 2264 typum
506 2190 559 2243 in
587 2188 748 2243 Petro
777 2190 1077 2256 collocasse,
1116 2189 1161 2243 si
1188 2190 1265 2245 vis
1294 2190 1354 2242 ad
1380 2189 1628 2244 unitatem
1657 2209 1844 2262 cogens
1873 2189 2039 2243 addita
2065 2207 2165 2241 non

301 2281 499 2334 fuisset.
531 2277 689 2334 Certe
715 2289 867 2352 typus
888 2298 979 2332 seu
999 2279 1403 2351 repraesentatio
1426 2278 1637 2332 unitatis
1656 2281 1742 2351 jus
1770 2277 2051 2332 coactivum
2079 2296 2168 2331 ne-

304 2388 553 2440 quaquam
580 2367 824 2433 excludit,
852 2377 908 2419 ut
934 2376 1073 2439 patet
1101 2386 1171 2421 ex
1197 2367 1522 2439 generalibus
1551 2364 1796 2421 Conciliis
1808 2365 1884 2439 ⁹¹),
1914 2386 2041 2437 quae
2070 2366 2165 2419 etsi

304 2457 595 2511 nniversam
632 2454 914 2510 Ecclesiam
950 2465 1368 2529 repraesentent,
1411 2457 1529 2527 jure
1574 2465 1745 2509 tamen
1796 2454 2024 2510 coactive
2066 2474 2163 2507 non

366 2686 408 2738 *)
440 2687 523 2726 Hic
564 2685 703 2725 obiter
744 2686 893 2724 notare
937 2685 1065 2724 liceat
1109 2698 1135 2725 a
1177 2684 1338 2725 duobus
1381 2685 1695 2737 repraesentari
1739 2685 1975 2724 universam
2018 2685 2166 2724 Eccle-

304 2748 437 2795 siam,
473 2760 499 2786 a
532 2746 721 2786 Concillo
755 2746 968 2797 generali,
1006 2749 1048 2785 et
1079 2758 1105 2784 a
1136 2746 1289 2796 Petro,
1322 2758 1372 2785 ac
1405 2745 1722 2786 successoribus
1755 2747 1857 2798 ejus,
1892 2745 1967 2785 sed
2000 2745 2165 2784 diverso

302 2808 442 2848 modo.
509 2807 743 2848 Concilium
788 2806 987 2857 gencrale
1031 2809 1324 2858 repraesentat
1355 2807 1591 2847 Ecclesiam
1633 2807 1695 2846 uti
1737 2807 2048 2852 universatem,
2092 2818 2164 2844 seu

303 2868 574 2917 catholicam,
609 2871 813 2919 quatenus
847 2878 896 2906 ex
929 2866 1156 2919 Episcopis
1190 2880 1242 2908 ex
1274 2870 1369 2908 tota
1399 2868 1593 2908 Ecclesia
1628 2868 1874 2908 convocatis
1906 2870 2089 2913 constat,
2124 2866 2164 2905 in

305 2930 455 2981 quibus
493 2932 587 2969 tota
628 2928 872 2968 continetur
912 2927 1131 2974 Ecclesia3
1177 2928 1219 2966 in
1251 2928 1481 2979 Episcopis
1522 2928 1631 2966 enim
1663 2927 1860 2967 Ecclesia
1898 2931 1984 2974 est,
2026 2929 2073 2964 ut
2115 2938 2165 2965 ex

304 2990 517 3042 cypriano
553 2989 749 3029 discimus
784 2988 910 3040 epist.
943 2987 1016 3028 69.
1080 2988 1233 3027 Petrus
1265 2999 1366 3027 vero
1401 2989 1574 3039 ejusque
1618 2997 1886 3026 successores
1919 2997 2164 3037 repraesen-

306 3054 396 3090 tant
427 3050 662 3091 Ecclesiam
693 3053 738 3089 ut
769 3061 928 3098 unam,
971 3051 1013 3088 et
1055 3047 1232 3087 unitatis
1274 3047 1449 3098 figuram
1492 3050 1665 3099 gerunt,
1709 3050 1915 3098 quatenus
1946 3046 2165 3088 Ecclesiae

306 3112 459 3163 unitas,
493 3124 598 3163 quae
630 3111 680 3150 ab
716 3122 796 3150 uno
830 3110 946 3150 ducit
977 3108 1205 3160 originem,
1238 3120 1314 3160 per
1345 3119 1470 3148 unum
1502 3109 1672 3147 Petrum
1706 3110 1748 3147 et
1781 3119 2048 3148 successores
2080 3107 2163 3147 foi·-

304 3175 440 3212 matur
473 3175 516 3211 et
549 3172 813 3219 continetur,
858 3174 904 3210 ut
935 3181 986 3211 ex
1018 3168 1166 3209 eodem
1197 3169 1408 3221 Cypriano
1439 3171 1566 3220 atque
1598 3167 1781 3208 Paciano
1814 3181 1890 3207 suo
1923 3168 2015 3208 loco
2048 3167 2166 3208 vide-

307 3233 463 3279 bimus3
498 3235 539 3271 et
570 3233 611 3272 in
645 3245 694 3272 eo
729 3244 836 3281 uno,
877 3232 919 3271 in
953 3243 1035 3283 quo
1067 3229 1272 3270 formatur
1302 3229 1526 3270 Ecclesiae
1559 3229 1698 3268 unitas
1730 3230 1824 3280 ipsa
1855 3229 2050 3269 Ecclesia
2084 3239 2162 3267 una

307 3293 563 3333 continetur.
627 3294 766 3333 Sicuti
799 3305 925 3344 porro
957 3290 1145 3345 generali
1167 3290 1371 3340 Concilio,
1407 3290 1518 3342 quod
1549 3290 1787 3330 Ecclesiam
1820 3290 1881 3329 uti
1914 3288 2165 3330 catholicam

305 3355 629 3406 repraesentat,
674 3365 755 3392 non
798 3357 977 3405 negatur
1017 3352 1106 3403 vis,
1149 3363 1256 3405 quae
1297 3350 1484 3392 eamdem
1515 3350 1752 3391 Ecclesiam
1799 3354 1952 3402 cogat3
1994 3350 2054 3390 ita
2087 3361 2164 3389 nec

307 3413 502 3466 neganda
533 3413 663 3453 Petro
709 3426 759 3452 ac
802 3413 1146 3460 successoribus,
1193 3412 1261 3465 qui
1306 3411 1539 3453 Ecclesiam
1581 3413 1904 3464 repraesentant
1947 3414 1991 3449 nt
2031 3421 2161 3450 unam

306 3478 488 3528 propter
521 3474 785 3530 primatum,
827 3475 894 3514 cui
938 3475 1019 3515 iim
1059 3473 1312 3527 peculiarem
1355 3473 1395 3514 in
1438 3473 1590 3513 bonum
1630 3471 1805 3512 unitatis
1847 3469 2164 3511 adscribendam

307 3537 431 3577 etiam
464 3534 697 3576 adversarii
730 3534 929 3576 fatentur.

2316 3261 2320 3273 -
2306 3107 2320 3230 μὲι-ι-
2309 2874 2320 3087 -.ρῳ---μ
2315 2820 2320 2831 -
2316 2788 2320 2796 -
