2314 3984
473 331 565 388 84.
619 330 883 384 Laudatus
907 329 1242 391 Justiniauus
1251 333 1552 411 Qum-m
1598 335 1709 391 aliis
1737 351 1935 408 quoque
1961 335 2191 389 testimo·
2256 310 2260 317 y

327 397 426 474 niis
451 419 697 472 unitatem
724 415 837 470 fidei
854 434 967 471 cum
987 418 1181 472 eadem
1191 417 1312 474 sede
1330 420 1647 496 effinque
1673 423 1807 478 sedis
1834 421 2189 476 auctoritatem

331 507 383 559 in
421 516 531 559 tota
568 501 803 573 Ecclesia
841 505 1170 559 constitutam
1209 506 1543 562 commendat
1539 508 1654 576 ‚fue
1668 508 1979 585 praesertim
2006 509 2059 562 in
2085 509 2191 582 epi-

330 593 461 646 stola
497 591 559 644 ad
595 589 920 645 Hormisdam
949 591 1132 665 (Tom.
1161 595 1213 647 5.
1257 591 1456 648 Concil.
1474 591 1622 655 Vena
1643 596 1768 652 edit.
1796 599 1892 653 col.
1921 597 2047 652 649.
2076 596 2188 669 b.):

342 680 562 742 Unitas‚
587 677 779 750 inquit,
807 687 1118 734 sanc-tarum
1145 683 1519 736 Ecclesiarum
1546 702 1653 753 per
1680 686 1983 746 doctrinam
2023 693 2074 738 et
2099 675 2201 739 au?

329 771 632 821 ctoritatem
667 765 1024 836 Apostolatus
1076 773 1241 827 vestri
1275 774 1552 840 provenit:
1605 768 2097 843 hujusque=unitatis
2136 790 2192 826 se

329 855 597 909 sollicitum
635 873 835 927 semper
873 855 1030 910 fuisse
1069 866 1289 910 testatur
1313 857 1366 910 in
1395 857 1494 910 alia
1521 856 1734 929 epistola
1761 859 1824 912 ad
1849 858 2100 914 Joannem
2125 857 2188 910 ΙΙ.

330 943 427 1015 (ibi
454 942 705 997 col.888.
735 941 831 1013 c.).
893 945 1118 1015 Semper
1144 947 1298 999 nobis
1318 949 1432 1016 fuit
1456 966 1706 1016 maynum
1733 948 1990 1008 studium,
2018 949 2190 1000 unita-

328 1040 434 1084 tem
459 1039 669 1084 vestrae
684 1029 1035 1101 Apostolicae
1063 1037 1204 1088 sedis
1233 1042 1286 1087 et
1308 1041 1504 1087 statum
1531 1043 1843 1088 sanc-tarum
1869 1035 1987 1087 Dei·
2006 1035 2191 1087 Eccle-

330 1123 532 1172 siarum
570 1122 844 1172 custodire
873 1161 1105 1174 .....
1161 1123 1350 1194 Itaque
1389 1141 1568 1188 omnes
1607 1125 1918 1176 sacerdotes
1957 1124 2194 1173 universi

337 1208 631 1261 Orientalis
660 1215 867 1261 tractus
897 1217 948 1262 et
973 1211 1235 1283 subju-ere
1264 1218 1315 1263 et
1350 1213 1506 1263 unire
1543 1212 1660 1263 secli
1684 1216 1894 1262 vestrae
1927 1210 2192 1262 Sanctita-

331 1299 397 1347 tis
419 1299 851 1364 properavimus.

477 1381 568 1434 85.
598 1380 786 1435 Avitus
811 1380 1094 1454 Episcopus
1121 1382 1435 1438 Viennensis
1461 1383 1515 1435 in
1543 1384 1756 1456 epistola
1784 1384 1846 1436 ad
1870 1381 2193 1435 Hormisdam

331 1467 526 1540 Papam
554 1467 782 1522 scribens
811 1469 974 1542 (inter
1002 1470 1149 1543 epist.
1179 1469 1405 1523 Hormis.
1434 1470 1503 1522 ibi
1539 1471 1633 1523 col.
1663 1470 1788 1524 584.
1819 1468 1894 1537 c.)
1913 1509 1926 1534 ‚
1967 1471 2094 1522 Jam
2120 1488 2193 1521 se-

331 1575 493 1608 curus
529 1575 638 1608 non
675 1559 851 1610 dicam
890 1560 957 1610 cle
999 1558 1314 1620 Viennensi,
1353 1561 1453 1611 sed
1487 1561 1554 1611 de
1591 1561 1752 1610 totius
1788 1557 2004 1610 Galliae
2040 1560 2193 1609 devo-

332 1647 506 1706 tione,
526 1646 803 1713 polliceor
831 1663 1012 1696 omnes
1040 1654 1272 1699 vestram
1300 1666 1466 1715 super
1493 1654 1635 1698 statu
1656 1648 1791 1715 fidei
1817 1653 2043 1715 captare
2082 1664 2193 1697 sen-

332 1736 581 1793 tentiam,
620 1732 816 1784 illustre
853 1731 1199 1784 testimonium
1238 1733 1448 1805 praebet
1475 1734 1583 1804 ejus
1611 1731 1867 1802 obsequii,
1915 1750 2011 1802 quo
2039 1729 2195 1783 Galli-

333 1837 460 1872 cana
482 1817 716 1873 Ecclesia
733 1818 1059 1891 Apostolicae
1076 1819 1209 1872 sedis
1230 1819 1426 1891 judicia·
1442 1819 1495 1872 in
1523 1820 1736 1874 materia
1762 1819 1875 1872 fidei
1895 1818 2194 1891 suscipienS‚

333 1907 573 1961 unitatem
604 1906 844 1978 ejusmodi
873 1907 1042 1960 sedulo
1071 1908 1402 1960 custodiebat.

479 1995 568 2050 86.
598 1993 911 2067 Epiphanius
927 1992 1524 2067 Constantinopolitanus
1554 1995 1613 2047 ad
1641 1995 1864 2049 cumdem
1892 1993 2193 2048 Pontificem

334 2084 392 2136 de
421 2102 513 2136 sua
540 2083 786 2136 electione
815 2083 1013 2135 litteras
1041 2084 1266 2149 tradem,
1296 2082 1650 2136 adhaesionem
1678 2083 1993 2153 dogmatibus
2021 2101 2052 2134 a
2078 2083 2196 2135 sede

334 2172 637 2244 Apostolica
676 2170 990 2243 potissimum
1028 2171 1230 2224 traditis
1266 2171 1339 2225 sic
1378 2171 1605 2224 declarat
1645 2169 1740 2241 (ibi
1782 2170 1876 2223 col.
1917 2168 2044 2223 666.
2086 2168 2196 2237 d.):

338 2262 437 2313 Est
460 2261 592 2312 milei
617 2263 797 2312 oratio
840 2257 935 2330 (al.
965 2262 1131 2326 ratio)
1169 2278 1497 2331 muynopere
1536 2260 1684 2310 uniri
1719 2277 1799 2310 me
1827 2259 2002 2319 vobis,
2044 2265 2095 2310 et
2121 2259 2196 2310 cli-

337 2353 458 2401 vina
487 2350 743 2418 cctnplecti
779 2351 1063 2419 cloymata,
1105 2368 1242 2418 quae
1284 2368 1354 2400 ex
1392 2348 1559 2399 beatis
1595 2354 1648 2398 et
1670 2350 1868 2398 sanctis
1897 2347 2198 2415 discipulis,

337 2445 388 2488 et
414 2435 694 2506 Apostolis
740 2437 874 2497 Dei,
904 2439 1209 2505 praecipue
1248 2438 1438 2488 summi
1483 2435 1641 2486 Petri
1667 2433 2055 2502 Apostolorum
2081 2434 2200 2484 sedi

335 2531 554 2576 sanctae
582 2531 790 2575 vestrae
817 2531 941 2575 sunt
967 2525 1189 2582 tradita,
1217 2529 1269 2572 et
1293 2522 1435 2573 nihil
1455 2523 1528 2572 eis
1545 2504 2191 2588 pretiosiusexistimare..

339 2778 679 2819 communionem
711 2778 1021 2828 reciperentur.
1091 2776 1244 2817 Cavete
1275 2777 1443 2827 igitur,
1484 2775 1651 2827 fratres
1685 2774 1978 2823 dilectissimi,
2022 2785 2075 2814 ne
2107 2774 2194 2815 illis

338 2840 584 2890 praebeatis
616 2850 757 2885 aures,
791 2838 867 2891 qui
900 2836 1097 2878 auserint
1129 2838 1282 2886 dicere,
1317 2837 1396 2877 hoc
1407 2836 1723 2887 formularium
1754 2836 1903 2887 Papae
1934 2834 2196 2876 Hormisdae

330 2901 517 2950 factum,
549 2903 598 2939 ut
632 2900 864 2951 afferretur
895 2898 1130 2938 remedium
1162 2898 1387 2939 schismati
1421 2897 1587 2948 Aeacii,
1619 2908 1707 2937 non
1731 2896 1876 2948 fuisse
1907 2895 1998 2936 nisi
2030 2899 2193 2947 tempo—

337 2961 504 3000 rarium
536 2960 652 3000 sedis
688 2960 913 3000 Romanae
946 2961 1164 2998 conatum.
1224 2958 1350 2999 'Haec
1382 2961 1471 2998 tam
1511 2957 1719 3008 ezr-plicita
1761 2954 1865 3002 fidei
1894 2955 2111 3006 professio
2145 2955 2195 2995 ob

337 3021 553 3060 unitatem
583 3023 791 3061 renovata
827 3019 920 3069 fuit
950 3018 1031 3058 sub
1064 3018 1262 3058 Adriano
1294 3017 1352 3057 II.
1384 3020 1485 3067 post
1516 3027 1656 3056 annos
1687 3018 1898 3056 trecentos
1930 3017 1971 3054 et
2003 3014 2194 3066 amplius

339 3082 389 3122 ob
413 3078 664 3130 finiendum
696 3080 843 3121 Photii
872 3078 1074 3127 schisma,
1108 3081 1148 3118 et
1179 3077 1416 3118 universim
1438 3076 1534 3126 fuit
1566 3076 1812 3126 approbata
1843 3075 1892 3115 in
1925 3077 2075 3115 octavo
2118 3086 2195 3125 ge—

339 3141 482 3181 nerali
514 3140 696 3181 concilio
716 3168 728 3179 .
748 3168 759 3179 .
778 3169 787 3179 .
836 3140 1025 3192 Quisque
1057 3138 1289 3190 episcopus
1319 3137 1367 3176 in
1402 3148 1452 3175 ea
1472 3135 1658 3186 spondet
1688 3147 1733 3175 se
1765 3146 1853 3175 non
1885 3138 2196 3186 separaturum

340 3213 535 3253 ‘umluam
567 3213 591 3240 a
616 3197 711 3250 fide
743 3203 784 3240 et
814 3200 1014 3241 doctrina
1057 3198 1135 3239 sed
1165 3200 1451 3250 sequntur-um
1481 3195 1740 3246 praesertim
1771 3196 1819 3235 in
1851 3195 2050 3236 omnibus
2083 3195 2196 3236 deci-

341 3263 484 3302 siones
516 3258 705 3309 ejusdem
733 3260 851 3300 sedis
882 3257 1173 3310 Pontificum.
1193 3285 1205 3297 .
1225 3285 1263 3298 ..
1312 3256 1413 3297 Hac
1444 3256 1692 3296 conditione
1711 3255 1924 3307 Episcopi
1957 3256 2016 3296 ad
2046 3255 2196 3296 unita-

343 3324 424 3362 tem
458 3322 637 3361 rediere.
673 3320 769 3361 Hoc
799 3321 968 3372 praetio
1002 3320 1068 3360 illi
1098 3320 1214 3360 inter
1245 3317 1480 3367 catholicos
1510 3316 1735 3365 recensiti3
1767 3316 1864 3356 sine
1895 3315 1976 3356 hac
2005 3315 2196 3356 subscri-

341 3381 492 3432 ptione
522 3392 644 3421 nemo
675 3391 855 3432 sperare
887 3383 1059 3432 poterat
1088 3381 1230 3421 locum
1259 3379 1308 3418 in
1338 3380 1493 3418 octava
1513 3377 1788 3417 oecumenica
1818 3376 1996 3427 synodo.
2046 3375 2195 3415 Omnia

342 3445 430 3480 tum
463 3441 764 3481 communionis
794 3444 882 3481 tum
922 3439 1021 3479 fidei
1063 3441 1267 3480 unitatem
1307 3449 1399 3478 cum
1442 3437 1631 3476 Romana
1666 3436 1768 3477 sede
1801 3439 1844 3476 et
1875 3436 1918 3476 in
1951 3447 2003 3476 ea
2033 3436 2194 3487 praesi-

343 3500 538 3542 dentibus
568 3500 770 3541 Romanis
802 3499 1076 3541 Antistitibus
1106 3498 1384 3540 necessariam
1418 3497 1651 3537 declarant.
