2314 3984
742 289 912 300 -ψ-
1002 255 1127 315 357
1220 287 1389 296 ---

154 426 442 499 propositio,
469 443 594 497 quac
615 423 959 496 Apostolicam
986 423 1331 477 auctoritatem
1358 421 1429 474 ita
1454 438 1543 493 per
1569 437 1624 472 se
1649 417 1971 471 sufficientem

153 530 267 565 csse
292 511 470 565 debere
494 510 670 564 statuit
696 511 756 564 ad
781 509 987 564 unitatis
1020 510 1167 562 finem
1194 508 1523 579 exigendum,
1560 515 1615 558 ut
1648 502 1772 556 alius
1809 505 1972 575 cujus-

154 616 298 668 quam
327 597 640 652 auctoritatis
677 597 924 670 praesidio
953 605 1038 650 aut
1062 595 1342 650 conditione
1375 606 1650 648 consensus
1675 606 1775 641 non
1801 598 1966 659 egeat.

971 811 1147 882 §.1v.

531 948 918 1023 QUAR'PA
975 945 1578 1004 PRoPosl'rio.

155 1106 466 1159 Auctoritas,
511 1120 640 1164 quae
669 1109 738 1151 sit
757 1120 858 1166 per
886 1120 940 1149 se
967 1103 1228 1163 sufficiens
1266 1103 1336 1148 ad
1366 1103 1668 1161 emi-qondam
1699 1109 1748 1146 ct
1778 1117 1969 1148 conser-

152 1167 372 1210 vandam
410 1165 534 1223 fidei
568 1168 817 1210 unitatem
861 1168 914 1210 in
957 1170 1063 1209 tota
1095 1162 1349 1215 Ecclesia,
1393 1178 1454 1206 ea
1495 1164 1546 1206 vi
1579 1162 1825 1221 praedita
1867 1179 1969 1207 csse

154 1223 309 1276 debet,
343 1239 443 1282 qua
483 1223 554 1268 ad
582 1227 830 1268 unitatem
863 1223 964 1268 obli
998 1229 1045 1267 et
1075 1237 1174 1266 non
1207 1223 1403 1280 aliquos
1435 1227 1648 1273 tantum,
1681 1221 1770 1264 sed
1800 1237 1969 1267 omncs·

155 1282 485 1336 Christianos,
534 1297 635 1328 non
666 1290 772 1328 tam
804 1284 954 1328 distri
986 1286 1116 1327 utine
1147 1297 1300 1340 quam
1332 1281 1584 1326 collective
1612 1287 1863 1340 sumptos,
1907 1297 1970 1326 ex

247 1343 423 1402 quibus
452 1347 665 1404 sumptis
697 1343 951 1388 collective
982 1348 1178 1387 constat
1208 1346 1322 1402 ipsa
1354 1339 1607 1386 catholica
1636 1340 1879 1386 Ecclesia.

294 1479 351 1534 Si
390 1500 510 1551 quos
549 1481 677 1534 enim
713 1499 813 1533 non
847 1490 1019 1553 posset
1058 1480 1118 1532 ad
1153 1479 1264 1533 fidei
1291 1479 1527 1531 unitatem
1564 1478 1614 1531 vi
1639 1479 1818 1531 idonea
1844 1480 1967 1532 obli-

149 1586 301 1638 gare,
336 1586 437 1619 non
472 1578 605 1620 essct
645 1567 916 1620 auctoritas
954 1585 1043 1638 per
1079 1585 1134 1619 se
1161 1566 1408 1619 sufficiens
1435 1566 1495 1617 ad
1522 1565 1887 1618 custodiendam
1915 1566 1965 1618 in

147 1663 255 1706 tota
280 1651 510 1706 Ecclesia
535 1654 774 1707 unitatem
800 1653 938 1718 fidei,
966 1672 1091 1723 quae
1117 1671 1218 1705 non
1246 1671 1315 1705 ex
1342 1652 1615 1721 aliquorum
1641 1661 1850 1717 tantum,
1880 1654 1965 1705 sed

148 1759 218 1792 ex
243 1740 455 1791 omnium
484 1738 885 1794 Christianorum
911 1740 1003 1793 fide
1030 1739 1267 1793 coalescit
1279 1737 1353 1809 *).
1405 1735 1683 1808 Specialem
1709 1739 1965 1791 difficulta-

148 1836 245 1878 tem
272 1827 492 1878 nonnulli
519 1827 793 1880 adversarii
820 1846 927 1879 cum
954 1825 1205 1879 Febronio
1232 1843 1434 1878 movere
1471 1825 1635 1876 solent
1661 1827 1820 1895 quoad
1843 1824 1964 1896 Epi-

149 1930 354 1984 sc0p05,
393 1913 474 1982 qui
512 1932 620 1966 cum
650 1916 764 1984 jure
798 1913 962 1967 divino
999 1913 1100 1966 sint
1128 1912 1321 1984 judices
1347 1910 1643 1983 praesertim
1676 1911 1728 1963 in
1754 1913 1964 1965 materia

148 1998 286 2063 fidei3
317 1999 496 2069 judicis
531 2010 760 2052 naturam
798 2019 899 2052 non
924 2000 1027 2071 pati
1053 2001 1379 2062 existimant,
1417 2007 1473 2049 ut
1507 1998 1567 2049 ad
1593 1999 1962 2052 assentiendum

150 2084 510 2136 definitionibus
529 2083 806 2137 Pontificiis
834 2086 1132 2157 obligentur,
1159 2086 1231 2137 ita
1255 2095 1311 2136 ut
1337 2085 1396 2136 ab
1423 2083 1544 2155 ipsis
1571 2084 1835 2138 dissentire
1861 2104 1962 2137 non

149 2171 358 2240 possint.
410 2170 552 2223 Hanc
590 2190 711 2225 vero
751 2171 1083 2225 difficultatem
1119 2172 1314 2243 penitus
1351 2171 1594 2222 sublatam
1630 2189 1747 2223 reor
1786 2190 1854 2223 ex
1879 2171 1960 2236 iis,

150 2275 274 2325 quae
301 2257 511 2309 disserui
535 2258 585 2308 in
611 2258 693 2309 lib.
722 2259 808 2310 De
827 2266 1017 2327 potest.
1047 2261 1194 2311 Eccl.
1223 2276 1329 2328 cap.
1353 2258 1403 2308 ἱ).
1432 2255 1548 2308 n.3.
1577 2275 1690 2327 pag.
1709 2257 1794 2310 28.
1835 2255 1961 2309 Cum

150 2340 381 2394 Christus
417 2345 476 2394 ob
517 2345 904 2398 conservandam
937 2345 987 2396 in
1024 2343 1253 2397 Ecclesia
1290 2342 1400 2395 fidei
1436 2342 1677 2395 unitatem
1712 2341 1867 2394 Petro
1909 2344 1959 2395 in

147 2428 389 2480 mandatis
416 2429 570 2495 dedit,
609 2440 661 2481 ut
696 2430 748 2482 in
784 2430 894 2483 fidei
933 2430 1322 2482 dissensionibus
1359 2448 1389 2480 a
1414 2429 1651 2480 daemone
1678 2429 1960 2481 excitandis

147 2515 487 2579 confirmaret,
526 2516 616 2569 hoc
643 2526 747 2581 est,
781 2517 832 2568 in
859 2535 980 2569 vera
1015 2517 1134 2581 fide,
1174 2534 1263 2568 seu
1294 2515 1346 2566 in
1381 2514 1571 2566 unitate
1607 2515 1822 2584 ejusdem
1850 2516 1959 2567 fidei

146 2601 423 2654 contineret
442 2606 677 2670 fratr-cs,-
713 2604 923 2655 fratrum
959 2604 1180 2672 profecto
1220 2601 1418 2654 nomine
1442 2599 1716 2671 Apostolos
1743 2610 1792 2653 et
1818 2601 1957 2672 Apo-

146 2688 383 2739 stolorum
420 2706 736 2741 successores
761 2687 1037 2760 Episcopos
1075 2689 1349 2748 indicasse,
1388 2696 1438 2739 et
1462 2689 1514 2740 in
1539 2686 1587 2738 id
1613 2689 1956 2756 exequendum

144 2793 213 2826 ex
239 2774 333 2826 fine
360 2783 409 2826 et
434 2774 591 2827 officio
618 2774 859 2845 primatus
886 2774 1229 2827 auctoritatem
1264 2792 1353 2845 per
1379 2791 1433 2826 sc
1459 2773 1807 2838 sufficientem,
1848 2774 1956 2827 siue

260 3006 299 3059 *)
330 3009 383 3048 Ut
414 3009 456 3047 in
486 3012 578 3048 tota
607 3009 802 3049 Ecclesia
831 3020 913 3048 una
953 3009 1008 3048 sit
1041 3009 1216 3049 omnium
1246 3008 1570 3047 Christianorum
1609 3008 1736 3053 fides,
1776 3012 1820 3048 et
1852 3008 1953 3047 haec

143 3068 237 3108 fidei
269 3069 406 3108 unitas
436 3073 704 3108 conservetur
734 3069 785 3108 ab
818 3069 1018 3113 omnibus,
1053 3069 1312 3108 definitiones
1343 3068 1453 3116 fidei,
1489 3080 1587 3118 quas
1619 3069 1669 3106 ob
1703 3079 1951 3107 conservan-

143 3128 235 3166 dam
277 3128 317 3165 in
347 3131 437 3166 tota
467 3127 661 3167 Ecclesia
699 3128 803 3167 hane
845 3127 941 3167 fidei
974 3129 1175 3166 unitatem
1208 3127 1333 3166 edunt
1366 3126 1588 3166 Pontifices
1613 3128 1706 3176 jure
1737 3128 1948 3177 primatus,

143 3199 194 3225 ea
224 3186 266 3224 vi
297 3187 510 3237 praeditae
542 3200 633 3227 esse
665 3187 832 3233 debent,
868 3192 909 3226 et
940 3189 998 3226 ita
1030 3188 1214 3238 obligare
1247 3199 1401 3230 omnes,
1435 3190 1480 3225 ut
1513 3187 1553 3224 in
1584 3189 1672 3226 tota
1703 3187 1951 3226 collectione

142 3246 358 3286 Ecclesiae
379 3247 510 3284 nullus
531 3247 599 3294 sit,
632 3248 698 3297 qui
719 3251 813 3298 post
832 3247 1112 3286 definitionem
1143 3247 1257 3286 licite
1287 3248 1419 3297 possit
1449 3246 1669 3285 dissentire
1699 3258 1724 3284 a
1756 3246 1950 3296 dogmate

143 3304 333 3351 definito,
375 3305 436 3342 uti
478 3309 574 3344 ante
613 3306 891 3346 definitionem
934 3309 1113 3357 poterat.
1173 3305 1220 3344 ld
1253 3309 1336 3351 est,
1373 3304 1481 3356 quod
1513 3305 1594 3344 dici
1627 3305 1733 3345 solet
1766 3306 1950 3356 obligare

141 3376 280 3402 omnes
313 3375 392 3402 non
425 3364 687 3404 distributive
717 3370 888 3410 tantum,
922 3365 994 3403 sed
1028 3366 1260 3405 collective:
1293 3376 1371 3403 nec
1400 3364 1522 3402 aliter
1553 3365 1668 3415 ipsae
1687 3364 1948 3404 definitiones

143 3424 407 3462 conciliorum
438 3425 713 3472 generalium,
758 3437 863 3475 quae
901 3437 1000 3464 sane
1042 3428 1171 3464 totam
1203 3424 1487 3464 collectionem
1518 3424 1803 3475 adstringunt,
1845 3426 1945 3463 obli-

142 3485 242 3530 gant
273 3494 412 3520 omnes
444 3483 668 3524 collective.
730 3483 848 3524 Hanc
880 3484 1139 3524 Pontificiam
1170 3483 1462 3523 auctoritatem
1495 3483 1535 3523 in
1569 3496 1706 3522 omnes
1737 3485 1947 3525 collective

144 3553 192 3580 ex
224 3542 435 3593 proposito
467 3543 662 3582 constitui
692 3545 733 3584 in
765 3555 890 3595 opere
924 3544 973 3584 de
1002 3546 1152 3596 potest.
1192 3541 1347 3584 Eccles.
1379 3555 1470 3594 cap.
1501 3542 1544 3582 4.
1578 3540 1613 3594 §.
1646 3543 1688 3582 3.
