2320 3990
679 243 1286 301 .......91..-..

82 421 330 490 stringatg
356 417 406 469 id
429 424 596 468 tamen
620 413 833 467 officium
860 430 984 482 erga
1009 427 1185 464 omnes
1209 425 1349 475 ove&
1372 418 1426 462 et
1437 405 1723 474 Praelatos,
1750 409 1898 462 immo

81 516 132 560 et
155 501 620 576 Apostolosipsoffi
658 499 785 553 sicut
822 517 923 551 non
950 496 1185 552 convenit
1217 494 1317 549 nisi
1339 493 1440 559 illi,
1478 494 1562 564 qui
1598 494 1827 548 omnibus
1851 506 1901 548 et

81 592 283 656 ovibus,
323 599 373 643 et
398 586 682 650 PraelatiS‚
721 595 774 638 et
799 583 1061 655 Apostolis
1096 583 1380 653 praefectus
1413 580 1510 646 sit3
1557 581 1631 634 ita
1665 597 1768 634 non
1803 581 1901 635 nisi

85 678 242 731 Petro
288 667 634 738 conveniebat
685 672 768 742 qui
806 672 919 741 jure
963 667 1207 739 primatus
1251 665 1477 719 omnibus
1519 676 1782 736 praeerat3
1843 686 1901 722 ae

82 764 286 835 proinde
325 763 386 814 ad
422 762 550 813 bunc
584 773 731 811 unum
743 755 991 811 Christus
1038 753 1276 830 ejusmodi
1312 769 1593 805 sermonem
1631 755 1899 808 convertit.

81 849 210 902 Hinc
246 848 396 901 etiam
422 864 530 899 cum
556 845 634 898 hie
659 845 796 896 locus
829 838 1155 912 praelationis
1181 839 1390 891 officimn
1418 837 1576 892 Petro
1610 839 1901 892 committat.

83 945 134 987 et
158 932 481 1006 praelationis
508 929 740 1001 quidem
725 945 777 980 m
801 943 976 980 omnes
1003 923 1196 980 Christi
1235 924 1500 995 discipulos
1527 935 1578 977 et
1602 925 1653 976 in
1679 925 1903 996 Aposto-

86 1022 177 1084 loS‚
204 1020 331 1088 quod
361 1019 600 1089 primatus
626 1023 704 1067 est
727 1012 1009 1085 proprium3
1042 1013 1147 1083 jam
1174 1011 1302 1063 hune
1333 1019 1531 1063 textum
1556 1010 1617 1061 ad
1640 1010 1901 1081 primatum

84 1105 395 1158 statuendum
426 1101 679 1174 pertinere
727 1098 940 1151 dubitari
976 1115 1078 1151 non
1111 1106 1308 1168 potest:
1348 1113 1407 1149 ac
1444 1104 1710 1167 propterea
1750 1097 1901 1150 hocce

82 1189 439 1259 Evangelicum
486 1185 827 1240 testimonium
866 1184 927 1237 ad
961 1182 1203 1255 primatus
1248 1184 1363 1254 jura
1415 1182 1680 1235 statuenda
1715 1180 1902 1235 Patres

83 1295 237 1346 aeque
263 1285 313 1328 et
339 1274 482 1327 simul
509 1272 658 1325 etiam
696 1271 910 1324 afferunt
945 1280 996 1323 et
1021 1270 1298 1335 inculcant,
1348 1287 1406 1322 ac
1433 1268 1550 1320 illud
1589 1269 1900 1322 antecedenti

84 1362 395 1433 paragrapho
439 1368 763 1411 memoratum
804 1358 862 1410 de
900 1366 1069 1428 petra,
1109 1374 1257 1427 supra
1297 1373 1441 1424 quam
1469 1353 1695 1407 Ecclesia
1738 1355 1905 1408 acdifi-

85 1457 194 1499 cata
221 1456 314 1499 est.

227 1533 314 1584 55.
367 1531 624 1583 Unitatem
658 1548 780 1583 vero
818 1528 928 1580 fidei
957 1538 1200 1598 quatenus
1227 1527 1303 1579 bie
1330 1546 1522 1597 quoque
1548 1537 1720 1579 textus
1748 1529 1905 1599 respi-

86 1620 215 1681 ciat,
254 1619 359 1687 ejus
395 1616 668 1687 explicatio
707 1608 953 1667 ostendet.
1024 1613 1196 1666 Primo
1238 1611 1470 1665 Christus
1521 1632 1629 1666 cum
1679 1616 1904 1669 omnibus

84 1705 289 1771 loquens
305 1741 318 1765 ⁷
346 1701 563 1752 omnium
589 1700 858 1770 periculum
885 1717 943 1751 ae
969 1699 1295 1750 tentationem
1322 1699 1581 1768 exposuit,
1617 1700 1687 1750 uti
1714 1702 1906 1752 monui-

83 1806 207 1839 mus,
235 1787 344 1840 Hoc
372 1795 537 1839 autem
562 1786 831 1857 periculum
847 1823 862 1848 ⁷
901 1802 959 1836 ac
984 1783 1315 1836 tentationem
1351 1784 1567 1836 omnium
1593 1786 1747 1838 fuisse
1774 1787 1906 1841 circa

83 1874 222 1926 {idem
251 1891 318 1926 ex
346 1891 405 1926 eo
432 1871 681 1941 colligitur
697 1911 710 1936 ,
738 1871 864 1941 quod
891 1870 942 1922 iu
969 1871 1072 1940 ejus
1097 1869 1391 1922 tentationis
1418 1870 1718 1942 periculique
1746 1892 1906 1926 reme-

83 1959 211 2010 dium
238 1976 292 2011 se
318 1977 408 2029 pro
434 1959 526 2010 fide
553 1957 695 2011 Petri
721 1975 931 2028 rogasse
959 1953 1190 2009 Christus
1215 1965 1460 2008 testatur:
1499 1968 1701 2028 praeter
1726 1979 1906 2032 propo-

85 2045 232 2096 situm
258 2044 389 2096 enim
415 2043 591 2095 fuisset
617 2062 802 2114 rogare
825 2061 916 2113 pro
942 2043 1033 2094 fide
1050 2081 1064 2106 ‚
1104 2042 1201 2094 nisi
1227 2043 1285 2094 de
1311 2043 1421 2095 fidei
1447 2044 1683 2114 periculis
1711 2065 1768 2099 ae
1794 2055 1905 2099 ten-

85 2130 355 2182 tationibus
383 2138 636 2198 ageretur.
700 2128 833 2181 Hinc
868 2127 1018 2179 etiam
1059 2129 1186 2196 quod
1213 2126 1369 2180 Petro
1408 2130 1736 2200 praecipitur,
1776 2133 1904 2183 utin

86 2217 222 2268 bisce
258 2214 619 2268 tentationibus
667 2224 814 2283 atque
850 2212 1082 2283 periculis
1122 2231 1152 2265 a
1189 2213 1428 2266 daemone
1478 2215 1673 2285 injectis
1723 2218 1905 2270 fratres

86 2302 371 2366 confirmet3
422 2300 470 2352 id
505 2300 652 2352 officii
692 2300 752 2352 ad
786 2299 927 2351 fidem
966 2299 1085 2351 item
1120 2298 1300 2351 referri
1337 2299 1613 2365 indicatur,
1653 2301 1905 2373 Petroque

86 2397 399 2458 praecepttun
438 2387 592 2440 fuisse
629 2385 949 2456 intelligitur,
986 2394 1040 2436 ut
1074 2386 1289 2451 fratrffl,
1340 2386 1380 2438 si
1410 2406 1537 2455 quae
1575 2390 1785 2442 tentatio
1822 2401 1902 2442 aut

84 2473 330 2526 dissensio
395 2472 531 2525 circa
565 2473 706 2524 fidem
744 2471 962 2542 irrepat,
1002 2472 1260 2524 confirmet
1295 2472 1347 2524 in
1385 2473 1507 2538 fide,
1556 2492 1619 2527 ne
1670 2475 1905 2527 aliorsum

85 2560 454 2625 distrahantur3
484 2559 612 2628 quod
639 2558 748 2610 fidei
774 2557 1015 2611 unitatem
1039 2558 1092 2610 in
1117 2558 1357 2611 fratribus
1385 2578 1443 2612 ae
1470 2560 1520 2612 in
1543 2570 1651 2613 tota
1675 2559 1905 2615 Ecclesia

88 2645 315 2696 tuendam
330 2643 485 2697 Petro
499 2653 553 2695 ut
568 2643 765 2714 primati
791 2644 1126 2697 concreditam
1151 2656 1300 2715 atque
1325 2647 1640 2700 commissam
1667 2649 1904 2702 declarat.

88 2728 144 2780 Si
170 2747 292 2780 vero
332 2730 497 2781 unitas
533 2729 644 2781 fidei
670 2747 701 2781 a
735 2727 894 2782 Petro
930 2730 1228 2784 vindicanda
1265 2743 1315 2785 et
1353 2734 1669 2786 cust-odienda
1710 2736 1906 2788 ratione

88 2813 331 2884 primatus
357 2831 455 2866 non
484 2814 592 2865 sine
630 2813 855 2866 coactive
884 2817 999 2884 jure
1025 2817 1291 2868 commissa
1331 2817 1424 2869 dici
1450 2819 1595 2870 debet
1620 2837 1688 2870 ex
1715 2838 1824 2891 cap.
1852 2821 1903 2874 9.

88 2899 403 2971 proculdubio
446 2900 524 2952 vis
559 2899 769 2969 cogendi
809 2900 869 2952 ad
906 2899 1033 2954 banc
1077 2901 1188 2954 fidei
1222 2901 1463 2954 unitatem
1513 2901 1670 2956 Petro
1719 2906 1905 2958 tributa

90 2985 293 3038 dicenda
320 2995 427 3038 est:
457 2986 577 3038 adeo
604 2995 674 3050 ut,
703 2986 896 3055 quando
923 2985 1030 3056 ipse
1056 2986 1166 3040 huic
1193 2988 1352 3041 officio
1381 2989 1727 3044 satisfacturus
1754 2991 1804 3044 iu
1830 2993 1907 3045 in-

90 3073 406 3141 surgentibus
441 3072 833 3126 dissensionibus
871 3072 1006 3126 circa
1040 3074 1208 3138 fidem,
1247 3092 1488 3144 quaenam
1525 3076 1590 3128 sit
1626 3095 1750 3131 vera
1787 3079 1906 3132 fides

90 3158 319 3222 edocens,
343 3160 527 3211 fratres
553 3155 848 3213 confirmare
874 3160 1069 3213 studeat
1093 3160 1143 3212 in
1171 3161 1292 3226 fide3
1320 3161 1415 3231 ipsi
1441 3161 1490 3212 in
1519 3164 1738 3218 eamdem
1763 3165 1904 3218 fidem

90 3253 138 3295 et
164 3243 403 3297 unitatem
442 3245 553 3298 fidei
601 3247 771 3299 codem
800 3245 990 3299 Christi
1040 3257 1304 3318 praecepto
1346 3247 1627 3318 adigantur.
1689 3248 1904 3304 Frustra

91 3328 220 3381 enim
257 3341 571 3401 praeceptum
610 3333 784 3386 fuisset
818 3332 1004 3398 Petro⁷
1042 3344 1095 3386 ut
1130 3352 1198 3386 ex
1237 3334 1396 3387 officio
1435 3337 1675 3407 primatus
1722 3338 1904 3391 fratres

92 3416 406 3469 confirmaret.
432 3416 483 3468 in
510 3418 630 3470 fide.
668 3419 763 3472 uisi
789 3420 884 3491 ipsi
914 3422 973 3474 ad
1001 3421 1128 3474 banc
1154 3420 1392 3474 unitatem
1420 3422 1529 3477 fidei
1568 3425 1737 3478 eodem
1765 3443 1904 3496 prae-

94 3510 234 3569 cepto
260 3502 614 3572 obligarentur.
