2314 3984
911 177 1567 246 ÷÷3OE——

318 368 514 433 aperte
531 357 841 413 inveniatur
848 342 1678 447 ςιιηεγνώων’·ινὸν·ῆιιιιινιινιιννειίι
1691 356 1919 428 ,A9it·
1930 365 2166 427 atraque

310 452 497 517 forma
517 457 658 498 'eum
689 429 933 497 altem&
946 432 1368 507 communiente*-
1361 445 1635 499 metimus
1645 456 1910 519 ‘peraeque
1935 444 2166 517 scripsit:

319 536 570 603 Uoc-aque
593 525 834 587 mitum
830 525 962 585 *etim
1001 524 1232 586 alterius
1261 522 1647 586 communibit&
1656 541 1930 603 operatur.
1964 531 2042 587 Si
2068 552 2126 606 pl
2128 553 2170 585 1-

318 639 442 675 mus
454 620 517 673 ad
541 616 1277 692 disunctlonemoperationum
1295 619 1497 685 addidit,
1539 608 1766 673 Verbum·
1783 639 2011 704 operare
2001 625 2172 692 quod

336 711 494 764 Verbi
519 717 613 771 esc,
639 727 860 762 earnem
888 703 1088 780 ext-equi
1106 711 1254 780 quod
1272 712 1454 762 carnis
1482 715 1590 772 θείς
1598 707 1873 762 Honorius
1899 728 1977 764 ex
1997 710 2171 763 catho-

322 799 418 853 lieo
439 795 683 870 dogmate
710 796 1054 850 confitendum
1070 796 1306 863 tradidit,
1334 797 1593 850 Divinam
1616 798 1888 859 natum-am,¹
1912 810 2048 867 quae
2062 798 2174 850 Dei

321 879 486 949 sarth
514 887 781 956 operari,
809 893 863 938 et
888 887 1218 948 humanam,
1263 906 1400 956 quae
1438 888 1620 938 earnis
1659 893 1811 947 sunt,
1856 890 2077 955 exequi,
2123 893 2173 937 et

322 986 588 1047 utramque
613 983 849 1028 naturam
866 962 1108 1044 propria
1134 974 1353 1047 operari.
1409 971 1541 1042 Quid
1563 1014 1576 1039 ,
1615 963 1774 1044 roge,
1803 983 1881 1027 est
1907 972 2073 1026 dicere
2100 975 2175 1025 cli-

319 1070 498 1119 vinam
522 1071 774 1117 naturam
801 1066 1028 1132 opera-ri
1053 1082 1190 1133 quae
1216 1065 1328 1115 Dei
1352 1070 1499 1124 sunt,
1526 1061 1626 1114 nisi
1652 1061 1803 1114 fateri
1829 1052 2174 1134 operationem

324 1153 577 1208 divinam?
617 1147 750 1218 Quid
777 1160 857 1204 est
882 1150 1214 1222 pronunti-ire
1241 1159 1474 1203 naturam
1501 1152 1788 1204 humanam
1816 1153 2014 1220 exequi
2040 1168 2175 1219 qaae.

323 1245 505 1295 carnis
533 1247 669 1300 sunt,
695 1237 797 1290 nisi
823 1237 1086 1290 humanam
1113 1238 1458 1310 operationem
1484 1237 1749 1318 profiteri?
1778 1234 1910 1305 Quid
1937 1247 2015 1290 est
2042 1237 2178 1290 affir-

323 1348 371 1380 m
376 1344 465 1380 ¹ire
491 1329 629 1379 duas
650 1333 876 1377 naturas
896 1326 1192 1378 divinitatis
1205 1332 1254 1377 et
1280 1330 1464 1378 earnis
1474 1325 1736 1378 inconfuse
1750 1335 1806 1379 et
1820 1324 2036 1378 indivise
2057 1343 2178 1393 ope-

323 1423 506 1469 rantes
524 1417 782 1484 propria,
808 1411 907 1464 nisi
933 1412 1255 1484 opelationes
1281 1412 1667 1483 uniuscujusque
1693 1423 1909 1466 naturae
1930 1410 2179 1484 ploprias,

327 1523 385 1556 ιο
412 1501 621 1575 proinde
648 1501 786 1553 duas
810 1500 1136 1572 operationes
1175 1502 1492 1570 agnoscere?
1546 1500 1919 1554 Testimonium
1945 1498 2181 1553 Leonino

325 1602 430 1644 tam
457 1589 636 1654 simile,
665 1599 715 1642 et
742 1589 1061 1659 aliquatenus
1082 1587 1419 1653 manifestiuS,
1448 1607 1616 1642 nonne
1645 1588 1940 1642 catholicam
1967 1586 2182 1640 Honorii

329 1676 638 1732 sententiam
683 1677 736 1729 in
770 1687 878 1729 tuto
918 1677 1090 1749 ponit:
1132 1677 1263 1728 unde
1291 1675 1398 1748 ipse
1425 1676 1709 1730 Bossuetus
1739 1675 1885 1749 (Lib.
1917 1676 1966 1730 7.
1997 1675 2061 1727 al.
2095 1674 2180 1727 12.

330 1766 542 1820 Defens.
579 1784 622 1818 e.
666 1764 786 1836 22.)
825 1765 976 1817 fateri
1012 1765 1297 1837 compulsus
1338 1774 1442 1829 est,
1481 1784 1541 1818 ea
1579 1765 1796 1818 Honorii
1821 1765 1979 1818 verba
2005 1763 2184 1815 ortho-

331 1859 484 1908 doxa
512 1873 625 1907 esse
646 1851 968 1904 MAXJME
990 1856 1198 1906 videri?
1219 1848 1366 1919 Quod
1394 1852 1438 1904 si
1464 1852 1517 1905 in
1542 1854 1705 1926 prima
1732 1853 1945 1925 epistola
1973 1852 2033 1903 ad
2060 1849 2183 1903 Ser-

333 1944 470 2015 gium
507 1961 670 1995 unam
705 1944 1031 1994 voluntatem
1056 1950 1332 2006 memorat,
1374 1959 1438 1993 ne
1467 1960 1576 1994 eum
1603 1942 1810 1994 duarum
1835 1938 2186 2013 operationum

332 2029 658 2084 distinetione
683 2028 736 2081 in
765 2027 874 2080 aliis
903 2027 964 2080 ad
990 2028 1215 2081 eumdem
1253 2028 1437 2081 litteris
1466 2039 1568 2081 tam
1609 2029 1744 2082 clare
1784 2045 2065 2100 expressa,
2106 2044 2187 2079 se-

334 2138 542 2189 cumque
578 2135 806 2190 pugnare
845 2116 1106 2182 credatur,
1149 2135 1250 2169 non
1286 2115 1567 2170 divinitatis
1607 2125 1657 2170 et
1684 2115 2008 2168 humanitatis
2035 2132 2186 2166 unam

332 2209 640 2263 voluntatem
670 2203 958 2275 intelligere
994 2204 1183 2277 potuit3
1223 2204 1309 2257 sed
1345 2223 1498 2256 unam
1524 2214 1722 2257 tantum
1749 2203 2073 2257 humanitatis
2098 2221 2190 2256 vo-

335 2299 582 2350 luntatem
607 2291 897 2358 intellexit,
937 2303 992 2344 ut
1026 2293 1148 2345 duas
1186 2291 1429 2344 humanas
1468 2293 1758 2347 voluntates
1796 2293 2012 2348 invicem
2039 2309 2189 2390 lepu-

336 2394 555 2456 gnantes
591 2381 833 2434 excludel
837 2391 916 2446 et
957 2399 1082 2451 quas
1118 2381 1389 2433 nonnullos
1440 2381 1705 2434 admittele
1743 2379 1956 2454 Sergius
1997 2380 2102 2433 suis
2138 2378 2192 2430 in

338 2472 521 2525 litteris
548 2469 942 2540 significaverat.
995 2467 1050 2519 Id
1076 2469 1203 2520 satis
1230 2485 1352 2538 apel
1354 2477 1404 2520 te
1427 2468 1681 2538 colligitur
1720 2487 1789 2521 ex
1814 2469 1923 2540 ipso
1951 2468 2148 2540 epistol
2137 2485 2191 2518 ι-

339 2579 450 2611 rum
476 2566 750 2621 contextu,
795 2555 848 2607 in
876 2555 1051 2626 quibus
1078 2556 1238 2608 solam
1264 2556 1574 2609 voluntatem
1602 2555 1770 2609 carnis
1798 2555 1994 2628 spiritui
2034 2573 2091 2608 ae
2119 2555 2190 2606 di-

339 2647 489 2702 vinae
515 2653 905 2717 repugnantem,
935 2651 986 2695 et
1011 2660 1082 2695 ex
1106 2642 1294 2696 Adami
1317 2643 1442 2696 vitio
1479 2644 1531 2695 in
1560 2661 1652 2696 nos
1687 2645 1996 2708 traductam,
2035 2642 2191 2695 fuisse

341 2745 497 2807 negat
521 2734 574 2786 in
602 2730 837 2792 Christo,
876 2730 968 2783 hac
1005 2729 1204 2784 ratione
1241 2730 1377 2784 inter
1415 2741 1613 2785 ceteras
1640 2733 1887 2803 subjecta,
1916 2735 2044 2801 quia
2065 2750 2192 2800 pro-

337 2829 485 2895 fecto
514 2843 547 2875 a
575 2823 852 2874 divinitate
878 2826 1153 2888 assumpta
1182 2827 1262 2871 est
1283 2827 1474 2872 nostra
1498 2827 1724 2882 natura,
1749 2839 1858 2872 non
1885 2821 2064 2888 culpa,
2090 2821 2193 2872 illa

335 2916 593 2982 profecto
621 2927 761 2979 quae
788 2914 911 2960 ante
929 2914 1218 2975 peccatam
1243 2915 1431 2960 ereata
1459 2916 1561 2970 est,
1586 2929 1695 2961 non
1723 2928 1861 2978 quae
1882 2915 2016 2976 post
2028 2925 2191 2975 prae-

343 3002 730 3053 varicationem
755 2993 967 3047 vitiata.-
996 3004 1047 3047 et
1073 2995 1301 3048 recitatis
1330 2995 1517 3065 aliquot
1543 2994 1840 3067 Scripturae
1866 2993 2190 3058 testimoniiS,

345 3106 470 3159 quae
497 3085 665 3140 carnis
704 3084 1016 3138 voluntatem
1051 3082 1280 3136 vitiatam
1319 3092 1468 3152 atque
1510 3080 2089 3155 rationirepugnantem
2115 3082 2193 3133 in-

345 3185 532 3241 nuunt,
561 3174 690 3226 hane
715 3181 910 3225 tantum
939 3189 995 3224 se
1030 3171 1084 3223 in
1120 3166 1327 3223 Christo
1366 3187 1558 3241 negare
1603 3171 1875 3224 ostendens
1915 3170 2191 3223 concludit:

349 3265 475 3316 Non
502 3270 583 3316 est
604 3265 786 3332 itaque
814 3268 1086 3330 assumpta
1105 3301 1121 3322 ‚
1161 3262 1303 3311 sicut
1316 3254 1571 3327 praefati
1595 3279 1800 3320 sumus,
1841 3279 1875 3312 a
1907 3260 2194 3311 Salvator-e

348 3355 536 3404 vitiata
559 3357 786 3410 natura,
814 3354 950 3418 q'uae
977 3354 1244 3418 repuyn‘et
1266 3349 1589 3417 leyimentis
1617 3357 1714 3400 etc.
1767 3345 1974 3400 Ita-non
1999 3346 2194 3400 violen-

349 3450 430 3492 ter
446 3479 460 3504 ,
489 3438 576 3492 sed
601 3436 802 3509 proprie
826 3436 985 3489 locum
1003 3475 1017 3500 ,
1043 3431 1129 3506 'qui
1152 3430 1302 3487 unani
1329 3435 1638 3487 voluntatem
1664 3431 1938 3500 memorat,
1959 3433 2192 3506 'expliea-

354 3537 473 3581 runt
496 3524 722 3581 Joannes
748 3522 842 3578 lv.
868 3519 922 3576 i'n
949 3523 1201 3596 Apologia
1222 3523 1290 3576 vad
1310 3521 1669 3595 Imperatorem
1697 3516 2087 3576 Constantinum
2103 3561 2118 3588 ,
2146 3531 2196 3574 et
