2320 3990
964 229 1315 288 *12
1408 262 1580 270 ..—-

349 400 510 473 primo
531 399 767 454 Romano
787 397 1025 452 Pontifici
1045 395 1103 452 S.
1126 397 1288 453 Petro
1315 408 1569 470 tamquam
1595 401 1798 475 primati
1826 403 2203 474 competebant,

348 489 584 562 propriae
609 488 779 558 utique
814 485 962 540 unius
989 485 1138 541 Petri
1161 489 1331 553 fuere,
1377 505 1540 558 neque
1572 489 1627 543 in
1658 489 1758 543 illis
1795 490 1876 545 vel
1903 487 1960 543 S.
1992 487 2204 553 PauluS,

346 579 430 633 vel
457 577 539 630 alii
564 575 803 648 Apostoli
821 576 1026 629 fuerunt
1044 573 1204 629 Petro
1234 575 1470 646 aequales
1489 562 1762 647 potestate
1788 587 1841 634 et
1859 582 2202 632 auctoritate.

347 666 422 718 At
449 664 682 736 quidquid
707 665 767 718 de
795 663 1038 736 ejusmodi
1065 664 1434 718 sententiarum
1462 664 1818 722 conciliatione
1845 667 1937 732 sit,
1965 667 2072 739 ipse
2101 665 2181 719 Du

348 754 494 826 pinus
520 752 720 809 viderit.
774 751 905 806 Mihi
930 771 1063 807 nunc
1091 752 1217 806 satis
1257 762 1336 806 est
1362 753 1676 819 ostendisse,
1710 753 1794 808 vel
1818 753 1949 808 hunc
1976 751 2205 827 Scripto—

348 862 484 908 rem,
522 842 607 913 qni
633 841 882 895 secundae
909 840 1273 914 proprositioni
1301 841 1545 896 adversus
1582 842 1744 897 videri
1783 851 2012 915 poterat,
2050 862 2206 916 gene-

348 930 497 983 ratim
523 930 736 1002 idipsum
761 930 1046 984 tradidisse.

495 1019 547 1073 6.
588 1018 686 1072 Hic
722 1037 824 1072 non
859 1019 1093 1092 expendo
1131 1020 1403 1094 cujusmodi
1451 1021 1554 1074 sint
1599 1039 1690 1075 eae
1728 1021 2119 1094 praerogativae
2158 1032 2209 1075 et

348 1109 610 1162 facultates
637 1107 881 1180 primatus
907 1108 1215 1180 peculiareS,
1243 1109 1302 1162 (le
1331 1108 1509 1180 quibus
1536 1107 1797 1182 Dupinus;
1826 1110 1874 1162 id
1901 1109 2034 1163 enim
2060 1129 2207 1181 prae-

349 1196 482 1250 senti
510 1207 808 1268 argumento
836 1197 1182 1251 necessarium
1211 1217 1313 1250 non
1345 1207 1439 1251 est.
1493 1195 1615 1249 Illud
1655 1207 1822 1251 autem
1859 1198 2094 1251 omittere
2130 1197 2207 1250 in-

347 1284 498 1338 terim
518 1303 733 1355 nequeo,
762 1286 1038 1339 monendos
1061 1304 1175 1339 esse
1203 1295 1455 1351 auctores,
1484 1285 1527 1338 si
1556 1286 1640 1355 qui
1665 1287 1903 1340 fortassis
1933 1296 2081 1340 erunt
2099 1285 2206 1340 Du-

347 1373 464 1446 pino
493 1372 702 1437 similes,
730 1372 935 1426 videant
962 1373 1114 1426 etiam
1143 1383 1293 1442 atque
1321 1373 1474 1425 etiam
1501 1373 1798 1444 diligenter,
1826 1393 1890 1427 ne
1918 1394 2014 1444 quo
2042 1375 2208 1446 dispu-

346 1460 555 1514 tationis
584 1470 634 1514 et
662 1459 1000 1514 contentionis
1030 1469 1174 1514 aestu
1203 1459 1416 1531 abrepti,
1444 1459 1588 1514 ili-ea
1613 1462 1772 1515 verba
1800 1463 1992 1515 calamo
2022 1481 2208 1516 excur-

347 1559 489 1615 rant,
519 1568 647 1620 quae
673 1550 755 1603 vel
782 1549 906 1602 nihil
941 1548 1243 1621 praecipuae
1274 1548 1647 1620 jurisdictionis
1674 1548 1834 1603 Petro
1863 1561 1913 1604 et
1943 1569 2208 1604 successo-

348 1639 486 1691 ribus
527 1639 632 1709 ejus
673 1638 979 1702 attribuant,
1019 1638 1102 1691 vel
1136 1637 1406 1689 facultates
1450 1637 1715 1688 adstruant
1758 1638 1901 1691 valde
1939 1649 2119 1692 tenues
2159 1650 2209 1692 et

348 1737 618 1798 angustaS,
649 1726 819 1797 sicque
847 1725 1075 1779 recidant
1100 1723 1155 1776 in
1181 1723 1477 1795 primatum,
1517 1723 1600 1794 qui
1626 1725 1707 1778 vel
1735 1725 1903 1797 reipsa
1930 1726 1997 1779 sit
2023 1727 2208 1799 prima-

346 1827 427 1869 tus
454 1815 582 1869 meri
609 1815 801 1868 ordinis
818 1855 831 1880 ,
859 1814 939 1869 vel
967 1833 996 1866 a
1021 1812 1239 1885 primatu
1265 1810 1393 1864 meri
1420 1811 1612 1865 ordinis
1639 1813 1887 1866 modicum
1915 1814 2139 1879 differat,
2180 1835 2209 1868 a

348 1923 443 1976 quo
486 1904 682 1975 quidem
720 1901 803 1975 (ut
841 1899 1135 1954 Gallicanus
1170 1897 1352 1955 Clerus
1391 1901 1588 1955 notavit
1626 1900 1679 1954 in
1718 1902 1934 1955 laudatis
1974 1900 2209 1957 Comitiis

347 1993 671 2064 generalibus
701 1992 820 2045 anni
850 1988 1039 2062 1728.)
1068 1988 1165 2062 ipsi
1193 1988 1386 2061 pariter
1414 1989 1723 2042 schismatici
1751 2000 1801 2043 et
1838 1992 2080 2045 haeretici
2107 1993 2208 2066 pri-

348 2091 534 2134 matum
577 2080 944 2152 jurisdictionis
997 2078 1326 2132 excludentes
1378 2077 1501 2130 nihil
1555 2078 1918 2145 abhorrerent,
1971 2100 2031 2134 eo
2080 2082 2207 2151 quod

347 2188 489 2222 suum
526 2169 578 2220 in
616 2187 675 2222 eo
714 2169 933 2241 primatu
960 2166 1276 2220 concedendo
1322 2183 1533 2237 pravum
1568 2175 1618 2218 et
1647 2184 1676 2217 a
1704 2167 1950 2220 catholica
1975 2166 2207 2222 Ecclesia

348 2258 564 2312 alienum
592 2275 796 2310 sensum
835 2256 1079 2308 intactum
1118 2254 1483 2324 relinquerent.
1536 2252 1589 2305 Id
1617 2254 1750 2307 enim
1776 2253 1966 2327 Dupini
2004 2266 2209 2310 senten-

345 2347 447 2401 tiae
476 2345 719 2399 accidisse
746 2344 919 2397 dolens
948 2342 1186 2414 comperi.
1224 2340 1305 2395 De
1331 2341 1490 2414 ipsius
1519 2341 1653 2394 enim
1680 2361 1833 2413 opere
1853 2341 2048 2396 Gallice
2075 2345 2208 2397 edito

347 2454 429 2488 an.
461 2435 620 2490 1707.
652 2452 762 2486 cum
787 2432 952 2496 titulo,
980 2433 1068 2484 De
1098 2433 1153 2484 la
1172 2434 1464 2499 puissaizce
1481 2430 1907 2501 Ecclesiastique
1936 2440 1988 2484 et
2012 2439 2207 2502 tempo-

346 2524 510 2583 relle,
549 2521 633 2573 ubi
659 2519 981 2573 Pontificiam
1010 2519 1365 2572 auctoritatem
1393 2518 1548 2570 arctis
1585 2518 1823 2572 limitibus
1851 2519 2083 2572 similiter
2110 2521 2208 2574 cir-

348 2608 663 2675 cumscribit,
703 2627 797 2662 nec
836 2627 939 2661 non
978 2608 1037 2661 (le
1074 2607 1293 2679 ejusdem
1321 2605 1489 2679 operis
1517 2606 1733 2678 epitome
1769 2609 1830 2660 ab
1869 2607 1978 2679 ipso
2006 2606 2207 2680 Dupino

348 2699 545 2752 inserta
587 2697 641 2750 in
676 2696 1047 2750 Bibliothecam
1079 2694 1498 2750 Ecclesiasticam
1533 2705 1655 2748 tom.
1689 2696 1774 2750 19.
1822 2697 1980 2750 verba
2015 2696 2208 2750 faciens

347 2786 576 2842 Joannes
605 2784 844 2838 Trickius
885 2785 1230 2838 heterodoxus
1268 2784 1322 2837 in
1361 2784 1582 2856 ejusdem
1609 2783 1716 2838 vita
1742 2782 1934 2837 Latine
1961 2784 2208 2856 impressa

348 2874 557 2947 Lipsiae
593 2874 686 2927 hoc
723 2872 888 2944 elogio
922 2891 1043 2925 usus
1071 2882 1173 2926 est:
1221 2875 1392 2934 Quam
1413 2873 1588 2942 probe
1616 2874 1783 2925 semel
1804 2876 2101 2943 iterumque
2127 2878 2209 2925 vir

347 2967 535 3017 doctus
576 2965 866 3031 principiis
915 2961 1371 3021 Protestantium‚
1417 2962 1520 3012 hoe
1566 2968 1646 3012 cst
1686 2963 1927 3020 veritati,
1973 2963 2214 3012 accedit!

348 3050 459 3104 Hoc
486 3050 814 3123 epiphonema
847 3050 1055 3102 multum
1081 3047 1285 3121 pudoris
1321 3066 1379 3100 ac
1416 3055 1580 3100 metus
1613 3046 1842 3099 incutere
1869 3046 2074 3100 deberet
2100 3047 2208 3118 qui-

349 3140 556 3192 busdam
581 3137 773 3212 Dupini
801 3136 1040 3202 assecliS,
1080 3135 1164 3208 qui
1190 3154 1294 3189 non
1319 3137 1561 3207 majorem
1586 3133 1640 3187 in
1666 3132 1915 3187 Romanis
1942 3132 2208 3189 Pontifici—

348 3228 440 3279 bus
466 3227 708 3299 primatus
738 3226 1094 3280 auctoritatem
1123 3224 1406 3278 admittunt.
1444 3222 1577 3276 Hinc
1602 3242 1755 3295 porro
1785 3242 1814 3275 a
1842 3222 2103 3275 catholicis
2128 3222 2206 3275 in-

353 3314 499 3368 terim
527 3314 858 3385 colligendum
885 3325 981 3381 est,
1009 3315 1170 3387 majus
1199 3312 1399 3384 aliquod
1417 3314 1502 3384 jus
1530 3310 1689 3365 eidem
1717 3309 1952 3383 primatui
1982 3327 2096 3363 esse
2125 3328 2207 3362 as-

350 3401 616 3456 serendum
644 3402 824 3467 abiis,
866 3403 947 3473 qui
987 3423 1097 3458 cum
1132 3399 1403 3456 haereticis
1441 3400 1521 3455 vel
1560 3397 1895 3454 schismaticis
1933 3396 2207 3453 convenire

352 3490 530 3545 nolint.
