2320 3990
705 295 875 305 ----
968 258 1091 319 125
1183 289 1354 302 -—---

124 440 264 485 sores
290 433 396 503 ejus
422 450 450 484 e
476 429 708 483 Romana
736 429 879 482 Petri
906 429 1139 482 cathedra
1165 428 1372 494 docent3
1399 424 1526 495 quod
1552 421 1739 495 exponi
1777 432 1943 494 potest

127 518 293 572 verbis
338 517 545 570 illustris
592 514 845 568 Gallicani
892 514 1139 584 Theologi
1185 511 1432 567 Ludovici
1466 509 1658 563 Habert
1702 506 1940 580 (Prolog.

126 602 402 674 Teologiae
429 621 531 674 cap.
558 603 608 656 8.
639 602 684 669 ἕ.
713 601 824 672 S.):
872 599 1063 653 Omnes
1083 606 1333 667 pastores
1353 601 1516 668 fidem
1544 597 1820 648 Romanae
1847 597 1944 647 Ec-

126 693 318 742 clesiae
355 692 558 742 docent.
623 686 742 740 Non
782 705 903 757 ergo
930 685 989 736 de
1014 681 1350 734 materialibus
1388 681 1635 734 cathedris
1673 681 1751 733 hic
1778 698 1942 734 sermo

126 785 229 840 est,
269 793 395 845 quae
421 775 473 826 in
512 773 720 844 singulis
747 769 1123 844 Episcopalibus
1160 765 1402 821 Ecclesiis
1441 766 1667 821 diversae
1701 775 1752 819 et
1777 763 1944 837 plures

126 871 272 928 sunt,
302 862 386 914 sed
413 862 471 913 dc
498 860 723 913 doctrina
754 857 864 910 fidei
889 874 917 909 e
943 853 1188 908 cathedris
1225 853 1531 923 singulorum
1569 851 1781 918 tradita,
1819 870 1944 922 quac

127 966 234 998 cum
260 966 357 999 una
385 957 433 999 ct
461 946 629 999 eadem
656 961 768 997 esse
792 942 843 994 in
869 940 1095 995 omnibus
1121 940 1314 1005 debeat,
1340 958 1488 992 unam
1516 938 1800 992 cathedram
1827 955 1944 991 con-

126 1032 287 1084 stituit
326 1051 392 1085 cx
428 1030 676 1103 pluribus3
722 1045 927 1096 cumque
973 1045 1074 1079 una
1130 1027 1402 1096 eademque
1450 1043 1563 1078 esse
1609 1026 1786 1078 debeat
1835 1043 1942 1078 cum

125 1118 348 1169 doctrina
373 1116 516 1168 Petri
543 1132 600 1167 ac
626 1131 967 1166 successorum
990 1113 1111 1183 ejus,
1138 1112 1260 1165 haec
1286 1130 1384 1164 una
1410 1121 1460 1164 et
1483 1111 1752 1181 singularis
1776 1111 1944 1164 cathe-

125 1202 210 1254 dra
237 1219 327 1272 pro
357 1201 601 1253 Romana
630 1202 786 1252 Petra·
809 1200 1069 1252 cathedra
1087 1201 1204 1270 jure
1243 1197 1497 1269 accipitur.
1559 1196 1743 1248 Unitas
1779 1198 1944 1266 itaque

126 1305 231 1339 cum
267 1286 607 1339 Romanorum
640 1285 937 1338 Pontificum
986 1285 1219 1337 cathedra
1258 1303 1345 1337 seu
1383 1283 1608 1337 doctrina
1647 1301 1716 1335 ex
1753 1283 1944 1334 unitate

126 1371 388 1424 cathedrae
440 1373 663 1424 omnibus
702 1371 990 1424 necessaria
1031 1371 1307 1440 colligitur,
1346 1370 1415 1420 ita
1452 1379 1505 1419 ut
1542 1369 1666 1421 hanc
1705 1369 1944 1421 unitatem

127 1456 388 1509 cathedrae
426 1458 647 1522 scindat,
673 1464 786 1519 {non
826 1457 969 1507 modo
1009 1457 1092 1523 qui
1130 1456 1190 1507 ab
1230 1457 1335 1524 ejus
1363 1454 1733 1518 communione,
1772 1473 1943 1507 verum

127 1543 273 1594 ctiam
301 1543 382 1611 qui
409 1544 468 1594 ab
496 1545 601 1613 ejus
627 1542 718 1594 fide
746 1552 893 1611 atque
919 1541 1143 1593 doctrina
1179 1540 1425 1593 desciscit.
1478 1539 1552 1592 Ita
1579 1559 1699 1594 vero
1726 1541 1807 1610 qui
1834 1559 1941 1593 eam

126 1628 407 1679 cathedram
434 1628 634 1690 deserit,
663 1616 791 1680 nuni:
819 1628 1007 1696 quidem
1037 1626 1396 1692 schis1naticus,
1424 1645 1552 1679 nunc
1580 1636 1743 1679 autem
1771 1626 1943 1679 haerc-

126 1713 249 1765 ticus
277 1722 369 1764 est.
435 1710 792 1764 Schismaticus
830 1713 926 1763 erit
960 1722 1151 1763 tantum
1179 1712 1223 1763 si
1250 1714 1383 1763 nullo
1411 1713 1461 1763 in
1489 1713 1720 1782 dogmate
1749 1713 1942 1765 dissen-

127 1798 282 1862 tienS,
329 1798 718 1850 communionem
762 1800 868 1868 ejus
920 1798 1148 1862 deserat,
1202 1797 1245 1848 si
1278 1815 1398 1850 vcro
1451 1799 1652 1850 deserat
1690 1797 1852 1866 aliquo
1892 1798 1941 1848 in

125 1883 283 1954 capite
327 1885 434 1953 ejus
482 1885 623 1936 fidem
641 1924 654 1948 ,
703 1884 800 1936 erit
846 1879 1123 1936 haereticus
1141 1923 1154 1948 ,
1204 1883 1276 1934 uti
1322 1901 1445 1936 sane
1491 1893 1595 1935 tam
1642 1884 1941 1936 schismatici

125 1987 268 2037 quam
307 1969 546 2021 haeretici
578 1971 776 2022 fuerunt
802 1968 1128 2034 Donatistae,
1169 1970 1248 2039 qui
1284 1988 1338 2022 sc
1366 1971 1424 2022 ab
1453 1989 1513 2022 ea
1541 1969 1772 2022 cathedra
1805 1980 1944 2021 utro-

127 2073 219 2122 que
257 2072 326 2106 ex
366 2055 523 2125 capite
563 2066 887 2125 separarunt,
934 2055 1050 2108 licet
1097 2055 1397 2108 schismatici
1454 2058 1560 2109 iere
1606 2057 1941 2127 appellentur,

129 2148 388 2208 propterea
426 2141 552 2207 quod
589 2159 688 2191 11011
721 2142 858 2204 fidei,
897 2141 982 2192 sed
1027 2141 1312 2210 disciplinae
1349 2159 1497 2192 causa
1534 2142 1644 2192 illos
1690 2143 1750 2192 ab
1801 2142 1943 2193 initio

128 2224 367 2293 sejunxit.
422 2221 655 2276 Ceterum
684 2224 897 2296 Optatus
937 2225 1043 2295 ipse
1079 2236 1253 2278 contra
1288 2226 1399 2278 illos
1438 2226 1660 2278 scribens
1688 2226 1781 2277 etsi
1811 2245 1944 2278 com-

130 2309 374 2360 munionis
450 2309 692 2362 unitatem
756 2311 1048 2382 expressius
1116 2312 1361 2375 inculcat,
1430 2330 1712 2364 memorans
1773 2323 1940 2365 tamen

127 2393 482 2446 communionis
519 2396 754 2464 ejusmodi
799 2398 1006 2448 formam
1042 2416 1129 2467 per
1168 2403 1526 2466 formatarum
1561 2403 1944 2458 commercium,

126 2479 298 2547 quibus
349 2489 483 2531 totus
534 2480 668 2532 orbis
720 2500 827 2533 cum
879 2482 1110 2534 Romana
1163 2483 1398 2536 cathedra
1450 2488 1770 2544 concordat,
1831 2485 1941 2535 uni-

126 2573 278 2616 tatem
318 2584 510 2634 quoque
549 2566 659 2618 fidei
695 2567 868 2620 iisdem
906 2569 1130 2621 formatis
1170 2569 1497 2634 declaratam,
1545 2569 1717 2638 inqua
1753 2588 1943 2632 omnes,

128 2646 343 2717 (Confer
370 2668 519 2721 supra
541 2670 583 2703 c.
602 2652 686 2703 11.
705 2652 847 2723 §.Q
875 2664 929 2705 ut
954 2654 1005 2706 in
1032 2655 1422 2707 communionem
1449 2655 1807 2725 reciperentur,
1837 2675 1943 2708 011111

126 2733 207 2784 illa
235 2734 467 2786 cathedra
493 2741 823 2790 concordare
850 2741 1138 2809 oportebat,
1175 2741 1299 2791 satis
1333 2741 1552 2791 insinuat
1587 2741 1942 2803 necessariam,

128 2827 179 2867 ut
216 2818 325 2886 quis
364 2819 632 2873 catholicus
671 2822 940 2874 habeatur:
980 2834 1155 2874 contra
1201 2842 1345 2890 quam
1395 2824 1585 2891 quidem
1638 2824 1938 2893 singularem

129 2902 409 2955 cathedram
436 2905 516 2957 ille
543 2907 752 2959 alteram
781 2907 1003 2972 collocat,
1031 2926 1118 2960 seu
1147 2908 1313 2978 erigit,
1342 2908 1423 2976 qui
1450 2908 1725 2962 doctrinam
1753 2910 1939 2962 doctri-

128 3007 220 3040 nae
247 2989 546 3043 contrariam
570 2991 737 3043 tradit.

197 3074 282 3126 21.
334 3073 557 3146 Ipsorum
595 3075 973 3130 Donatistarum
1008 3080 1216 3144 factum,
1244 3081 1368 3149 quod
1397 3082 1457 3132 ab
1485 3080 1670 3152 Optato
1696 3083 1939 3152 proditum

129 3168 221 3221 cst,
248 3177 348 3211 non
367 3161 566 3215 obscuri
589 3162 862 3215 testimonii
886 3164 994 3217 loco
1022 3183 1134 3219 esse
1160 3176 1340 3236 potest.
1389 3155 1515 3219 Cum
1542 3167 1773 3219 nimirum
1798 3169 1937 3240 ipsiS,

129 3251 179 3294 ut
208 3261 261 3294 se
288 3244 346 3295 ab
372 3241 600 3299 Ecclesia
626 3259 885 3319 separatos
913 3261 1273 3320 agnoscerent,
1301 3262 1633 3323 opponeretur
1659 3272 1690 3304 a
1716 3253 1939 3309 Catholi-

128 3328 196 3379 cis
224 3330 472 3399 separatio
501 3349 531 3382 a
557 3330 786 3387 Romano
814 3334 1086 3400 Pontifice,
1115 3355 1320 3405 quocum
1347 3356 1468 3391 vera
1493 3335 1683 3390 Christi
1707 3337 1937 3393 Ecclesia

127 3415 469 3484 conjungitur3
499 3417 558 3467 ad
583 3416 708 3470 hanc
734 3421 1058 3491 objectionem
1087 3421 1359 3474 elidendam
1386 3422 1496 3474 illud
1523 3425 1853 3494 regerebant,
1881 3443 1935 3477 se

127 3515 233 3549 cum
259 3498 504 3570 Episcopo
532 3501 759 3556 Romano
782 3515 1007 3574 partem,
1034 3508 1159 3559 idest.
1187 3507 1575 3560 communionem
1603 3509 1784 3562 habere
1801 3509 1934 3579 (Op-
