2320 3990
690 237 1297 293 -61-..

91 413 304 467 Sanctus
330 418 482 462 extra
508 407 900 462 communionem
929 406 1059 460 sedis
1079 403 1406 477 Apostolicae
1433 401 1536 455 vita
1562 402 1759 480 funqus
1784 400 1912 452 falso

90 495 436 571 praesumitur.

933 665 979 733 g.
1007 663 1068 715 11.

97 787 332 828 Necessitas
365 788 546 827 unitatis
567 785 678 836 fidei
709 797 804 827 cum
825 781 918 834 fide
953 782 1171 823 Romanae
1200 782 1338 833 sedis,
1372 792 1447 821 seu
1482 779 1771 821 Romanorum
1805 777 1916 818 l'on-

94 845 254 898 to‘ficum
286 860 337 887 ea·
369 847 632 899 praestituta
662 845 912 886 necessitate
942 842 1127 882 unitatis
1166 841 1478 882 communionis
1507 843 1548 880 et
1579 838 1778 880 raritatis
1823 849 1916 877 cum

795 902 948 942 iisdem
978 902 1210 952 colligitur.

236 1006 288 1059 S.
341 1005 397 1057 ln
418 1023 477 1059 ea
495 1013 656 1076 parte,
682 1020 808 1071 quae
836 1001 1061 1054 caritatis
1082 1013 1131 1054 et
1152 999 1513 1054 communionis
1538 999 1781 1051 unitatem
1809 1016 1917 1051 cum

101 1090 327 1142 Romano
353 1089 597 1143 Pontifice
623 1088 960 1142 necessariam
987 1088 1187 1152 statuit,
1216 1086 1493 1140 adversarii
1519 1085 1665 1138 facile
1693 1085 1922 1154 acquies-

96 1186 210 1230 cunt
233 1216 246 1242 ,
287 1195 394 1230 cnm
419 1177 500 1230 vel
526 1176 622 1248 ipsi
661 1175 864 1246 alicujus
903 1176 1109 1228 unitatis
1149 1174 1503 1228 necessitatem
1540 1173 1800 1225 adstruere
1838 1172 1921 1224 de-

97 1264 245 1315 bcant
265 1281 372 1315 cum
400 1282 477 1327 eo,
505 1282 646 1333 quem
675 1263 948 1316 catholicae
969 1262 1176 1315 unitatis
1202 1271 1423 1314 centrum
1445 1261 1683 1324 fatentur,
1711 1269 1761 1312 et
1781 1278 1921 1329 mag-

99 1349 239 1402 nifice
265 1350 569 1420 praedicant,
596 1367 686 1401 nec
719 1349 881 1402 minor
901 1349 1092 1401 admitti
1116 1349 1284 1400 unitas
1310 1347 1485 1419 possit,
1514 1365 1659 1415 quam
1686 1365 1812 1416 quae
1841 1364 1922 1397 ca-

102 1436 264 1488 ritatis
291 1446 341 1488 et
368 1435 724 1488 communionis
751 1436 916 1488 unitas
945 1436 1235 1507 appellatur.
1297 1433 1370 1485 At
1398 1434 1456 1485 de
1483 1434 1787 1486 necessitate
1811 1433 1922 1484 uni-

101 1523 220 1574 tatis
245 1522 355 1574 fidei
381 1540 482 1574 non
509 1521 632 1575 levis
658 1522 870 1574 forsitan
897 1522 1122 1592 quaestio
1151 1522 1211 1574 ab
1239 1521 1360 1592 ipsis
1386 1521 1681 1573 movebitur.
1746 1519 1919 1589 Itaque

101 1608 221 1660 haec
245 1607 365 1660 mihi
389 1608 608 1678 pluribus
648 1610 991 1662 constituenda
1018 1619 1111 1661 est.
1164 1607 1272 1660 Huc
1312 1607 1572 1676 sequentia
1610 1607 1775 1678 capita
1809 1607 1925 1659 diri-

99 1702 294 1763 gentur.
349 1691 458 1744 Hac
485 1702 648 1745 autem
672 1693 724 1744 in
749 1695 970 1746 sectione
998 1713 1066 1745 ex
1087 1695 1326 1746 hactenus
1353 1694 1580 1763 probata,
1608 1693 1923 1763 ipsorumque

101 1778 499 1831 adversariorum
537 1779 776 1833 doctrinis
817 1780 1109 1832 confirmata
1146 1779 1448 1832 necessitate
1474 1779 1680 1831 unitatis
1708 1798 1925 1832 commu-

102 1865 266 1917 nionis
293 1875 343 1918 61
368 1865 594 1918 caritatis
622 1885 731 1918 cum
757 1865 990 1919 Romano
1019 1865 1296 1931 Pontifice,
1325 1865 1567 1918 unitatem
1594 1884 1786 1935 qnoque
1813 1866 1924 1918 fidei

101 1971 208 2003 cum
235 1953 405 2006 eodem
430 1953 738 2024 potissimum
764 1953 1102 2006 necessariam
1129 1953 1403 2005 ostendam.

245 2039 296 2092 9.
350 2037 663 2092 Ρο1111110111111
702 2040 963 2111 primatum
991 2041 1051 2092 ad
1076 2039 1315 2092 unitatem
1355 2039 1507 2091 totius
1544 2037 1805 2091 Ecclesiae
1841 2057 1928 2110 per

106 2143 344 2176 summum
369 2123 663 2178 Pontificem
683 2126 919 2196 peculiari
941 2135 1191 2195 potestate
1214 2127 1607 2178 conservandam
1636 2135 1783 2194 atque
1810 2144 1927 2176 con-

109 2210 355 2263 tinendam
384 2229 413 2262 a
440 2208 641 2264 Christo
668 2211 950 2263 institutum
976 2211 1185 2264 vidimus
1215 2230 1322 2282 cap.
1366 2212 1416 2264 8.
1470 2210 1609 2263 Haec
1638 2221 1801 2264 autem
1828 2210 1927 2264 Ec-

108 2297 287 2350 clesiae
313 2297 478 2348 unitas
506 2315 613 2349 cum
639 2297 821 2367 duplex
843 2297 925 2361 sit,
954 2297 1180 2349 caritatis
1208 2297 1414 2362 scilicet,
1443 2315 1530 2349 3611
1551 2297 1929 2364 connnunioniS,

109 2393 157 2435 et
181 2383 321 2447 fidei3
362 2401 463 2435 non
500 2383 660 2435 minus
689 2383 749 2434 ad
786 2401 935 2435 unam
975 2402 1120 2452 quam
1149 2385 1208 2436 ad
1236 2384 1383 2436 aliam
1422 2385 1653 2437 tuendam
1679 2383 1929 2438 Pontificii

106 2468 343 2539 primatus
363 2470 446 2539 jus
472 2469 758 2540 porrigatur
783 2488 991 2523 necesse
1031 2480 1125 2522 est.
1178 2467 1323 2536 Quod
1340 2472 1426 2540 jus
1454 2489 1560 2522 cum
1587 2470 1804 2522 includat
1830 2472 1929 2524 vim

107 2555 308 2607 unitatis
334 2556 610 2609 coactivam
635 2575 705 2609 ex
731 2557 1014 2609 constitutis
1042 2557 1214 2629 cap.9.
1244 2575 1462 2609 summus
1496 2557 1662 2626 utique
1686 2555 1931 2611 Pontifex

109 2642 233 2693 sicut
255 2642 315 2693 ob
341 2643 571 2695 tuendam
598 2643 837 2696 unitatem
865 2644 1091 2696 caritatis
1118 2654 1167 2697 et
1193 2645 1552 2697 communionis
1581 2654 1657 2696 est
1679 2654 1930 2714 tamquam

108 2737 348 2792 centrum,
375 2747 581 2797 quocum
609 2747 781 2782 omnes
809 2728 1088 2783 Christiani
1113 2749 1212 2782 uno
1239 2731 1467 2784 caritatis
1496 2741 1545 2783 et
1572 2731 1932 2783 communionis

110 2814 303 2866 vinculo
330 2814 508 2866 debent
535 2815 796 2885 conjungi3
823 2815 896 2866 ita
909 2816 1323 2868 advindicandam
1342 2817 1582 2867 unitatem
1606 2816 1716 2867 fidei
1741 2817 1932 2886 positus

110 2898 203 2951 dici
229 2899 371 2951 debet
408 2909 657 2968 tamquam
695 2909 947 2965 centrum,
989 2920 1197 2970 quocum
1235 2918 1407 2953 omnes
1443 2900 1493 2952 in
1532 2901 1751 2953 camdem
1790 2903 1930 2955 fidem

113 2984 402 3058 conspirare
429 2995 576 3054 atque
604 2986 873 3039 convenire
900 2997 1160 3058 cogantur.
1214 2985 1290 3039 Ita
1316 3005 1437 3038 sane
1463 2986 1575 3050 fiet,
1604 2989 1730 3056 quod
1758 2990 1933 3043 adver-

112 3070 233 3122 sarii
280 3071 376 3142 ipsi
426 3090 532 3124 cum
581 3071 831 3126 Bossueto
884 3074 964 3145 (in
1015 3074 1234 3146 exposit.
1279 3072 1455 3125 Doctr.
1510 3074 1690 3126 cathol.
1730 3093 1772 3127 c.
1814 3076 1931 3145 21.)

114 3157 357 3222 fatentur,
419 3168 474 3210 ut
527 3163 790 3228 primatus
854 3163 992 3214 sedis
1049 3163 1102 3214 S.
1158 3162 1314 3213 Petra·
1374 3164 1442 3212 sit
1499 3168 1736 3212 centrum
1799 3181 1933 3214 com-

112 3262 292 3303 mune,
339 3261 440 3296 non
474 3246 660 3315 partiS,
713 3247 799 3300 sed
835 3252 995 3300 totius
1032 3251 1250 3300 unitatis
1289 3248 1616 3307 catholicae,
1668 3265 1794 3316 quae
1833 3267 1933 3301 non

115 3330 269 3382 solum
317 3330 544 3383 caritatis
593 3342 642 3384 et
680 3334 1041 3387 communionis
1060 3374 1073 3398 ,
1127 3334 1212 3386 sed
1250 3342 1299 3385 61
1352 3332 1560 3385 alteram
1611 3333 1721 3386 fidei
1770 3336 1933 3388 unita-

116 3426 212 3467 tem
250 3416 559 3486 potissinnmi
598 3420 955 3490 complectitur.
1033 3419 1306 3472 Enimvero
1357 3419 1401 3470 si
1450 3419 1676 3472 caritatis
1715 3431 1765 3473 et
1802 3441 1934 3474 com-

117 3501 357 3554 munionis
405 3503 610 3562 unitati,
651 3522 776 3573 qnae
814 3505 976 3558 minor
1013 3516 1117 3569 est,
1156 3505 1246 3557 hoc
1283 3505 1463 3559 visibili
1505 3506 1766 3561 Romanae
1803 3507 1934 3560 sedis
