2314 3984
923 168 1582 229 —302—

328 339 522 393 sensuri
545 337 604 393 S.
633 335 920 391 Athanasio
949 335 1174 389 maxime
1199 337 1399 404 addicti,
1422 349 1478 393 et
1504 340 1565 393 ab
1592 337 1793 393 Ariana
1820 339 2019 394 haeresi
2044 358 2178 393 sum-

328 446 534 502 mopere
559 424 755 490 mersi,
792 442 856 478 ea
888 422 1202 496 potissimum
1239 423 1301 478 de
1338 430 1494 480 causa
1522 425 1732 484 Liberio
1771 437 1824 482 et
1868 427 2177 482 restitutioni

330 522 438 590 ejus
462 511 690 587 impense
714 512 970 574 faverunt,
997 511 1115 582 quia
1139 531 1232 585 pro
1258 513 1352 567 fide
1378 511 1613 568 Nicaena
1635 515 2006 587 Athanasiique
2031 516 2178 568 inno-

330 601 497 658 centia
537 611 746 655 strenue
780 611 1129 674 pugnaverat3
1171 599 1323 655 sicuti
1361 621 1390 656 e
1417 611 1599 655 contra
1622 597 1784 658 Felici
1809 604 1862 656 iu
1888 602 2084 658 Liberii
2111 604 2178 657 lo-

327 709 438 744 cum
464 689 690 742 insti-uso
716 690 857 742 fuere
882 687 1085 756 infensi,
1111 688 1228 759 quia
1254 708 1364 743 cum
1389 689 1658 744 haereticis
1685 692 2052 746 communicare
2077 709 2180 744 non

329 777 544 834 erubuit.
596 773 858 845 Quomodo
897 776 1055 850 igitur
1090 776 1168 831 hic
1210 775 1391 832 Clerus
1430 788 1481 832 et
1514 777 1724 851 populus
1759 779 2045 852 potuissent
2080 789 2181 832 tam

328 865 510 920 festive
548 862 811 919 Liberium
850 866 1120 939 excipere,
1162 865 1207 919 si
1241 866 1286 919 is
1325 866 1503 920 relicta
1527 866 1747 940 pristina
1773 865 2061 920 constantia
2083 864 2181 918 Ni-

329 973 487 1009 caeno
515 954 745 1027 symbolo
772 953 1051 1009 Sirmieuse
1077 954 1420 1027 praetulisset,
1450 965 1500 1009 et
1525 956 1587 1008 ab
1599 953 1874 1009 Athanasii
1893 952 2183 1007 defensione

330 1053 381 1097 et
407 1042 758 1097 communione
783 1042 1076 1097 transiisset
1104 1043 1166 1095 ad
1186 1044 1585 1098 communionem
1610 1043 1984 1098 haereticorum
1997 1040 2182 1095 Orien-

327 1131 530 1197 talium,
569 1150 628 1184 ac
665 1131 968 1203 praesertim
994 1130 1232 1186 Valentis
1273 1142 1324 1186 et
1361 1132 1599 1199 Ursaeii‚
1638 1131 1859 1205 Epitecti
1898 1141 2047 1201 atque
2073 1130 2184 1181 Au-

327 1219 523 1285 xenfii,
564 1238 775 1289 quorum
810 1218 1016 1272 nomina
1054 1219 1247 1273 cunctis
1283 1219 1695 1274 Occidentalibus
1739 1228 1886 1283 erant
1912 1218 2183 1272 detestabi-

329 1309 432 1361 lia?
474 1305 534 1360 Si
558 1325 685 1361 vera
711 1315 850 1359 esset
875 1304 1073 1359 Liberii
1099 1307 1311 1378 epistola
1331 1326 1359 1360 e
1379 1307 1549 1361 Berea
1575 1309 1637 1360 ad
1658 1306 1946 1360 Romanum
1970 1308 2183 1379 presby-

329 1395 512 1450 terium
538 1394 723 1459 missa,
751 1412 850 1464 qua
876 1412 998 1446 suae
1025 1393 1480 1466 praevaricationis
1508 1393 1742 1447 notitiam
1759 1434 1773 1460 ‚
1801 1412 1892 1447 seu
1915 1394 2082 1466 potius
2109 1394 2186 1446 in-

328 1483 531 1538 famiam
557 1483 875 1548 declarabat3
903 1501 1074 1535 nonne
1101 1482 1440 1549 stomachum,
1468 1481 1895 1554 indignationem,
1931 1491 1981 1536 et
2006 1482 2185 1535 horro-

329 1593 435 1626 rem
462 1574 567 1645 ejus
594 1571 742 1625 lectio
771 1571 1131 1626 commovisset
1156 1569 1209 1623 in
1241 1569 1466 1624 Romani
1492 1571 1726 1626 catholici
1753 1567 1893 1625 Cleri
1919 1571 2103 1637 animo,
2132 1581 2186 1623 ut

329 1682 393 1716 ne
421 1660 658 1716 credibile
685 1659 751 1713 sit
777 1670 894 1733 post
919 1670 1022 1713 tam
1048 1658 1303 1730 insignem
1330 1662 1437 1732 ejus
1465 1661 1676 1732 lapsum,
1705 1679 1800 1730 quo
1828 1679 2014 1732 magna
2039 1659 2186 1731 igno-

328 1751 486 1804 minia
512 1749 780 1802 Romanae
806 1748 914 1801 sedi
941 1749 1226 1814 creabatur,
1253 1747 1517 1802 Romanos
1544 1747 1769 1820 potuisse
1798 1768 1937 1811 eum,
1976 1748 2059 1819 qui
2084 1758 2186 1801 tam

328 1838 546 1912 turpiter
570 1837 735 1892 victus
762 1837 954 1902 fuerat,
995 1846 1248 1906 tamquam
1286 1835 1533 1891 victorem
1572 1846 1624 1889 et
1648 1836 1922 1907 gloriosum
1950 1836 2187 1889 athletam

330 1927 594 2000 recipere?
657 1923 846 1978 Nonne
884 1924 978 1977 hoc
1015 1923 1376 1996 gravissimum
1413 1934 1765 1996 argumentum
1803 1935 1907 1990 est,
1956 1943 2018 1978 ne
2062 1924 2187 1978 haec

331 2016 543 2089 epistola
570 2025 620 2068 et
646 2013 876 2067 similiter
915 2012 1043 2066 aliae
1083 2013 1257 2066 eodem
1291 2013 1634 2085 pertinenteS,
1674 2031 1802 2083 quae
1839 2012 1973 2066 inter
2012 2012 2189 2082 Γναθ-

332 2113 507 2157 menta
536 2101 593 2156 S.
632 2101 819 2155 Hilarii
854 2101 1079 2154 insertae
1119 2110 1263 2166 sunt,
1301 2101 1553 2172 genuinae
1581 2101 1867 2162 credantur,
1894 2110 1944 2154 et
1968 2118 2071 2152 non
2096 2118 2186 2172 po-

331 2193 432 2245 tius
471 2191 752 2244 habeantur
791 2189 1171 2263 supposititiae3
1213 2188 1362 2243 sicuti
1413 2199 1550 2243 certo
1606 2189 1927 2261 supposititia
1966 2197 2045 2241 est
2082 2187 2186 2252 illa,

330 2300 458 2352 quae
484 2278 684 2334 Liberii
709 2280 829 2333 item
856 2278 1059 2332 nomine
1086 2277 1333 2350 inscripta
1360 2277 1421 2330 ad
1450 2275 1678 2331 Orientis
1705 2275 2018 2350 Episcop08‚
2059 2277 2187 2348 apud

331 2369 580 2423 Hilarium
607 2370 894 2440 fragmento
924 2376 1106 2437 quarto
1147 2365 1368 2438 legitur?
1414 2363 1486 2418 Et
1519 2365 1760 2437 siquidem
1799 2365 1929 2419 hane
1963 2364 2187 2418 Hilarius

329 2459 381 2511 in
407 2457 450 2510 F
456 2456 736 2528 ragmentis
763 2456 966 2508 incaute
994 2454 1202 2520 retulit,
1231 2453 1399 2523 quidni
1426 2473 1585 2524 aeque
1623 2454 1824 2507 incaute
1859 2454 2023 2525 potuit
2059 2453 2188 2506 reci-

331 2565 452 2619 pere
480 2555 532 2598 et
558 2553 754 2597 ceteras
793 2543 1016 2614 ejusdem
1051 2540 1257 2613 generis
1295 2539 1506 2594 Liberio
1547 2541 1847 2603 attributaS,
1885 2541 2090 2594 tametsi
2124 2541 2186 2592 ab

330 2632 544 2686 Arianis
571 2640 657 2684 aut
682 2629 1019 2684 Semiarianis
1046 2628 1278 2682 similiter
1305 2629 1546 2682 confictas
1575 2639 1625 2682 et
1653 2629 1831 2694 editaS‚
1858 2638 1913 2681 ut
1925 2626 2187 2681 Liberium

331 2721 426 2776 sibi
452 2723 705 2775 faventem
732 2719 1086 2791 praeferrent?
1114 2716 1298 2788 Neque
1325 2717 1506 2771 mirum
1532 2717 1677 2770 debet
1705 2716 1951 2783 accidere,
1979 2715 2024 2769 si
2048 2715 2101 2768 in
2128 2735 2188 2770 ea

327 2811 542 2865 istorum
568 2806 920 2882 praepotentia
947 2816 1099 2877 atque
1124 2805 1369 2860 violentia
1395 2805 1636 2878 epistolae
1659 2803 1868 2859 Liberio
1897 2804 2110 2869 affictae,
2138 2814 2189 2857 et

330 2910 440 2953 toto
477 2899 531 2952 in
558 2896 774 2951 Oriente
809 2894 1169 2948 disseminatae
1209 2895 1337 2968 apud
1374 2893 1623 2948 Hilarium
1663 2904 1813 2964 atque
1851 2891 2187 2946 Athanasium

332 2987 530 3059 longius
557 2984 883 3049 constitutoS,
913 2993 1062 3053 atque
1084 2984 1146 3036 ab
1166 2982 1378 3036 Arianis
1396 2991 1635 3046 vexatOS‚
1662 2973 1887 3050 nihilque
1909 2979 2006 3033 doli
2025 2978 2187 3051 suspi—

333 3086 509 3130 cantes
549 3074 694 3127 fidem
727 3071 1045 3137 invenerint,
1085 3080 1137 3124 et
1171 3089 1242 3124 cx
1275 3070 1353 3123 his
1390 3071 1584 3142 lapsum
1622 3070 1731 3141 ejus
1765 3077 1887 3120 tum.
1909 3066 2037 3140 ipsi,
2082 3076 2187 3118 tum

333 3164 417 3218 alii
455 3173 605 3234 atque
640 3161 726 3214 alii
759 3161 1074 3234 posteriores
1114 3157 1434 3212 crediderint.
1487 3155 1611 3209 Illud
1648 3156 1814 3229 potius
1853 3156 2035 3209 mirum
2073 3166 2189 3228 post

332 3262 592 3305 tantorum
619 3252 725 3322 ejus
754 3246 866 3303 aevi
891 3246 1182 3302 testimonia
1207 3244 1366 3318 (quae
1390 3254 1559 3298 tamen
1587 3243 1714 3297 alias
1743 3243 2073 3317 exceptiones
2098 3263 2188 3315 pa·

332 3339 558 3408 tiuntur)
599 3357 703 3391 non
735 3356 910 3391 omnes
950 3336 1111 3410 lapsui
1148 3337 1257 3408 ejus
1283 3333 1427 3387 fidem
1473 3333 1775 3387 adhibuisse.
1832 3331 2186 3385 Theodoretus

335 3427 482 3501 (Lib.
512 3428 558 3480 Ξ.
587 3425 722 3479 Hist..
753 3445 796 3480 c.
828 3426 913 3479 15.
943 3436 994 3479 et
1022 3423 1140 3496 17.)
1169 3422 1328 3488 enim,
1368 3421 1452 3492 qui
1486 3421 1540 3474 in
1567 3441 1659 3475 sua
1684 3421 2000 3474 Arianorum
2027 3418 2187 3471 histo-

333 3517 412 3571 ria
437 3513 712 3569 Athanasii
739 3513 974 3585 operibus
1003 3531 1122 3567 usus
1150 3520 1255 3573 est,
1282 3529 1391 3565 cum
1419 3507 1615 3564 Liberii
1643 3507 1943 3564 restituendi
1984 3525 2186 3561 causam
