<?xml version="1.0" encoding="UTF-8"?>
<!DOCTYPE html PUBLIC "-//W3C//DTD XHTML 1.0 Transitional//EN"
    "http://www.w3.org/TR/xhtml1/DTD/xhtml1-transitional.dtd">
<html xmlns="http://www.w3.org/1999/xhtml" xml:lang="en" lang="en">
 <head>
  <title>
</title>
<meta http-equiv="Content-Type" content="text/html;charset=utf-8" />
  <meta name='ocr-system' content='tesseract 3.04.00' />
  <meta name='ocr-capabilities' content='ocr_page ocr_carea ocr_par ocr_line ocrx_word'/>
</head>
<body>
  <div class='ocr_page' id='page_1' title='image "a546178500balluoft_0420.png"; bbox 0 0 2314 3984; ppageno 0'>
   <div class='ocr_carea' id='block_1_1' title="bbox 866 195 1530 256">
    <p class='ocr_par' dir='ltr' id='par_1_1' title="bbox 866 195 1530 256">
     <span class='ocr_line' id='line_1_1' title="bbox 866 195 1530 256; baseline 0.002 -17"><span class='ocrx_word' id='word_1_1' title='bbox 866 195 1530 256; x_wconf 32' lang='lat'><strong>&amp;383—</strong></span> 
     </span>
    </p>
   </div>
   <div class='ocr_carea' id='block_1_2' title="bbox 274 367 2131 910">
    <p class='ocr_par' dir='ltr' id='par_1_2' title="bbox 274 367 2131 910">
     <span class='ocr_line' id='line_1_2' title="bbox 274 367 2131 421; baseline 0.003 -13"><span class='ocrx_word' id='word_1_2' title='bbox 274 370 316 408; x_wconf 88' lang='lat' dir='ltr'>S.</span> <span class='ocrx_word' id='word_1_3' title='bbox 350 369 555 421; x_wconf 86' lang='lat' dir='ltr'>Cypriani</span> <span class='ocrx_word' id='word_1_4' title='bbox 585 370 728 410; x_wconf 83' lang='lat' dir='ltr'>textus</span> <span class='ocrx_word' id='word_1_5' title='bbox 758 367 812 408; x_wconf 91' lang='lat' dir='ltr'>de</span> <span class='ocrx_word' id='word_1_6' title='bbox 842 367 1006 410; x_wconf 88' lang='lat' dir='ltr'>unitate</span> <span class='ocrx_word' id='word_1_7' title='bbox 1050 381 1143 410; x_wconf 82' lang='lat' dir='ltr'>cum</span> <span class='ocrx_word' id='word_1_8' title='bbox 1175 369 1380 411; x_wconf 79' lang='lat' dir='ltr'>cathedra</span> <span class='ocrx_word' id='word_1_9' title='bbox 1410 373 1459 413; x_wconf 86' lang='lat' dir='ltr'>S.</span> <span class='ocrx_word' id='word_1_10' title='bbox 1492 373 1624 414; x_wconf 88' lang='lat' dir='ltr'>Petri.</span> <span class='ocrx_word' id='word_1_11' title='bbox 1658 375 1758 416; x_wconf 87' lang='grc'><strong>110.</strong></span> <span class='ocrx_word' id='word_1_12' title='bbox 1823 375 1955 420; x_wconf 84' lang='lat' dir='ltr'>Quam</span> <span class='ocrx_word' id='word_1_13' title='bbox 1987 385 2131 415; x_wconf 89' lang='lat' dir='ltr'>neces-</span> 
     </span>
     <span class='ocr_line' id='line_1_3' title="bbox 334 428 2129 485; baseline 0.004 -16"><span class='ocrx_word' id='word_1_14' title='bbox 334 430 485 470; x_wconf 78' lang='lat' dir='ltr'>sariam</span> <span class='ocrx_word' id='word_1_15' title='bbox 517 429 664 470; x_wconf 86' lang='lat' dir='ltr'>habuit</span> <span class='ocrx_word' id='word_1_16' title='bbox 695 428 804 469; x_wconf 85' lang='lat' dir='ltr'>hanc</span> <span class='ocrx_word' id='word_1_17' title='bbox 837 430 1054 470; x_wconf 82' lang='lat' dir='ltr'>unitatem.</span> <span class='ocrx_word' id='word_1_18' title='bbox 1090 431 1194 470; x_wconf 90' lang='lat'>113.</span> <span class='ocrx_word' id='word_1_19' title='bbox 1237 443 1319 471; x_wconf 91' lang='lat' dir='ltr'>non</span> <span class='ocrx_word' id='word_1_20' title='bbox 1361 433 1490 472; x_wconf 83' lang='lat' dir='ltr'>solius</span> <span class='ocrx_word' id='word_1_21' title='bbox 1523 435 1848 485; x_wconf 86' lang='lat' dir='ltr'>communionis,</span> <span class='ocrx_word' id='word_1_22' title='bbox 1893 434 1970 475; x_wconf 89' lang='lat' dir='ltr'>sed</span> <span class='ocrx_word' id='word_1_23' title='bbox 2001 437 2129 476; x_wconf 84' lang='lat' dir='ltr'>etiam</span> 
     </span>
     <span class='ocr_line' id='line_1_4' title="bbox 334 489 2130 548; baseline 0.003 -18"><span class='ocrx_word' id='word_1_24' title='bbox 334 489 447 532; x_wconf 91' lang='lat' dir='ltr'>fidei.</span> <span class='ocrx_word' id='word_1_25' title='bbox 480 490 584 530; x_wconf 88' lang='lat'>115.</span> <span class='ocrx_word' id='word_1_26' title='bbox 620 489 723 529; x_wconf 88' lang='grc'><strong>116.</strong></span> <span class='ocrx_word' id='word_1_27' title='bbox 785 489 845 530; x_wconf 85' lang='grc' dir='ltr'>Εἰ</span> <span class='ocrx_word' id='word_1_28' title='bbox 875 490 1107 531; x_wconf 79' lang='lat' dir='ltr'>cathedrae</span> <span class='ocrx_word' id='word_1_29' title='bbox 1139 503 1222 532; x_wconf 94' lang='lat' dir='ltr'>non</span> <span class='ocrx_word' id='word_1_30' title='bbox 1258 492 1407 533; x_wconf 82' lang='lat' dir='ltr'><strong>tribuit</strong></span> <span class='ocrx_word' id='word_1_31' title='bbox 1435 505 1590 534; x_wconf 82' lang='lat' dir='ltr'>meram</span> <span class='ocrx_word' id='word_1_32' title='bbox 1620 496 1705 536; x_wconf 80' lang='lat' dir='ltr'>vim</span> <span class='ocrx_word' id='word_1_33' title='bbox 1743 495 2130 548; x_wconf 80' lang='lat' dir='ltr'>repraesentandae</span> 
     </span>
     <span class='ocr_line' id='line_1_5' title="bbox 331 549 2131 602; baseline 0.003 -12"><span class='ocrx_word' id='word_1_34' title='bbox 331 550 526 590; x_wconf 86' lang='lat' dir='ltr'>unitatis.</span> <span class='ocrx_word' id='word_1_35' title='bbox 561 549 664 591; x_wconf 92' lang='grc'><strong>110.</strong></span> <span class='ocrx_word' id='word_1_36' title='bbox 697 551 740 590; x_wconf 91' lang='lat' dir='ltr'>et</span> <span class='ocrx_word' id='word_1_37' title='bbox 770 562 886 602; x_wconf 83' lang='lat' dir='ltr'>seqq.</span> <span class='ocrx_word' id='word_1_38' title='bbox 950 551 1168 596; x_wconf 87' lang='lat' dir='ltr'>Quomodo</span> <span class='ocrx_word' id='word_1_39' title='bbox 1212 553 1490 593; x_wconf 88' lang='lat' dir='ltr'>sacerdotalis</span> <span class='ocrx_word' id='word_1_40' title='bbox 1534 555 1677 595; x_wconf 87' lang='lat' dir='ltr'>unitas</span> <span class='ocrx_word' id='word_1_41' title='bbox 1716 568 1740 596; x_wconf 89' lang='lat' dir='ltr'>e</span> <span class='ocrx_word' id='word_1_42' title='bbox 1772 557 1889 597; x_wconf 88' lang='lat' dir='ltr'>Petri</span> <span class='ocrx_word' id='word_1_43' title='bbox 1930 555 2131 596; x_wconf 79' lang='lat' dir='ltr'>cathedra</span> 
     </span>
     <span class='ocr_line' id='line_1_6' title="bbox 333 609 2130 669; baseline 0.002 -18"><span class='ocrx_word' id='word_1_44' title='bbox 333 611 538 662; x_wconf 84' lang='lat' dir='ltr'>originem</span> <span class='ocrx_word' id='word_1_45' title='bbox 567 609 728 657; x_wconf 85' lang='lat' dir='ltr'>ducat,</span> <span class='ocrx_word' id='word_1_46' title='bbox 772 614 901 663; x_wconf 88' lang='lat' dir='ltr'>atque</span> <span class='ocrx_word' id='word_1_47' title='bbox 944 611 1148 654; x_wconf 81' lang='lat' dir='ltr'>formetur</span> <span class='ocrx_word' id='word_1_48' title='bbox 1190 613 1231 653; x_wconf 89' lang='lat' dir='ltr'>in</span> <span class='ocrx_word' id='word_1_49' title='bbox 1273 617 1368 653; x_wconf 90' lang='lat' dir='ltr'>tota</span> <span class='ocrx_word' id='word_1_50' title='bbox 1405 614 1616 655; x_wconf 80' lang='lat' dir='ltr'>Ecclesia.</span> <span class='ocrx_word' id='word_1_51' title='bbox 1651 616 1752 658; x_wconf 91' lang='lat'>111.</span> <span class='ocrx_word' id='word_1_52' title='bbox 1824 618 1888 658; x_wconf 87' lang='lat' dir='ltr'>De</span> <span class='ocrx_word' id='word_1_53' title='bbox 1927 616 2130 669; x_wconf 85' lang='lat' dir='ltr'>Cypriani</span> 
     </span>
     <span class='ocr_line' id='line_1_7' title="bbox 332 670 2130 728; baseline 0.004 -19"><span class='ocrx_word' id='word_1_54' title='bbox 332 672 546 710; x_wconf 84' lang='lat' dir='ltr'>sententia</span> <span class='ocrx_word' id='word_1_55' title='bbox 578 683 627 710; x_wconf 88' lang='lat' dir='ltr'>ac</span> <span class='ocrx_word' id='word_1_56' title='bbox 659 670 837 711; x_wconf 77' lang='lat' dir='ltr'>dissidio</span> <span class='ocrx_word' id='word_1_57' title='bbox 871 684 963 711; x_wconf 90' lang='lat' dir='ltr'>cum</span> <span class='ocrx_word' id='word_1_58' title='bbox 995 673 1213 726; x_wconf 88' lang='lat' dir='ltr'>Stephano</span> <span class='ocrx_word' id='word_1_59' title='bbox 1245 674 1362 726; x_wconf 88' lang='lat' dir='ltr'>Papa</span> <span class='ocrx_word' id='word_1_60' title='bbox 1403 676 1519 714; x_wconf 89' lang='lat' dir='ltr'>circa</span> <span class='ocrx_word' id='word_1_61' title='bbox 1550 676 1796 728; x_wconf 87' lang='lat' dir='ltr'>baptismum</span> <span class='ocrx_word' id='word_1_62' title='bbox 1828 677 2026 718; x_wconf 89' lang='lat' dir='ltr'>collatum</span> <span class='ocrx_word' id='word_1_63' title='bbox 2059 689 2130 716; x_wconf 86' lang='lat' dir='ltr'>ex-</span> 
     </span>
     <span class='ocr_line' id='line_1_8' title="bbox 330 731 2130 786; baseline 0.003 -15"><span class='ocrx_word' id='word_1_64' title='bbox 330 735 399 771; x_wconf 90' lang='lat' dir='ltr'>tra</span> <span class='ocrx_word' id='word_1_65' title='bbox 429 731 678 772; x_wconf 76' lang='lat' dir='ltr'>Ecclesiam.</span> <span class='ocrx_word' id='word_1_66' title='bbox 713 732 817 772; x_wconf 92' lang='grc'><strong>117.</strong></span> <span class='ocrx_word' id='word_1_67' title='bbox 880 732 1042 773; x_wconf 79' lang='lat' dir='ltr'>Eri-ore</span> <span class='ocrx_word' id='word_1_68' title='bbox 1083 734 1309 786; x_wconf 87' lang='lat' dir='ltr'>impeditus</span> <span class='ocrx_word' id='word_1_69' title='bbox 1352 735 1536 779; x_wconf 89' lang='lat' dir='ltr'>obstitit.</span> <span class='ocrx_word' id='word_1_70' title='bbox 1569 737 1672 777; x_wconf 92' lang='grc'><strong>117.</strong></span> <span class='ocrx_word' id='word_1_71' title='bbox 1733 737 1830 777; x_wconf 82' lang='grc' dir='ltr'>Νοη</span> <span class='ocrx_word' id='word_1_72' title='bbox 1861 741 1998 778; x_wconf 89' lang='lat' dir='ltr'>tamen</span> <span class='ocrx_word' id='word_1_73' title='bbox 2030 737 2130 778; x_wconf 89' lang='lat' dir='ltr'>fidei</span> 
     </span>
     <span class='ocr_line' id='line_1_9' title="bbox 332 792 2128 839; baseline 0.004 -8"><span class='ocrx_word' id='word_1_74' title='bbox 332 793 536 832; x_wconf 89' lang='lat' dir='ltr'>unitatem</span> <span class='ocrx_word' id='word_1_75' title='bbox 579 804 672 832; x_wconf 92' lang='lat' dir='ltr'>cum</span> <span class='ocrx_word' id='word_1_76' title='bbox 708 792 902 834; x_wconf 89' lang='lat' dir='ltr'>Romana</span> <span class='ocrx_word' id='word_1_77' title='bbox 943 794 1145 835; x_wconf 84' lang='lat' dir='ltr'>cathedra</span> <span class='ocrx_word' id='word_1_78' title='bbox 1183 795 1294 835; x_wconf 89' lang='lat' dir='ltr'>haud</span> <span class='ocrx_word' id='word_1_79' title='bbox 1338 797 1618 837; x_wconf 86' lang='lat' dir='ltr'>necessariam</span> <span class='ocrx_word' id='word_1_80' title='bbox 1658 797 1855 838; x_wconf 88' lang='lat' dir='ltr'>credidit.</span> <span class='ocrx_word' id='word_1_81' title='bbox 1889 798 1993 838; x_wconf 90' lang='grc'><strong>118.</strong></span> <span class='ocrx_word' id='word_1_82' title='bbox 2026 798 2128 839; x_wconf 89' lang='grc'><strong>119.</strong></span> 
     </span>
     <span class='ocr_line' id='line_1_10' title="bbox 331 853 2130 910; baseline 0.002 -17"><span class='ocrx_word' id='word_1_83' title='bbox 331 853 480 893; x_wconf 90' lang='lat' dir='ltr'>Verior</span> <span class='ocrx_word' id='word_1_84' title='bbox 512 854 599 904; x_wconf 91' lang='lat' dir='ltr'>ejus</span> <span class='ocrx_word' id='word_1_85' title='bbox 633 854 848 894; x_wconf 85' lang='lat' dir='ltr'>excusatio</span> <span class='ocrx_word' id='word_1_86' title='bbox 884 857 976 904; x_wconf 85' lang='lat' dir='ltr'>est,</span> <span class='ocrx_word' id='word_1_87' title='bbox 1015 856 1114 908; x_wconf 88' lang='lat' dir='ltr'>quia</span> <span class='ocrx_word' id='word_1_88' title='bbox 1145 854 1252 896; x_wconf 87' lang='lat' dir='ltr'>hanc</span> <span class='ocrx_word' id='word_1_89' title='bbox 1284 869 1369 897; x_wconf 90' lang='lat' dir='ltr'>rem</span> <span class='ocrx_word' id='word_1_90' title='bbox 1403 857 1549 898; x_wconf 90' lang='lat' dir='ltr'>habuit</span> <span class='ocrx_word' id='word_1_91' title='bbox 1581 858 1871 910; x_wconf 89' lang='lat' dir='ltr'>quaestionem</span> <span class='ocrx_word' id='word_1_92' title='bbox 1904 857 2130 909; x_wconf 85' lang='lat' dir='ltr'>opinionis,</span> 
     </span>
    </p>
   </div>
   <div class='ocr_carea' id='block_1_3' title="bbox 331 913 2131 1027">
    <p class='ocr_par' dir='ltr' id='par_1_3' title="bbox 331 913 2131 1027">
     <span class='ocr_line' id='line_1_11' title="bbox 332 913 2131 970; baseline 0.003 -19"><span class='ocrx_word' id='word_1_93' title='bbox 332 916 406 952; x_wconf 87' lang='lat' dir='ltr'>aut</span> <span class='ocrx_word' id='word_1_94' title='bbox 437 913 712 966; x_wconf 90' lang='lat' dir='ltr'>disciplinae,</span> <span class='ocrx_word' id='word_1_95' title='bbox 756 926 877 966; x_wconf 89' lang='lat' dir='ltr'>quam</span> <span class='ocrx_word' id='word_1_96' title='bbox 910 916 1151 968; x_wconf 83' lang='lat' dir='ltr'>Stephanus</span> <span class='ocrx_word' id='word_1_97' title='bbox 1190 918 1362 958; x_wconf 86' lang='lat' dir='ltr'>decreto</span> <span class='ocrx_word' id='word_1_98' title='bbox 1397 919 1639 970; x_wconf 81' lang='lat' dir='ltr'>dogmatico</span> <span class='ocrx_word' id='word_1_99' title='bbox 1679 929 1764 959; x_wconf 92' lang='lat' dir='ltr'>non</span> <span class='ocrx_word' id='word_1_100' title='bbox 1807 917 2043 958; x_wconf 89' lang='lat' dir='ltr'>definierat.</span> <span class='ocrx_word' id='word_1_101' title='bbox 2072 917 2131 957; x_wconf 88' lang='lat' dir='ltr'>ibi</span> 
     </span>
     <span class='ocr_line' id='line_1_12' title="bbox 331 974 960 1027; baseline 0.003 -14"><span class='ocrx_word' id='word_1_102' title='bbox 331 978 374 1013; x_wconf 89' lang='lat' dir='ltr'>et</span> <span class='ocrx_word' id='word_1_103' title='bbox 407 987 522 1026; x_wconf 86' lang='lat' dir='ltr'>seqq.</span> <span class='ocrx_word' id='word_1_104' title='bbox 555 974 604 1016; x_wconf 91' lang='lat' dir='ltr'>V.</span> <span class='ocrx_word' id='word_1_105' title='bbox 642 974 892 1027; x_wconf 75' lang='lat' dir='ltr'>Stephanus</span> <span class='ocrx_word' id='word_1_106' title='bbox 926 976 960 1015; x_wconf 92' lang='lat' dir='ltr'>I.</span> 
     </span>
    </p>
   </div>
   <div class='ocr_carea' id='block_1_4' title="bbox 270 1035 1980 1152">
    <p class='ocr_par' dir='ltr' id='par_1_4' title="bbox 270 1035 1980 1152">
     <span class='ocr_line' id='line_1_13' title="bbox 271 1035 1512 1087; baseline 0.004 -14"><span class='ocrx_word' id='word_1_107' title='bbox 271 1035 316 1073; x_wconf 88' lang='lat' dir='ltr'>S.</span> <span class='ocrx_word' id='word_1_108' title='bbox 351 1035 498 1087; x_wconf 88' lang='lat' dir='ltr'>Cyrilli</span> <span class='ocrx_word' id='word_1_109' title='bbox 529 1035 801 1077; x_wconf 81' lang='lat' dir='ltr'>Alexandrini</span> <span class='ocrx_word' id='word_1_110' title='bbox 833 1037 1079 1077; x_wconf 84' lang='lat' dir='ltr'>testimonia</span> <span class='ocrx_word' id='word_1_111' title='bbox 1111 1038 1163 1078; x_wconf 87' lang='lat' dir='ltr'>de</span> <span class='ocrx_word' id='word_1_112' title='bbox 1196 1040 1374 1078; x_wconf 89' lang='lat' dir='ltr'>unitate.</span> <span class='ocrx_word' id='word_1_113' title='bbox 1410 1039 1512 1080; x_wconf 88' lang='grc'><strong>177.</strong></span> 
     </span>
     <span class='ocr_line' id='line_1_14' title="bbox 270 1096 1980 1152; baseline 0.002 -18"><span class='ocrx_word' id='word_1_114' title='bbox 270 1096 315 1134; x_wconf 87' lang='lat' dir='ltr'>S.</span> <span class='ocrx_word' id='word_1_115' title='bbox 348 1096 497 1147; x_wconf 72' lang='lat' dir='ltr'>Cyn-illi</span> <span class='ocrx_word' id='word_1_116' title='bbox 525 1096 899 1149; x_wconf 86' lang='lat' dir='ltr'>Hierosolymitani</span> <span class='ocrx_word' id='word_1_117' title='bbox 933 1099 1151 1139; x_wconf 89' lang='lat' dir='ltr'>sententia</span> <span class='ocrx_word' id='word_1_118' title='bbox 1183 1099 1235 1139; x_wconf 91' lang='lat' dir='ltr'>de</span> <span class='ocrx_word' id='word_1_119' title='bbox 1268 1099 1619 1152; x_wconf 88' lang='lat' dir='ltr'>rebaptizatione.</span> <span class='ocrx_word' id='word_1_120' title='bbox 1653 1099 1756 1140; x_wconf 93' lang='grc'><strong>171.</strong></span> <span class='ocrx_word' id='word_1_121' title='bbox 1789 1099 1831 1138; x_wconf 82' lang='grc' dir='ltr'>ἰη</span> <span class='ocrx_word' id='word_1_122' title='bbox 1863 1101 1980 1139; x_wconf 88' lang='lat' dir='ltr'>nota.</span> 
     </span>
    </p>
   </div>
   <div class='ocr_carea' id='block_1_5' title="bbox 267 1197 2132 3579">
    <p class='ocr_par' dir='ltr' id='par_1_5' title="bbox 267 1197 2130 1682">
     <span class='ocr_line' id='line_1_15' title="bbox 267 1197 2127 1270; baseline 0.001 -15"><span class='ocrx_word' id='word_1_123' title='bbox 267 1197 507 1259; x_wconf 74' lang='lat' dir='ltr'>Damasus</span> <span class='ocrx_word' id='word_1_124' title='bbox 538 1217 655 1268; x_wconf 90' lang='lat' dir='ltr'>Papa</span> <span class='ocrx_word' id='word_1_125' title='bbox 685 1217 894 1268; x_wconf 88' lang='lat' dir='ltr'>quomodo</span> <span class='ocrx_word' id='word_1_126' title='bbox 928 1231 973 1258; x_wconf 92' lang='lat' dir='ltr'>se</span> <span class='ocrx_word' id='word_1_127' title='bbox 1005 1219 1139 1270; x_wconf 79' lang='lat' dir='ltr'>gessit</span> <span class='ocrx_word' id='word_1_128' title='bbox 1170 1231 1262 1259; x_wconf 89' lang='lat' dir='ltr'>cum</span> <span class='ocrx_word' id='word_1_129' title='bbox 1293 1218 1466 1259; x_wconf 92' lang='lat' dir='ltr'>Meletio</span> <span class='ocrx_word' id='word_1_130' title='bbox 1498 1219 1779 1261; x_wconf 87' lang='lat' dir='ltr'>Antiocheno.</span> <span class='ocrx_word' id='word_1_131' title='bbox 1826 1220 1875 1261; x_wconf 89' lang='lat' dir='ltr'>V.</span> <span class='ocrx_word' id='word_1_132' title='bbox 1909 1217 2127 1259; x_wconf 67' lang='lat' dir='ltr'>Melettus.</span> 
     </span>
     <span class='ocr_line' id='line_1_16' title="bbox 329 1276 2129 1328; baseline 0 -13"><span class='ocrx_word' id='word_1_133' title='bbox 329 1277 375 1316; x_wconf 92' lang='lat' dir='ltr'>In</span> <span class='ocrx_word' id='word_1_134' title='bbox 418 1277 601 1328; x_wconf 87' lang='lat' dir='ltr'>epistola</span> <span class='ocrx_word' id='word_1_135' title='bbox 640 1276 694 1315; x_wconf 89' lang='lat' dir='ltr'>ad</span> <span class='ocrx_word' id='word_1_136' title='bbox 726 1277 945 1317; x_wconf 89' lang='lat' dir='ltr'>Paulinum</span> <span class='ocrx_word' id='word_1_137' title='bbox 986 1278 1086 1317; x_wconf 88' lang='lat' dir='ltr'>fidei</span> <span class='ocrx_word' id='word_1_138' title='bbox 1129 1279 1345 1318; x_wconf 86' lang='lat' dir='ltr'>formulam</span> <span class='ocrx_word' id='word_1_139' title='bbox 1387 1282 1524 1326; x_wconf 80' lang='lat' dir='ltr'>misit,</span> <span class='ocrx_word' id='word_1_140' title='bbox 1567 1281 1635 1319; x_wconf 90' lang='lat' dir='ltr'>cui</span> <span class='ocrx_word' id='word_1_141' title='bbox 1678 1279 2015 1326; x_wconf 86' lang='lat' dir='ltr'>subscriberent,</span> <span class='ocrx_word' id='word_1_142' title='bbox 2059 1277 2129 1328; x_wconf 90' lang='lat' dir='ltr'>qui</span> 
     </span>
     <span class='ocr_line' id='line_1_17' title="bbox 329 1337 2130 1390; baseline 0 -15"><span class='ocrx_word' id='word_1_143' title='bbox 329 1337 487 1376; x_wconf 87' lang='lat' dir='ltr'>vellent</span> <span class='ocrx_word' id='word_1_144' title='bbox 529 1348 621 1375; x_wconf 90' lang='lat' dir='ltr'>cum</span> <span class='ocrx_word' id='word_1_145' title='bbox 666 1349 717 1376; x_wconf 91' lang='lat' dir='ltr'>eo</span> <span class='ocrx_word' id='word_1_146' title='bbox 761 1337 965 1377; x_wconf 87' lang='lat' dir='ltr'>unitatem</span> <span class='ocrx_word' id='word_1_147' title='bbox 1005 1341 1169 1377; x_wconf 86' lang='lat' dir='ltr'>tenere.</span> <span class='ocrx_word' id='word_1_148' title='bbox 1204 1338 1305 1380; x_wconf 88' lang='lat'>132.</span> <span class='ocrx_word' id='word_1_149' title='bbox 1369 1339 1519 1378; x_wconf 85' lang='lat' dir='ltr'>Eidem</span> <span class='ocrx_word' id='word_1_150' title='bbox 1549 1340 1815 1380; x_wconf 88' lang='lat' dir='ltr'>tribuendum</span> <span class='ocrx_word' id='word_1_151' title='bbox 1850 1338 2056 1390; x_wconf 90' lang='lat' dir='ltr'>judicium</span> <span class='ocrx_word' id='word_1_152' title='bbox 2086 1337 2130 1376; x_wconf 88' lang='lat' dir='ltr'>in</span> 
     </span>
     <span class='ocr_line' id='line_1_18' title="bbox 328 1397 2130 1449; baseline 0 -13"><span class='ocrx_word' id='word_1_153' title='bbox 328 1397 621 1437; x_wconf 88' lang='lat' dir='ltr'>Macedoniam</span> <span class='ocrx_word' id='word_1_154' title='bbox 660 1397 870 1438; x_wconf 88' lang='lat' dir='ltr'>haeresim</span> <span class='ocrx_word' id='word_1_155' title='bbox 913 1398 1145 1439; x_wconf 88' lang='lat' dir='ltr'>indicatum</span> <span class='ocrx_word' id='word_1_156' title='bbox 1186 1411 1212 1438; x_wconf 94' lang='lat' dir='ltr'>a</span> <span class='ocrx_word' id='word_1_157' title='bbox 1245 1400 1494 1438; x_wconf 84' lang='lat' dir='ltr'>Sozomeno.</span> <span class='ocrx_word' id='word_1_158' title='bbox 1531 1400 1633 1439; x_wconf 93' lang='lat'>132.</span> <span class='ocrx_word' id='word_1_159' title='bbox 1678 1401 1721 1439; x_wconf 93' lang='lat' dir='ltr'>in</span> <span class='ocrx_word' id='word_1_160' title='bbox 1755 1403 1871 1439; x_wconf 89' lang='lat' dir='ltr'>nota.</span> <span class='ocrx_word' id='word_1_161' title='bbox 1933 1397 2130 1449; x_wconf 88' lang='lat' dir='ltr'>Epistola</span> 
     </span>
     <span class='ocr_line' id='line_1_19' title="bbox 330 1458 2130 1512; baseline 0 -16"><span class='ocrx_word' id='word_1_162' title='bbox 330 1458 515 1509; x_wconf 88' lang='lat' dir='ltr'>ejusdem</span> <span class='ocrx_word' id='word_1_163' title='bbox 548 1460 700 1497; x_wconf 91' lang='lat' dir='ltr'>contra</span> <span class='ocrx_word' id='word_1_164' title='bbox 731 1459 915 1498; x_wconf 90' lang='lat' dir='ltr'>eamdem</span> <span class='ocrx_word' id='word_1_165' title='bbox 946 1459 1153 1500; x_wconf 88' lang='lat' dir='ltr'>haeresim</span> <span class='ocrx_word' id='word_1_166' title='bbox 1187 1459 1226 1498; x_wconf 92' lang='lat' dir='ltr'>in</span> <span class='ocrx_word' id='word_1_167' title='bbox 1260 1460 1449 1499; x_wconf 87' lang='lat' dir='ltr'>Romana</span> <span class='ocrx_word' id='word_1_168' title='bbox 1481 1461 1640 1512; x_wconf 74' lang='lat' dir='ltr'>synodo</span> <span class='ocrx_word' id='word_1_169' title='bbox 1672 1458 1851 1512; x_wconf 86' lang='lat' dir='ltr'>scripta,</span> <span class='ocrx_word' id='word_1_170' title='bbox 1896 1459 1948 1498; x_wconf 91' lang='lat' dir='ltr'>ab</span> <span class='ocrx_word' id='word_1_171' title='bbox 1981 1459 2130 1499; x_wconf 90' lang='lat' dir='ltr'>Orien-</span> 
     </span>
     <span class='ocr_line' id='line_1_20' title="bbox 328 1518 2130 1572; baseline -0.001 -14"><span class='ocrx_word' id='word_1_172' title='bbox 328 1519 485 1558; x_wconf 86' lang='lat' dir='ltr'>talibus</span> <span class='ocrx_word' id='word_1_173' title='bbox 517 1519 757 1571; x_wconf 84' lang='lat' dir='ltr'>subscripta</span> <span class='ocrx_word' id='word_1_174' title='bbox 800 1519 842 1559; x_wconf 91' lang='lat' dir='ltr'>in</span> <span class='ocrx_word' id='word_1_175' title='bbox 874 1520 1139 1561; x_wconf 87' lang='lat' dir='ltr'>Antiochena</span> <span class='ocrx_word' id='word_1_176' title='bbox 1180 1520 1356 1571; x_wconf 85' lang='lat' dir='ltr'>synodo.</span> <span class='ocrx_word' id='word_1_177' title='bbox 1392 1521 1493 1560; x_wconf 90' lang='lat'>133.</span> <span class='ocrx_word' id='word_1_178' title='bbox 1557 1522 1667 1561; x_wconf 91' lang='lat' dir='ltr'>Num</span> <span class='ocrx_word' id='word_1_179' title='bbox 1700 1525 1742 1561; x_wconf 87' lang='lat' dir='ltr'>et</span> <span class='ocrx_word' id='word_1_180' title='bbox 1775 1533 1856 1572; x_wconf 86' lang='lat' dir='ltr'>quo</span> <span class='ocrx_word' id='word_1_181' title='bbox 1890 1531 2014 1559; x_wconf 85' lang='lat' dir='ltr'>sensu</span> <span class='ocrx_word' id='word_1_182' title='bbox 2046 1518 2130 1558; x_wconf 86' lang='lat' dir='ltr'>Da-</span> 
     </span>
     <span class='ocr_line' id='line_1_21' title="bbox 329 1579 2127 1634; baseline -0.001 -15"><span class='ocrx_word' id='word_1_183' title='bbox 329 1592 484 1619; x_wconf 91' lang='lat' dir='ltr'>masum</span> <span class='ocrx_word' id='word_1_184' title='bbox 523 1583 614 1620; x_wconf 89' lang='lat' dir='ltr'>tres</span> <span class='ocrx_word' id='word_1_185' title='bbox 657 1579 910 1633; x_wconf 86' lang='lat' dir='ltr'>hypostases</span> <span class='ocrx_word' id='word_1_186' title='bbox 951 1582 1108 1623; x_wconf 64' lang='lat' dir='ltr'>diserte</span> <span class='ocrx_word' id='word_1_187' title='bbox 1139 1582 1396 1634; x_wconf 73' lang='lat' dir='ltr'>praedicare</span> <span class='ocrx_word' id='word_1_188' title='bbox 1437 1583 1593 1634; x_wconf 85' lang='lat' dir='ltr'>poterit</span> <span class='ocrx_word' id='word_1_189' title='bbox 1636 1581 1844 1622; x_wconf 83' lang='lat' dir='ltr'>affirmare</span> <span class='ocrx_word' id='word_1_190' title='bbox 1887 1580 2127 1621; x_wconf 78' lang='lat' dir='ltr'>Flavianus.</span> 
     </span>
     <span class='ocr_line' id='line_1_22' title="bbox 330 1641 654 1682; baseline 0.009 -3"><span class='ocrx_word' id='word_1_191' title='bbox 330 1641 430 1682; x_wconf 81' lang='lat'>134.</span> <span class='ocrx_word' id='word_1_192' title='bbox 464 1642 507 1680; x_wconf 94' lang='lat' dir='ltr'>in</span> <span class='ocrx_word' id='word_1_193' title='bbox 538 1644 654 1682; x_wconf 86' lang='lat' dir='ltr'>nota.</span> 
     </span>
    </p>

    <p class='ocr_par' dir='ltr' id='par_1_6' title="bbox 269 1700 1115 1753">
     <span class='ocr_line' id='line_1_23' title="bbox 269 1700 1115 1753; baseline 0.004 -12"><span class='ocrx_word' id='word_1_194' title='bbox 269 1703 312 1743; x_wconf 90' lang='lat' dir='ltr'>S.</span> <span class='ocrx_word' id='word_1_195' title='bbox 348 1702 497 1742; x_wconf 86' lang='lat' dir='ltr'>Daniel</span> <span class='ocrx_word' id='word_1_196' title='bbox 531 1702 690 1753; x_wconf 68' lang='lat' dir='ltr'>Stylita</span> <span class='ocrx_word' id='word_1_197' title='bbox 721 1700 976 1742; x_wconf 87' lang='lat' dir='ltr'>vindicatus.</span> <span class='ocrx_word' id='word_1_198' title='bbox 1010 1702 1115 1744; x_wconf 86' lang='lat'>343.</span> 
     </span>
    </p>

    <p class='ocr_par' dir='ltr' id='par_1_7' title="bbox 268 1762 2132 2664">
     <span class='ocr_line' id='line_1_24' title="bbox 268 1762 2132 1816; baseline -0.001 -15"><span class='ocrx_word' id='word_1_199' title='bbox 268 1762 545 1802; x_wconf 87' lang='lat' dir='ltr'>Definitiones</span> <span class='ocrx_word' id='word_1_200' title='bbox 576 1762 675 1802; x_wconf 87' lang='lat' dir='ltr'>fidei</span> <span class='ocrx_word' id='word_1_201' title='bbox 708 1764 879 1815; x_wconf 89' lang='lat' dir='ltr'>proprie</span> <span class='ocrx_word' id='word_1_202' title='bbox 911 1763 1078 1812; x_wconf 84' lang='lat' dir='ltr'>dictae,</span> <span class='ocrx_word' id='word_1_203' title='bbox 1125 1765 1274 1816; x_wconf 87' lang='lat' dir='ltr'>quibus</span> <span class='ocrx_word' id='word_1_204' title='bbox 1321 1765 1600 1804; x_wconf 82' lang='lat' dir='ltr'>infallibilitas</span> <span class='ocrx_word' id='word_1_205' title='bbox 1639 1763 1885 1811; x_wconf 87' lang='lat' dir='ltr'>tribuenda,</span> <span class='ocrx_word' id='word_1_206' title='bbox 1928 1773 2132 1814; x_wconf 87' lang='lat' dir='ltr'>quaenam</span> 
     </span>
     <span class='ocr_line' id='line_1_25' title="bbox 328 1822 2130 1877; baseline -0.001 -14"><span class='ocrx_word' id='word_1_207' title='bbox 328 1825 427 1863; x_wconf 90' lang='lat' dir='ltr'>sint.</span> <span class='ocrx_word' id='word_1_208' title='bbox 459 1824 565 1863; x_wconf 89' lang='grc'><strong>290.</strong></span> <span class='ocrx_word' id='word_1_209' title='bbox 631 1826 750 1868; x_wconf 88' lang='lat' dir='ltr'>Quae</span> <span class='ocrx_word' id='word_1_210' title='bbox 783 1824 922 1863; x_wconf 89' lang='lat' dir='ltr'>dictae</span> <span class='ocrx_word' id='word_1_211' title='bbox 957 1838 1008 1864; x_wconf 69' lang='lat' dir='ltr'>es·</span> <span class='ocrx_word' id='word_1_212' title='bbox 1042 1825 1259 1867; x_wconf 66' lang='lat' dir='ltr'>cathedra.</span> <span class='ocrx_word' id='word_1_213' title='bbox 1293 1825 1397 1867; x_wconf 82' lang='lat'>293.</span> <span class='ocrx_word' id='word_1_214' title='bbox 1434 1830 1477 1865; x_wconf 90' lang='lat' dir='ltr'>et</span> <span class='ocrx_word' id='word_1_215' title='bbox 1509 1838 1624 1877; x_wconf 81' lang='lat' dir='ltr'>seqq.</span> <span class='ocrx_word' id='word_1_216' title='bbox 1689 1825 1799 1869; x_wconf 87' lang='lat' dir='ltr'>Quid</span> <span class='ocrx_word' id='word_1_217' title='bbox 1831 1824 1885 1864; x_wconf 89' lang='lat' dir='ltr'>ad</span> <span class='ocrx_word' id='word_1_218' title='bbox 1918 1822 2130 1862; x_wconf 88' lang='lat' dir='ltr'>definitio-</span> 
     </span>
     <span class='ocr_line' id='line_1_26' title="bbox 329 1884 2130 1941; baseline -0.002 -17"><span class='ocrx_word' id='word_1_219' title='bbox 329 1897 420 1924; x_wconf 92' lang='lat' dir='ltr'>nem</span> <span class='ocrx_word' id='word_1_220' title='bbox 451 1885 624 1936; x_wconf 88' lang='lat' dir='ltr'>proprie</span> <span class='ocrx_word' id='word_1_221' title='bbox 659 1884 813 1924; x_wconf 88' lang='lat' dir='ltr'>dictam</span> <span class='ocrx_word' id='word_1_222' title='bbox 847 1886 1102 1936; x_wconf 89' lang='lat' dir='ltr'>requiratur.</span> <span class='ocrx_word' id='word_1_223' title='bbox 1135 1886 1240 1927; x_wconf 84' lang='lat'>295.</span> <span class='ocrx_word' id='word_1_224' title='bbox 1274 1886 1377 1926; x_wconf 86' lang='lat'>316.</span> <span class='ocrx_word' id='word_1_225' title='bbox 1427 1886 1537 1941; x_wconf 81' lang='lat' dir='ltr'>Quid</span> <span class='ocrx_word' id='word_1_226' title='bbox 1570 1886 1758 1936; x_wconf 88' lang='lat' dir='ltr'>requirat</span> <span class='ocrx_word' id='word_1_227' title='bbox 1792 1885 1918 1924; x_wconf 88' lang='lat' dir='ltr'>etiam</span> <span class='ocrx_word' id='word_1_228' title='bbox 1951 1885 2130 1923; x_wconf 89' lang='lat' dir='ltr'>Bossue-</span> 
     </span>
     <span class='ocr_line' id='line_1_27' title="bbox 326 1944 2131 1998; baseline -0.002 -14"><span class='ocrx_word' id='word_1_229' title='bbox 326 1950 411 1985; x_wconf 90' lang='lat' dir='ltr'>tus.</span> <span class='ocrx_word' id='word_1_230' title='bbox 445 1946 549 1984; x_wconf 87' lang='grc'><strong>319.</strong></span> <span class='ocrx_word' id='word_1_231' title='bbox 614 1946 719 1984; x_wconf 86' lang='lat' dir='ltr'>Tria</span> <span class='ocrx_word' id='word_1_232' title='bbox 749 1946 956 1998; x_wconf 88' lang='lat' dir='ltr'>requisita</span> <span class='ocrx_word' id='word_1_233' title='bbox 987 1946 1184 1986; x_wconf 90' lang='lat' dir='ltr'>notanda.</span> <span class='ocrx_word' id='word_1_234' title='bbox 1219 1946 1324 1986; x_wconf 83' lang='lat'>320.</span> <span class='ocrx_word' id='word_1_235' title='bbox 1387 1947 1664 1987; x_wconf 89' lang='lat' dir='ltr'>Conditiones</span> <span class='ocrx_word' id='word_1_236' title='bbox 1695 1947 1746 1985; x_wconf 88' lang='lat' dir='ltr'>ab</span> <span class='ocrx_word' id='word_1_237' title='bbox 1779 1944 2036 1985; x_wconf 90' lang='lat' dir='ltr'>adversariis</span> <span class='ocrx_word' id='word_1_238' title='bbox 2066 1955 2131 1981; x_wconf 92' lang='lat' dir='ltr'>re-</span> 
     </span>
     <span class='ocr_line' id='line_1_28' title="bbox 328 2003 2132 2060; baseline -0.002 -15"><span class='ocrx_word' id='word_1_239' title='bbox 328 2007 533 2060; x_wconf 80' lang='lat' dir='ltr'>quisitae,</span> <span class='ocrx_word' id='word_1_240' title='bbox 567 2009 613 2045; x_wconf 91' lang='lat' dir='ltr'>ut</span> <span class='ocrx_word' id='word_1_241' title='bbox 646 2006 833 2057; x_wconf 83' lang='lat' dir='ltr'>obligent</span> <span class='ocrx_word' id='word_1_242' title='bbox 866 2009 1067 2058; x_wconf 71' lang='lat' dir='ltr'>reiectae.</span> <span class='ocrx_word' id='word_1_243' title='bbox 1101 2009 1147 2049; x_wconf 91' lang='lat' dir='ltr'>V.</span> <span class='ocrx_word' id='word_1_244' title='bbox 1182 2007 1466 2048; x_wconf 73' lang='lat' dir='ltr'>conditiones.</span> <span class='ocrx_word' id='word_1_245' title='bbox 1530 2007 1847 2058; x_wconf 77' lang='lat' dir='ltr'>praerequisita</span> <span class='ocrx_word' id='word_1_246' title='bbox 1888 2003 2132 2050; x_wconf 85' lang='lat' dir='ltr'>necessaria</span> 
     </span>
     <span class='ocr_line' id='line_1_29' title="bbox 328 2064 2129 2119; baseline -0.002 -12"><span class='ocrx_word' id='word_1_247' title='bbox 328 2067 516 2107; x_wconf 83' lang='lat' dir='ltr'>adfuisse</span> <span class='ocrx_word' id='word_1_248' title='bbox 547 2079 713 2119; x_wconf 89' lang='lat' dir='ltr'>semper</span> <span class='ocrx_word' id='word_1_249' title='bbox 745 2070 809 2106; x_wconf 86' lang='lat' dir='ltr'>est</span> <span class='ocrx_word' id='word_1_250' title='bbox 841 2069 1201 2118; x_wconf 83' lang='lat' dir='ltr'>praesumendum,</span> <span class='ocrx_word' id='word_1_251' title='bbox 1238 2072 1280 2107; x_wconf 91' lang='lat' dir='ltr'>et</span> <span class='ocrx_word' id='word_1_252' title='bbox 1315 2080 1402 2107; x_wconf 89' lang='lat' dir='ltr'>cur.</span> <span class='ocrx_word' id='word_1_253' title='bbox 1434 2069 1538 2107; x_wconf 88' lang='lat'>295.</span> <span class='ocrx_word' id='word_1_254' title='bbox 1586 2068 1651 2107; x_wconf 88' lang='lat' dir='ltr'>Ad</span> <span class='ocrx_word' id='word_1_255' title='bbox 1684 2067 1855 2119; x_wconf 89' lang='lat' dir='ltr'>proprie</span> <span class='ocrx_word' id='word_1_256' title='bbox 1887 2066 2026 2106; x_wconf 89' lang='lat' dir='ltr'>dictas</span> <span class='ocrx_word' id='word_1_257' title='bbox 2057 2064 2129 2103; x_wconf 87' lang='lat' dir='ltr'>de-</span> 
     </span>
     <span class='ocr_line' id='line_1_30' title="bbox 327 2126 2130 2180; baseline -0.001 -13"><span class='ocrx_word' id='word_1_258' title='bbox 327 2127 540 2167; x_wconf 86' lang='lat' dir='ltr'>finitiones</span> <span class='ocrx_word' id='word_1_259' title='bbox 571 2129 691 2180; x_wconf 90' lang='lat' dir='ltr'>plura</span> <span class='ocrx_word' id='word_1_260' title='bbox 721 2139 805 2166; x_wconf 91' lang='lat' dir='ltr'>non</span> <span class='ocrx_word' id='word_1_261' title='bbox 838 2132 935 2168; x_wconf 90' lang='lat' dir='ltr'>sunt</span> <span class='ocrx_word' id='word_1_262' title='bbox 965 2129 1446 2168; x_wconf 84' lang='lat' dir='ltr'>referenda.292.315.</span> <span class='ocrx_word' id='word_1_263' title='bbox 1477 2129 1582 2170; x_wconf 85' lang='lat'>318.</span> <span class='ocrx_word' id='word_1_264' title='bbox 1607 2129 1709 2168; x_wconf 89' lang='grc'><strong>319.</strong></span> <span class='ocrx_word' id='word_1_265' title='bbox 1731 2130 1772 2168; x_wconf 91' lang='lat' dir='ltr'>in</span> <span class='ocrx_word' id='word_1_266' title='bbox 1799 2131 1916 2167; x_wconf 85' lang='lat' dir='ltr'>nota.</span> <span class='ocrx_word' id='word_1_267' title='bbox 1958 2126 2130 2177; x_wconf 82' lang='lat' dir='ltr'>Praeiu-</span> 
     </span>
     <span class='ocr_line' id='line_1_31' title="bbox 327 2187 2130 2241; baseline -0.001 -14"><span class='ocrx_word' id='word_1_268' title='bbox 327 2188 481 2228; x_wconf 91' lang='lat' dir='ltr'>dicium</span> <span class='ocrx_word' id='word_1_269' title='bbox 512 2189 555 2228; x_wconf 90' lang='lat' dir='ltr'>in</span> <span class='ocrx_word' id='word_1_270' title='bbox 587 2188 666 2229; x_wconf 88' lang='lat' dir='ltr'>hoc</span> <span class='ocrx_word' id='word_1_271' title='bbox 700 2189 911 2228; x_wconf 89' lang='lat' dir='ltr'>detectum</span> <span class='ocrx_word' id='word_1_272' title='bbox 945 2193 988 2229; x_wconf 88' lang='lat' dir='ltr'>et</span> <span class='ocrx_word' id='word_1_273' title='bbox 1022 2190 1326 2241; x_wconf 85' lang='lat' dir='ltr'>deponendum.</span> <span class='ocrx_word' id='word_1_274' title='bbox 1359 2191 1462 2231; x_wconf 83' lang='lat'>315.</span> <span class='ocrx_word' id='word_1_275' title='bbox 1512 2191 1583 2231; x_wconf 84' lang='lat' dir='ltr'>Vis</span> <span class='ocrx_word' id='word_1_276' title='bbox 1605 2195 1647 2229; x_wconf 89' lang='lat' dir='ltr'>et</span> <span class='ocrx_word' id='word_1_277' title='bbox 1681 2193 1813 2230; x_wconf 87' lang='lat' dir='ltr'>metus</span> <span class='ocrx_word' id='word_1_278' title='bbox 1846 2187 2130 2229; x_wconf 89' lang='lat' dir='ltr'>definitionem</span> 
     </span>
     <span class='ocr_line' id='line_1_32' title="bbox 329 2248 2129 2302; baseline -0.001 -14"><span class='ocrx_word' id='word_1_279' title='bbox 329 2250 500 2301; x_wconf 87' lang='lat' dir='ltr'>proprie</span> <span class='ocrx_word' id='word_1_280' title='bbox 533 2249 689 2289; x_wconf 88' lang='lat' dir='ltr'>dictam</span> <span class='ocrx_word' id='word_1_281' title='bbox 721 2250 964 2290; x_wconf 89' lang='lat' dir='ltr'>excludunt.</span> <span class='ocrx_word' id='word_1_282' title='bbox 993 2250 1100 2292; x_wconf 80' lang='grc'><strong>292.</strong></span> <span class='ocrx_word' id='word_1_283' title='bbox 1135 2251 1238 2292; x_wconf 86' lang='lat'>293.</span> <span class='ocrx_word' id='word_1_284' title='bbox 1275 2251 1380 2291; x_wconf 86' lang='lat'>305.</span> <span class='ocrx_word' id='word_1_285' title='bbox 1447 2251 1552 2291; x_wconf 91' lang='lat' dir='ltr'>Usus</span> <span class='ocrx_word' id='word_1_286' title='bbox 1586 2251 1858 2302; x_wconf 85' lang='lat' dir='ltr'>Apostolicae</span> <span class='ocrx_word' id='word_1_287' title='bbox 1899 2248 2129 2289; x_wconf 84' lang='lat' dir='ltr'>auctorita-</span> 
     </span>
     <span class='ocr_line' id='line_1_33' title="bbox 328 2309 2129 2363; baseline -0.002 -14"><span class='ocrx_word' id='word_1_288' title='bbox 328 2312 383 2350; x_wconf 88' lang='lat' dir='ltr'>tis</span> <span class='ocrx_word' id='word_1_289' title='bbox 416 2311 457 2349; x_wconf 92' lang='lat' dir='ltr'>in</span> <span class='ocrx_word' id='word_1_290' title='bbox 477 2310 717 2350; x_wconf 88' lang='lat' dir='ltr'>Pontificiis</span> <span class='ocrx_word' id='word_1_291' title='bbox 751 2310 936 2351; x_wconf 88' lang='lat' dir='ltr'>decretis</span> <span class='ocrx_word' id='word_1_292' title='bbox 967 2323 1052 2351; x_wconf 92' lang='lat' dir='ltr'>non</span> <span class='ocrx_word' id='word_1_293' title='bbox 1082 2324 1248 2363; x_wconf 89' lang='lat' dir='ltr'>semper</span> <span class='ocrx_word' id='word_1_294' title='bbox 1279 2313 1443 2363; x_wconf 83' lang='lat' dir='ltr'>signum</span> <span class='ocrx_word' id='word_1_295' title='bbox 1475 2315 1539 2352; x_wconf 89' lang='lat' dir='ltr'>est</span> <span class='ocrx_word' id='word_1_296' title='bbox 1566 2311 1824 2352; x_wconf 89' lang='lat' dir='ltr'>definitionis</span> <span class='ocrx_word' id='word_1_297' title='bbox 1851 2309 2129 2361; x_wconf 84' lang='lat' dir='ltr'>dogmaticae.</span> 
     </span>
     <span class='ocr_line' id='line_1_34' title="bbox 327 2369 2130 2413; baseline -0.001 -3"><span class='ocrx_word' id='word_1_298' title='bbox 327 2371 567 2411; x_wconf 87' lang='lat'>293..313.</span> <span class='ocrx_word' id='word_1_299' title='bbox 600 2372 705 2411; x_wconf 90' lang='grc'><strong>321.</strong></span> <span class='ocrx_word' id='word_1_300' title='bbox 768 2372 1028 2412; x_wconf 87' lang='lat' dir='ltr'>Omissiones</span> <span class='ocrx_word' id='word_1_301' title='bbox 1071 2372 1357 2412; x_wconf 85' lang='lat' dir='ltr'>definitionum</span> <span class='ocrx_word' id='word_1_302' title='bbox 1399 2384 1482 2412; x_wconf 91' lang='lat' dir='ltr'>non</span> <span class='ocrx_word' id='word_1_303' title='bbox 1525 2377 1622 2413; x_wconf 91' lang='lat' dir='ltr'>sunt</span> <span class='ocrx_word' id='word_1_304' title='bbox 1662 2371 1952 2412; x_wconf 86' lang='lat' dir='ltr'>accensendae</span> <span class='ocrx_word' id='word_1_305' title='bbox 1983 2369 2130 2410; x_wconf 88' lang='lat' dir='ltr'>defini-</span> 
     </span>
     <span class='ocr_line' id='line_1_35' title="bbox 329 2429 2130 2486; baseline -0.001 -16"><span class='ocrx_word' id='word_1_306' title='bbox 329 2432 517 2471; x_wconf 88' lang='lat' dir='ltr'>tionibus</span> <span class='ocrx_word' id='word_1_307' title='bbox 541 2431 657 2480; x_wconf 88' lang='lat' dir='ltr'>fidei,</span> <span class='ocrx_word' id='word_1_308' title='bbox 693 2433 842 2483; x_wconf 88' lang='lat' dir='ltr'>quibus</span> <span class='ocrx_word' id='word_1_309' title='bbox 865 2445 915 2472; x_wconf 75' lang='lat' dir='ltr'>ex</span> <span class='ocrx_word' id='word_1_310' title='bbox 941 2434 1157 2486; x_wconf 88' lang='lat' dir='ltr'>promissis</span> <span class='ocrx_word' id='word_1_311' title='bbox 1176 2433 1332 2473; x_wconf 89' lang='lat' dir='ltr'>Christi</span> <span class='ocrx_word' id='word_1_312' title='bbox 1356 2434 1558 2486; x_wconf 88' lang='lat' dir='ltr'>competit</span> <span class='ocrx_word' id='word_1_313' title='bbox 1588 2433 1882 2473; x_wconf 85' lang='lat' dir='ltr'>infallibilitas.</span> <span class='ocrx_word' id='word_1_314' title='bbox 1899 2432 2005 2471; x_wconf 88' lang='lat'>288.</span> <span class='ocrx_word' id='word_1_315' title='bbox 2022 2429 2130 2469; x_wconf 90' lang='grc'><strong>292.</strong></span> 
     </span>
     <span class='ocr_line' id='line_1_36' title="bbox 327 2489 2128 2539; baseline -0.002 -7"><span class='ocrx_word' id='word_1_316' title='bbox 327 2493 557 2532; x_wconf 90' lang='lat' dir='ltr'>Distinctio</span> <span class='ocrx_word' id='word_1_317' title='bbox 600 2494 713 2532; x_wconf 88' lang='lat' dir='ltr'>inter</span> <span class='ocrx_word' id='word_1_318' title='bbox 744 2493 1014 2533; x_wconf 86' lang='lat' dir='ltr'>definitiones</span> <span class='ocrx_word' id='word_1_319' title='bbox 1047 2493 1168 2539; x_wconf 85' lang='lat' dir='ltr'>fidei,</span> <span class='ocrx_word' id='word_1_320' title='bbox 1216 2506 1268 2534; x_wconf 89' lang='lat' dir='ltr'>ac</span> <span class='ocrx_word' id='word_1_321' title='bbox 1304 2495 1550 2533; x_wconf 87' lang='lat' dir='ltr'>testimonia</span> <span class='ocrx_word' id='word_1_322' title='bbox 1595 2494 1839 2533; x_wconf 88' lang='lat' dir='ltr'>traditionis</span> <span class='ocrx_word' id='word_1_323' title='bbox 1871 2504 1923 2532; x_wconf 82' lang='lat' dir='ltr'>ex</span> <span class='ocrx_word' id='word_1_324' title='bbox 1955 2489 2128 2531; x_wconf 90' lang='lat' dir='ltr'>Pontifi-</span> 
     </span>
     <span class='ocr_line' id='line_1_37' title="bbox 327 2551 2128 2604; baseline -0.001 -13"><span class='ocrx_word' id='word_1_325' title='bbox 327 2565 420 2592; x_wconf 89' lang='lat' dir='ltr'>cum</span> <span class='ocrx_word' id='word_1_326' title='bbox 453 2553 653 2604; x_wconf 88' lang='lat' dir='ltr'>operibus</span> <span class='ocrx_word' id='word_1_327' title='bbox 685 2557 862 2604; x_wconf 84' lang='lat' dir='ltr'>sumpta.</span> <span class='ocrx_word' id='word_1_328' title='bbox 896 2554 1000 2592; x_wconf 87' lang='lat'>316.</span> <span class='ocrx_word' id='word_1_329' title='bbox 1063 2553 1296 2593; x_wconf 89' lang='lat' dir='ltr'>Discrimen</span> <span class='ocrx_word' id='word_1_330' title='bbox 1330 2554 1441 2593; x_wconf 85' lang='lat' dir='ltr'>inter</span> <span class='ocrx_word' id='word_1_331' title='bbox 1475 2553 1740 2593; x_wconf 87' lang='lat' dir='ltr'>definitiones</span> <span class='ocrx_word' id='word_1_332' title='bbox 1771 2551 2042 2600; x_wconf 82' lang='lat' dir='ltr'>Pontfficias,</span> <span class='ocrx_word' id='word_1_333' title='bbox 2086 2553 2128 2590; x_wconf 90' lang='lat' dir='ltr'>et</span> 
     </span>
     <span class='ocr_line' id='line_1_38' title="bbox 329 2613 1495 2664; baseline 0.002 -13"><span class='ocrx_word' id='word_1_334' title='bbox 329 2613 423 2651; x_wconf 84' lang='lat' dir='ltr'>illas</span> <span class='ocrx_word' id='word_1_335' title='bbox 455 2613 603 2664; x_wconf 87' lang='lat' dir='ltr'>synodi</span> <span class='ocrx_word' id='word_1_336' title='bbox 637 2614 946 2652; x_wconf 88' lang='lat' dir='ltr'>oecumenicae.</span> <span class='ocrx_word' id='word_1_337' title='bbox 977 2613 1082 2654; x_wconf 82' lang='grc'><strong>223.</strong></span> <span class='ocrx_word' id='word_1_338' title='bbox 1115 2614 1220 2652; x_wconf 86' lang='grc'><strong>263.</strong></span> <span class='ocrx_word' id='word_1_339' title='bbox 1253 2614 1358 2656; x_wconf 87' lang='grc'><strong>315.</strong></span> <span class='ocrx_word' id='word_1_340' title='bbox 1392 2614 1495 2654; x_wconf 88' lang='grc'><strong>316.</strong></span> 
     </span>
    </p>

    <p class='ocr_par' dir='ltr' id='par_1_8' title="bbox 268 2672 2129 3090">
     <span class='ocr_line' id='line_1_39' title="bbox 268 2672 2128 2725; baseline -0.001 -12"><span class='ocrx_word' id='word_1_341' title='bbox 268 2673 548 2714; x_wconf 90' lang='lat' dir='ltr'>Definitiones</span> <span class='ocrx_word' id='word_1_342' title='bbox 580 2672 682 2712; x_wconf 89' lang='lat' dir='ltr'>fidei</span> <span class='ocrx_word' id='word_1_343' title='bbox 714 2687 740 2713; x_wconf 89' lang='lat' dir='ltr'>a</span> <span class='ocrx_word' id='word_1_344' title='bbox 772 2675 941 2713; x_wconf 87' lang='lat' dir='ltr'>summis</span> <span class='ocrx_word' id='word_1_345' title='bbox 972 2673 1249 2713; x_wconf 90' lang='lat' dir='ltr'>Pontificibus</span> <span class='ocrx_word' id='word_1_346' title='bbox 1292 2673 1434 2714; x_wconf 89' lang='lat' dir='ltr'>editae</span> <span class='ocrx_word' id='word_1_347' title='bbox 1475 2673 1749 2725; x_wconf 88' lang='lat' dir='ltr'>accipiendae</span> <span class='ocrx_word' id='word_1_348' title='bbox 1789 2675 1886 2713; x_wconf 88' lang='lat' dir='ltr'>sunt</span> <span class='ocrx_word' id='word_1_349' title='bbox 1917 2676 2128 2723; x_wconf 88' lang='lat' dir='ltr'>tamquam</span> 
     </span>
     <span class='ocr_line' id='line_1_40' title="bbox 330 2732 2129 2786; baseline -0.001 -12"><span class='ocrx_word' id='word_1_350' title='bbox 330 2735 471 2775; x_wconf 82' lang='lat' dir='ltr'>editae</span> <span class='ocrx_word' id='word_1_351' title='bbox 511 2746 536 2773; x_wconf 91' lang='lat' dir='ltr'>a</span> <span class='ocrx_word' id='word_1_352' title='bbox 570 2735 615 2774; x_wconf 91' lang='lat' dir='ltr'>S.</span> <span class='ocrx_word' id='word_1_353' title='bbox 649 2732 799 2774; x_wconf 91' lang='lat' dir='ltr'>Petro.</span> <span class='ocrx_word' id='word_1_354' title='bbox 835 2735 936 2776; x_wconf 93' lang='grc'><strong>197.</strong></span> <span class='ocrx_word' id='word_1_355' title='bbox 999 2735 1106 2786; x_wconf 88' lang='lat' dir='ltr'>Ipsis</span> <span class='ocrx_word' id='word_1_356' title='bbox 1145 2734 1326 2774; x_wconf 84' lang='lat' dir='ltr'>debetur</span> <span class='ocrx_word' id='word_1_357' title='bbox 1366 2734 1609 2775; x_wconf 86' lang='lat' dir='ltr'>obedientia</span> <span class='ocrx_word' id='word_1_358' title='bbox 1650 2746 1732 2774; x_wconf 91' lang='lat' dir='ltr'>non</span> <span class='ocrx_word' id='word_1_359' title='bbox 1776 2734 1908 2773; x_wconf 91' lang='lat' dir='ltr'>solum</span> <span class='ocrx_word' id='word_1_360' title='bbox 1951 2736 2129 2774; x_wconf 83' lang='lat' dir='ltr'>externa</span> 
     </span>
     <span class='ocr_line' id='line_1_41' title="bbox 330 2793 2126 2846; baseline -0.002 -11"><span class='ocrx_word' id='word_1_361' title='bbox 330 2795 406 2835; x_wconf 89' lang='lat' dir='ltr'>sed</span> <span class='ocrx_word' id='word_1_362' title='bbox 450 2794 578 2835; x_wconf 89' lang='lat' dir='ltr'>etiam</span> <span class='ocrx_word' id='word_1_363' title='bbox 618 2795 784 2835; x_wconf 90' lang='lat' dir='ltr'>interna</span> <span class='ocrx_word' id='word_1_364' title='bbox 825 2795 1058 2835; x_wconf 85' lang='lat' dir='ltr'>Gallicanis</span> <span class='ocrx_word' id='word_1_365' title='bbox 1103 2795 1348 2835; x_wconf 84' lang='lat' dir='ltr'>fatentibus.</span> <span class='ocrx_word' id='word_1_366' title='bbox 1383 2796 1484 2838; x_wconf 88' lang='lat'>199.</span> <span class='ocrx_word' id='word_1_367' title='bbox 1520 2798 1561 2835; x_wconf 89' lang='lat' dir='ltr'>et</span> <span class='ocrx_word' id='word_1_368' title='bbox 1593 2807 1711 2846; x_wconf 87' lang='lat' dir='ltr'>seqq.</span> <span class='ocrx_word' id='word_1_369' title='bbox 1761 2794 1810 2836; x_wconf 91' lang='lat' dir='ltr'>V.</span> <span class='ocrx_word' id='word_1_370' title='bbox 1860 2793 2126 2834; x_wconf 77' lang='lat' dir='ltr'>Obedientia.</span> 
     </span>
     <span class='ocr_line' id='line_1_42' title="bbox 330 2854 2128 2906; baseline -0.001 -12"><span class='ocrx_word' id='word_1_371' title='bbox 330 2854 554 2895; x_wconf 84' lang='lat' dir='ltr'>Sufficiunt</span> <span class='ocrx_word' id='word_1_372' title='bbox 585 2855 641 2895; x_wconf 92' lang='lat' dir='ltr'>ad</span> <span class='ocrx_word' id='word_1_373' title='bbox 671 2855 898 2895; x_wconf 88' lang='lat' dir='ltr'>finiendam</span> <span class='ocrx_word' id='word_1_374' title='bbox 930 2867 1112 2895; x_wconf 87' lang='lat' dir='ltr'>causam.</span> <span class='ocrx_word' id='word_1_375' title='bbox 1148 2856 1249 2898; x_wconf 88' lang='grc'><strong>162.</strong></span> <span class='ocrx_word' id='word_1_376' title='bbox 1306 2857 1465 2896; x_wconf 88' lang='lat' dir='ltr'>Postea</span> <span class='ocrx_word' id='word_1_377' title='bbox 1498 2855 1699 2896; x_wconf 87' lang='lat' dir='ltr'>indictum</span> <span class='ocrx_word' id='word_1_378' title='bbox 1731 2854 1955 2906; x_wconf 90' lang='lat' dir='ltr'>aliquando</span> <span class='ocrx_word' id='word_1_379' title='bbox 1987 2854 2128 2894; x_wconf 89' lang='lat' dir='ltr'>conci-</span> 
     </span>
     <span class='ocr_line' id='line_1_43' title="bbox 329 2914 2127 2969; baseline 0.001 -14"><span class='ocrx_word' id='word_1_380' title='bbox 329 2917 428 2956; x_wconf 92' lang='lat' dir='ltr'>lium</span> <span class='ocrx_word' id='word_1_381' title='bbox 470 2916 524 2955; x_wconf 91' lang='lat' dir='ltr'>ad</span> <span class='ocrx_word' id='word_1_382' title='bbox 568 2916 784 2957; x_wconf 88' lang='lat' dir='ltr'>docendos</span> <span class='ocrx_word' id='word_1_383' title='bbox 826 2920 869 2956; x_wconf 92' lang='lat' dir='ltr'>et</span> <span class='ocrx_word' id='word_1_384' title='bbox 901 2916 1217 2956; x_wconf 88' lang='lat' dir='ltr'>convincendos</span> <span class='ocrx_word' id='word_1_385' title='bbox 1259 2920 1566 2969; x_wconf 83' lang='lat' dir='ltr'>repugnantes,</span> <span class='ocrx_word' id='word_1_386' title='bbox 1612 2919 1684 2956; x_wconf 89' lang='lat' dir='ltr'>aut</span> <span class='ocrx_word' id='word_1_387' title='bbox 1730 2915 1988 2956; x_wconf 87' lang='lat' dir='ltr'>dubitantes.</span> <span class='ocrx_word' id='word_1_388' title='bbox 2024 2914 2127 2957; x_wconf 89' lang='lat'>189.</span> 
     </span>
     <span class='ocr_line' id='line_1_44' title="bbox 329 2974 2128 3030; baseline -0.001 -14"><span class='ocrx_word' id='word_1_389' title='bbox 329 2978 377 3017; x_wconf 90' lang='lat' dir='ltr'>Id</span> <span class='ocrx_word' id='word_1_390' title='bbox 407 2977 518 3016; x_wconf 93' lang='lat' dir='ltr'>bono</span> <span class='ocrx_word' id='word_1_391' title='bbox 551 2978 728 3017; x_wconf 88' lang='lat' dir='ltr'>unitatis</span> <span class='ocrx_word' id='word_1_392' title='bbox 769 2981 931 3029; x_wconf 86' lang='lat' dir='ltr'>gestum</span> <span class='ocrx_word' id='word_1_393' title='bbox 965 2989 1046 3016; x_wconf 91' lang='lat' dir='ltr'>non</span> <span class='ocrx_word' id='word_1_394' title='bbox 1079 2977 1341 3028; x_wconf 76' lang='lat' dir='ltr'>praeJudicat</span> <span class='ocrx_word' id='word_1_395' title='bbox 1372 2979 1415 3017; x_wconf 82' lang='lat' dir='ltr'>vi</span> <span class='ocrx_word' id='word_1_396' title='bbox 1448 2977 1667 3018; x_wconf 87' lang='lat' dir='ltr'>coactivac</span> <span class='ocrx_word' id='word_1_397' title='bbox 1699 2977 1884 3030; x_wconf 89' lang='lat' dir='ltr'>ipsarum</span> <span class='ocrx_word' id='word_1_398' title='bbox 1916 2974 2128 3015; x_wconf 88' lang='lat' dir='ltr'>definitio-</span> 
     </span>
     <span class='ocr_line' id='line_1_45' title="bbox 330 3038 1269 3090; baseline 0.001 -13"><span class='ocrx_word' id='word_1_399' title='bbox 330 3049 447 3086; x_wconf 85' lang='lat' dir='ltr'>num,</span> <span class='ocrx_word' id='word_1_400' title='bbox 482 3038 558 3077; x_wconf 89' lang='lat' dir='ltr'>sed</span> <span class='ocrx_word' id='word_1_401' title='bbox 591 3050 683 3078; x_wconf 89' lang='lat' dir='ltr'>eam</span> <span class='ocrx_word' id='word_1_402' title='bbox 715 3039 858 3090; x_wconf 91' lang='lat' dir='ltr'>potius</span> <span class='ocrx_word' id='word_1_403' title='bbox 891 3038 1132 3090; x_wconf 87' lang='lat' dir='ltr'>praesumit.</span> <span class='ocrx_word' id='word_1_404' title='bbox 1166 3038 1269 3080; x_wconf 89' lang='lat'>194.</span> 
     </span>
    </p>

    <p class='ocr_par' dir='ltr' id='par_1_9' title="bbox 268 3096 2129 3579">
     <span class='ocr_line' id='line_1_46' title="bbox 268 3096 2126 3140; baseline -0.002 -2"><span class='ocrx_word' id='word_1_405' title='bbox 268 3098 550 3138; x_wconf 87' lang='lat' dir='ltr'>Definitiones</span> <span class='ocrx_word' id='word_1_406' title='bbox 595 3110 646 3138; x_wconf 86' lang='lat' dir='ltr'>ex</span> <span class='ocrx_word' id='word_1_407' title='bbox 683 3099 916 3140; x_wconf 89' lang='lat' dir='ltr'>traditione</span> <span class='ocrx_word' id='word_1_408' title='bbox 945 3098 1134 3138; x_wconf 86' lang='lat' dir='ltr'>Romana</span> <span class='ocrx_word' id='word_1_409' title='bbox 1177 3103 1325 3139; x_wconf 86' lang='lat' dir='ltr'>erutae</span> <span class='ocrx_word' id='word_1_410' title='bbox 1359 3110 1431 3138; x_wconf 88' lang='lat' dir='ltr'>cur</span> <span class='ocrx_word' id='word_1_411' title='bbox 1473 3099 1594 3138; x_wconf 87' lang='lat' dir='ltr'>simul</span> <span class='ocrx_word' id='word_1_412' title='bbox 1637 3100 1723 3139; x_wconf 88' lang='lat' dir='ltr'>sint</span> <span class='ocrx_word' id='word_1_413' title='bbox 1764 3096 2030 3136; x_wconf 88' lang='lat' dir='ltr'>definitiones</span> <span class='ocrx_word' id='word_1_414' title='bbox 2074 3106 2126 3135; x_wconf 84' lang='lat' dir='ltr'>ex</span> 
     </span>
     <span class='ocr_line' id='line_1_47' title="bbox 331 3156 2125 3209; baseline -0.002 -11"><span class='ocrx_word' id='word_1_415' title='bbox 331 3160 535 3198; x_wconf 90' lang='lat' dir='ltr'>communi</span> <span class='ocrx_word' id='word_1_416' title='bbox 567 3159 853 3200; x_wconf 86' lang='lat' dir='ltr'>Ecclesiarum</span> <span class='ocrx_word' id='word_1_417' title='bbox 902 3159 1148 3201; x_wconf 87' lang='lat' dir='ltr'>traditione.</span> <span class='ocrx_word' id='word_1_418' title='bbox 1180 3159 1286 3201; x_wconf 83' lang='lat'>201.</span> <span class='ocrx_word' id='word_1_419' title='bbox 1319 3161 1363 3199; x_wconf 89' lang='lat' dir='ltr'>in</span> <span class='ocrx_word' id='word_1_420' title='bbox 1395 3162 1510 3201; x_wconf 91' lang='lat' dir='ltr'>nota.</span> <span class='ocrx_word' id='word_1_421' title='bbox 1587 3159 1635 3198; x_wconf 91' lang='lat' dir='ltr'>In</span> <span class='ocrx_word' id='word_1_422' title='bbox 1678 3158 1866 3198; x_wconf 87' lang='lat' dir='ltr'>materiis</span> <span class='ocrx_word' id='word_1_423' title='bbox 1908 3156 2125 3209; x_wconf 89' lang='lat' dir='ltr'>practicis,</span> 
     </span>
     <span class='ocr_line' id='line_1_48' title="bbox 330 3218 2127 3272; baseline -0.002 -14"><span class='ocrx_word' id='word_1_424' title='bbox 330 3220 401 3259; x_wconf 89' lang='lat' dir='ltr'>ubi</span> <span class='ocrx_word' id='word_1_425' title='bbox 440 3232 683 3272; x_wconf 88' lang='lat' dir='ltr'>magnarum</span> <span class='ocrx_word' id='word_1_426' title='bbox 725 3220 1014 3261; x_wconf 87' lang='lat' dir='ltr'>Ecclesiarum</span> <span class='ocrx_word' id='word_1_427' title='bbox 1066 3220 1393 3260; x_wconf 89' lang='lat' dir='ltr'>consuetudines</span> <span class='ocrx_word' id='word_1_428' title='bbox 1445 3222 1541 3259; x_wconf 90' lang='lat' dir='ltr'>sunt</span> <span class='ocrx_word' id='word_1_429' title='bbox 1583 3218 1801 3264; x_wconf 90' lang='lat' dir='ltr'>diversae,</span> <span class='ocrx_word' id='word_1_430' title='bbox 1856 3221 1899 3257; x_wconf 86' lang='lat' dir='ltr'>et</span> <span class='ocrx_word' id='word_1_431' title='bbox 1951 3228 2127 3268; x_wconf 84' lang='lat' dir='ltr'>magnos</span> 
     </span>
     <span class='ocr_line' id='line_1_49' title="bbox 333 3277 2129 3333; baseline -0.001 -15"><span class='ocrx_word' id='word_1_432' title='bbox 333 3280 530 3331; x_wconf 83' lang='lat' dir='ltr'>utrinque</span> <span class='ocrx_word' id='word_1_433' title='bbox 561 3281 718 3320; x_wconf 88' lang='lat' dir='ltr'>habent</span> <span class='ocrx_word' id='word_1_434' title='bbox 748 3284 975 3333; x_wconf 87' lang='lat' dir='ltr'>patronos,</span> <span class='ocrx_word' id='word_1_435' title='bbox 1021 3279 1308 3322; x_wconf 86' lang='lat' dir='ltr'>definitionem</span> <span class='ocrx_word' id='word_1_436' title='bbox 1339 3281 1509 3333; x_wconf 88' lang='lat' dir='ltr'>proprie</span> <span class='ocrx_word' id='word_1_437' title='bbox 1540 3279 1698 3320; x_wconf 89' lang='lat' dir='ltr'>dictam</span> <span class='ocrx_word' id='word_1_438' title='bbox 1728 3278 1972 3330; x_wconf 88' lang='lat' dir='ltr'>Apostolica</span> <span class='ocrx_word' id='word_1_439' title='bbox 2003 3277 2129 3317; x_wconf 85' lang='lat' dir='ltr'>sedes</span> 
     </span>
     <span class='ocr_line' id='line_1_50' title="bbox 331 3339 2128 3394; baseline -0.001 -15"><span class='ocrx_word' id='word_1_440' title='bbox 331 3339 506 3380; x_wconf 82' lang='lat' dir='ltr'>differre</span> <span class='ocrx_word' id='word_1_441' title='bbox 548 3342 669 3382; x_wconf 89' lang='lat' dir='ltr'>solet.</span> <span class='ocrx_word' id='word_1_442' title='bbox 705 3342 805 3381; x_wconf 92' lang='grc'><strong>171.</strong></span> <span class='ocrx_word' id='word_1_443' title='bbox 840 3341 942 3381; x_wconf 92' lang='grc'><strong>172.</strong></span> <span class='ocrx_word' id='word_1_444' title='bbox 992 3342 1207 3385; x_wconf 86' lang='lat' dir='ltr'>Quatenus</span> <span class='ocrx_word' id='word_1_445' title='bbox 1247 3341 1514 3394; x_wconf 87' lang='lat' dir='ltr'>praeceptis,</span> <span class='ocrx_word' id='word_1_446' title='bbox 1555 3341 1624 3380; x_wconf 78' lang='lat' dir='ltr'>vel</span> <span class='ocrx_word' id='word_1_447' title='bbox 1667 3339 1794 3380; x_wconf 88' lang='lat' dir='ltr'>etiam</span> <span class='ocrx_word' id='word_1_448' title='bbox 1834 3339 1958 3378; x_wconf 88' lang='lat' dir='ltr'>minis</span> <span class='ocrx_word' id='word_1_449' title='bbox 1997 3349 2128 3378; x_wconf 88' lang='lat' dir='ltr'>sanae</span> 
     </span>
     <span class='ocr_line' id='line_1_51' title="bbox 331 3393 2129 3454; baseline -0.001 -15"><span class='ocrx_word' id='word_1_450' title='bbox 331 3400 554 3440; x_wconf 89' lang='lat' dir='ltr'>doctrinae</span> <span class='ocrx_word' id='word_1_451' title='bbox 586 3402 834 3453; x_wconf 88' lang='lat' dir='ltr'>prospiciat.</span> <span class='ocrx_word' id='word_1_452' title='bbox 867 3402 924 3441; x_wconf 88' lang='lat' dir='ltr'>ibi</span> <span class='ocrx_word' id='word_1_453' title='bbox 958 3401 1002 3440; x_wconf 92' lang='lat' dir='ltr'>in</span> <span class='ocrx_word' id='word_1_454' title='bbox 1034 3405 1125 3442; x_wconf 89' lang='lat' dir='ltr'>not.</span> <span class='ocrx_word' id='word_1_455' title='bbox 1188 3402 1301 3443; x_wconf 91' lang='lat' dir='ltr'>Fieri</span> <span class='ocrx_word' id='word_1_456' title='bbox 1333 3393 1475 3454; x_wconf 83' lang='lat' dir='ltr'>&#39;potest</span> <span class='ocrx_word' id='word_1_457' title='bbox 1517 3401 1698 3452; x_wconf 92' lang='lat' dir='ltr'>aliquam</span> <span class='ocrx_word' id='word_1_458' title='bbox 1743 3399 2032 3452; x_wconf 82' lang='lat' dir='ltr'>quaestionem</span> <span class='ocrx_word' id='word_1_459' title='bbox 2062 3400 2129 3438; x_wconf 90' lang='lat' dir='ltr'>tot</span> 
     </span>
     <span class='ocr_line' id='line_1_52' title="bbox 331 3459 2126 3515; baseline -0.002 -14"><span class='ocrx_word' id='word_1_460' title='bbox 331 3473 427 3502; x_wconf 88' lang='lat' dir='ltr'>esse</span> <span class='ocrx_word' id='word_1_461' title='bbox 468 3461 787 3505; x_wconf 81' lang='lat' dir='ltr'>difficultatibus</span> <span class='ocrx_word' id='word_1_462' title='bbox 829 3462 1096 3515; x_wconf 83' lang='lat' dir='ltr'>implicitam,</span> <span class='ocrx_word' id='word_1_463' title='bbox 1140 3466 1186 3504; x_wconf 86' lang='lat' dir='ltr'>ut</span> <span class='ocrx_word' id='word_1_464' title='bbox 1217 3462 1417 3504; x_wconf 80' lang='lat' dir='ltr'>Pontifex</span> <span class='ocrx_word' id='word_1_465' title='bbox 1460 3461 1748 3502; x_wconf 87' lang='lat' dir='ltr'>definitionem</span> <span class='ocrx_word' id='word_1_466' title='bbox 1779 3459 2029 3512; x_wconf 87' lang='lat' dir='ltr'>suspendat,</span> <span class='ocrx_word' id='word_1_467' title='bbox 2075 3469 2126 3497; x_wconf 91' lang='lat' dir='ltr'>eo</span> 
     </span>
     <span class='ocr_line' id='line_1_53' title="bbox 331 3517 2129 3579; baseline -0.002 -17"><span class='ocrx_word' id='word_1_468' title='bbox 331 3522 444 3579; x_wconf 88' lang='lat' dir='ltr'>quod</span> <span class='ocrx_word' id='word_1_469' title='bbox 476 3522 530 3564; x_wconf 87' lang='lat' dir='ltr'>ad</span> <span class='ocrx_word' id='word_1_470' title='bbox 563 3535 655 3563; x_wconf 89' lang='lat' dir='ltr'>eam</span> <span class='ocrx_word' id='word_1_471' title='bbox 687 3535 791 3577; x_wconf 85' lang='lat' dir='ltr'>opus</span> <span class='ocrx_word' id='word_1_472' title='bbox 824 3536 918 3564; x_wconf 90' lang='lat' dir='ltr'>esse</span> <span class='ocrx_word' id='word_1_473' title='bbox 942 3522 1105 3577; x_wconf 78' lang='lat' dir='ltr'>Judicet</span> <span class='ocrx_word' id='word_1_474' title='bbox 1137 3523 1318 3578; x_wconf 87' lang='lat' dir='ltr'>pleniori</span> <span class='ocrx_word' id='word_1_475' title='bbox 1351 3522 1677 3564; x_wconf 88' lang='lat' dir='ltr'>consultatione.</span> <span class='ocrx_word' id='word_1_476' title='bbox 1712 3520 1813 3561; x_wconf 89' lang='grc'><strong>173.</strong></span> <span class='ocrx_word' id='word_1_477' title='bbox 1876 3520 1939 3560; x_wconf 87' lang='lat' dir='ltr'>De</span> <span class='ocrx_word' id='word_1_478' title='bbox 1983 3517 2129 3559; x_wconf 83' lang='lat' dir='ltr'>defini-</span> 
     </span>
    </p>
   </div>
  </div>
 </body>
</html>
