2320 3990
1224 223 1371 260 XXVI

432 377 473 430 5.
504 375 560 419 Π.
604 373 903 433 Antiquarum
917 373 1106 418 traditio
1123 372 1295 419 Christi
1309 375 1686 446 promistionibus
1701 379 1880 435 innixa,
1908 382 2110 427 eamdem

368 434 731 480 infallibilitatem
754 439 894 492 atque
916 433 1211 478 inerrantiam
1237 434 1351 479 satis
1371 435 1586 483 declarat.
1631 438 1822 484 Patrum
1847 441 2112 488 testimonia

370 495 568 540 deducta
591 510 649 539 ex
672 495 751 539 illa
765 493 938 539 Christi
961 494 1284 552 promissione.
1320 497 1492 540 Portae
1516 498 1654 550 ἐπαΐει-ι’
1673 514 1760 544 non
1782 506 2112 555 praevalebunt

369 560 588 601 adversus
609 570 705 600 eam
709 586 1594 600 ..............................
1608 591 1609 594 ,
1613 589 1957 605 ............
1998 577 2107 622 pag.
2139 561 2230 607 269

431 650 473 701 5.
506 646 580 689 111.
629 646 699 689 De
725 645 873 689 altera
898 645 1071 690 Christi
1094 646 1392 704 promissione
1416 647 1557 691 Petro
1590 647 1736 702 facta,
1780 649 1919 694 Grave*
1942 666 2022 706 pro
2051 659 2109 707 te,

369 713 420 750 nc
437 722 522 750 non
541 708 723 759 deficiat
737 708 847 758 fides
866 714 944 749 tua
960 712 1047 750 etc.
1066 707 1176 764 quid
1191 707 1357 750 Patres
1373 707 1668 759 tradiderint,
1691 708 1812 751 unde
1827 710 2110 756 adstruenda
2171 747 2173 749 .

368 772 439 811 est
455 768 582 811 Rom.
600 767 871 812 Pontificiun
886 766 1150 812 inerrantia.
1177 799 2098 816 ...............................
2140 771 2229 815 274

428 859 468 912 5.
502 858 577 900 IV.
630 856 842 901 Traditio
875 857 1064 902 Patrum
1097 857 1152 900 de
1183 857 1584 902 indefectibilitate
1618 863 1666 902 et
1695 857 1967 917 integritate
1999 876 2104 906 con-

364 918 504 962 stanti
520 917 656 961 fidei·
643 933 689 961 in
706 918 908 962 Romana
924 918 1154 962 cathedra.
1179 949 2095 966 ...............................
2137 921 2228 965 279

426 1010 468 1062 5.
501 1009 555 1054 V.
602 1007 789 1065 Effugia
806 1009 1026 1067 Episcopi
1044 1008 1304 1064 Mddensis,
1332 1008 1496 1067 quibus
1518 1015 1788 1054 memoratas
1807 1010 1981 1054 Christi
1997 1026 2105 1069 pro-

366 1068 598 1112 missiones
631 1069 1006 1128 antiquoriunque
1038 1069 1330 1114 traditionem
1361 1069 1574 1114 aliorsum
1603 1070 1858 1114 distrahere
1887 1076 1935 1114 et
1960 1071 2103 1116 inter-

365 1129 537 1186 pretari
564 1130 764 1186 studuit,
797 1130 1082 1188 rejiciuntur.
1112 1161 2094 1176 .................................
2137 1130 2226 1176 282

425 1222 467 1273 5.
501 1220 576 1263 Ἦ.
623 1219 914 1264 Potissimum
937 1220 1301 1264 adversariorum
1328 1221 1558 1278 objectum
1575 1236 1631 1264 ex
1647 1222 1921 1278 praesumtis
1937 1222 2102 1266 Roma-

363 1295 522 1324 norum
539 1280 811 1324 Pontificum
829 1281 1060 1324 erroribus
1079 1282 1201 1324 circa
1216 1282 1350 1326 fidem
1368 1282 1662 1339 expungitur,
1685 1297 1739 1325 eo
1758 1283 1881 1340 quod
1898 1297 1965 1336 ea,
1986 1298 2104 1340 quae

364 1341 670 1384 obtruduntur
693 1341 832 1392 facta,
866 1355 954 1384 non
979 1341 1073 1384 sint
1090 1356 1267 1385 errores
1286 1342 1599 1385 definitionum
1615 1342 1737 1386 fidei.
1786 1343 2105 1387 Praemittitur

363 1400 626 1457 explicatio,
661 1415 882 1457 quaenam
914 1400 1006 1443 sint
1037 1402 1231 1458 proprie
1254 1402 1405 1444 dictae
1432 1401 1721 1444 definitiones
1749 1402 1882 1455 fidei,
1915 1418 2021 1457 seu,
2051 1411 2105 1446 ut

361 1462 510 1517 ajunt,
545 1475 600 1502 ex
633 1459 847 1503 cathedra
882 1459 1055 1512 editae,
1085 1460 1250 1517 quibus
1281 1476 1338 1503 ex
1363 1460 1534 1503 Christi
1567 1460 1802 1517 promissis
1836 1467 1883 1505 et
1914 1462 2104 1506 Patrum

359 1521 606 1563 traditione
632 1519 900 1574 inm-ranna,
933 1524 980 1563 et
1005 1519 1303 1563 infallibilitas
1319 1519 1565 1563 tribuenda
1582 1525 1654 1563 est
1658 1553 2093 1566 ...............
2135 1520 2224 1566 289

421 1612 462 1664 5.
495 1610 591 1652 Vll.
641 1609 883 1662 Quatenus
910 1610 1191 1667 praesumpti
1228 1615 1276 1653 et
1302 1610 1473 1667 objecti
1508 1625 1688 1654 errores
1715 1611 1988 1655 Pontificiun
2015 1626 2102 1655 non

359 1672 621 1730 pertineant
635 1669 701 1714 'ad
729 1670 1015 1714 definitiones
1036 1671 1156 1714 fidei.
1203 1671 1306 1714 Duo
1325 1671 1399 1713 vel
1414 1670 1505 1714 tria
1521 1670 1801 1726 molestiora,
1834 1686 1950 1729 quae
1968 1687 2102 1730 prae-

360 1732 493 1789 cipue
534 1738 761 1788 tamquam
803 1731 1087 1775 evidentiora
1121 1736 1417 1788 opponuntur
1449 1747 1654 1775 errorum
1685 1732 1836 1787 facta,
1885 1748 2100 1790 expresse

360 1793 588 1835 solvenda.
638 1791 835 1836 Primum
855 1792 910 1835 de
929 1792 1060 1849 lapsu
1076 1793 1124 1835 S.
1141 1792 1271 1835 Petri
1289 1790 1522 1850 explosum
1525 1823 2090 1836 ...................
2132 1791 2221 1836 296

421 1886 460 1937 5.
490 1884 527 1923 V
531 1883 606 1925 111.
654 1883 832 1940 Lapsus
849 1883 958 1926 item
973 1882 1150 1926 Liberii
1166 1898 1255 1926 non
1272 1882 1364 1927 fuit
1380 1884 1533 1942 lapsus
1552 1881 1828 1926 definitionis
1844 1880 1951 1926 fidei
1956 1914 2087 1926 .....
2132 1880 2222 1926 300

358 1976 462 2076 fid5.
493 1973 573 2015 IX.
621 1974 823 2030 Lapsus,
842 1972 919 2030 qui
937 1973 1139 2016 Honorio
1157 1974 1402 2043 tribuitur,
1422 1978 1637 2031 quantum
1655 1973 1777 2016 absit
1793 1987 1819 2016 a
1837 1972 2100 2016 definitione
2132 2031 2220 2075 306

423 2048 478 2076 el.
507 2064 2089 2078 .....................................................

420 2119 459 2169 5
498 2116 550 2158 Χ.
599 2115 668 2158 De
695 2115 919 2173 lapsibus,
953 2116 1032 2174 qui
1059 2116 1158 2160 aliis
1179 2116 1482 2160 Pontificibus
1507 2116 1799 2167 tribuuntur,
1835 2119 1883 2158 et
1908 2114 1963 2158 de
1989 2129 2099 2158 non—

356 2175 486 2220 nullis
528 2177 815 2233 antiquorum
855 2177 1183 2232 testimoniis,
1201 2191 1318 2235 quae
1361 2192 1541 2221 errores
1572 2147 1846 2219 Pontificum
1883 2175 2101 2228 indicant,

356 2237 576 2294 quaedam
592 2236 901 2294 attinguntur,
925 2252 981 2280 ex
1000 2238 1164 2295 quibus
1181 2244 1311 2295 patet
1326 2238 1470 2282 nullos
1486 2236 1721 2295 pertinere
1737 2235 1797 2279 ad
1812 2235 2099 2279 definitiones

354 2297 475 2340 fidei.
504 2326 2089 2341 .....................................................
2132 2292 2221 2336 315

415 2376 456 2427 5.
490 2373 571 2416 XI.
620 2372 862 2416 Conclusio
882 2372 1033 2430 operis
1039 2402 1266 2414 ........
1280 2399 1284 2402 -
1287 2400 1998 2413 ........................
2011 2399 2027 2412 ι.
2050 2401 2059 2412 .
2079 2403 2088 2412 .
2131 2367 2219 2411 326

809 2592 1150 2644 APPENDIX
1186 2593 1224 2643 Ι.
1264 2593 1330 2641 ad
1369 2590 1414 2660 5.
1452 2593 1489 2644 Ι.
1530 2609 1638 2659 cap.
1676 2594 1757 2642 XI.

414 2698 484 2741 De
502 2697 683 2741 Sanctis
701 2695 810 2739 viris
824 2731 834 2748 ,
853 2696 928 2753 qui
947 2695 1201 2738 floruerunt
1217 2694 1263 2736 in
1280 2693 1599 2737 schismatibus
1616 2693 1795 2737 Meletii
1812 2692 2094 2746 Antiocheni,

357 2767 404 2801 et
420 2758 571 2801 Aeacii
589 2755 1093 2814 Constantinopolitani.
1142 2755 1288 2808 Num,
1317 2762 1366 2797 et
1392 2760 1619 2812 quatenus
1646 2754 1876 2798 caruerint
1901 2768 2093 2797 commu-

356 2820 486 2863 nione
514 2819 634 2862 sedis
655 2817 938 2875 Apostolicae
945 2845 1933 2859 .................................
1936 2884 1939 2886 .
1953 2841 2087 2857 .....
2129 2810 2213 2855 331

1056 2919 1399 2970 APPENDIX
1438 2921 1497 2969 Il.

413 3011 481 3052 De
508 3008 829 3053 infallibilitate
847 3004 1130 3051 Pontificia
1116 3020 1164 3048 1n
1191 3004 1533 3047 definitionibus
1559 3002 1842 3059 dogmaticis,
1871 3017 1961 3060 qua
1988 3003 2092 3045 bre-

355 3070 456 3113 vius
486 3069 739 3127 explicatur
756 3075 894 3126 atque
912 3066 1149 3120 statuitur,
1174 3078 1394 3121 quaenam
1413 3069 1461 3106 et
1478 3063 1623 3120 qualis
1641 3061 1893 3106 auctoritas
1910 3061 2093 3105 summis

358 3130 668 3201 pontificibus
675 3129 920 3173 tribuenda
947 3127 1022 3179 sit,
1052 3125 1232 3184 quando
1252 3139 1308 3168 ex
1322 3124 1412 3167 fine
1431 3129 1479 3166 et
1495 3122 1647 3166 officio
1665 3122 1888 3180 pnimatus
1907 3122 1964 3165 ob
1986 3137 2089 3165 con-

355 3190 623 3233 servandam
653 3190 700 3233 in
732 3195 831 3233 tota
863 3187 1073 3232 Ecclesia
1103 3185 1214 3229 fidei
1245 3184 1468 3228 unitatem
1501 3182 1726 3226 definiunt
1758 3182 2094 3225 controversias

355 3251 644 3307 dogmaticas.
2125 3238 2214 3282 349

884 3355 926 3407 5.
958 3353 992 3395 I.
1054 3348 1440 3403 PROPOSITIO
1477 3346 1686 3391 PRIMA.

417 3442 657 3487 Pontificia
698 3442 969 3493 auctoritas,
1016 3440 1230 3485 instituta
1272 3439 1329 3482 ob
1362 3437 1497 3481 finem
1527 3436 1868 3480 conservandae
1902 3435 2094 3479 unitatis

355 3504 542 3548 maxime
566 3503 612 3546 in
638 3502 754 3554 fide,
788 3516 890 3546 esse
915 3502 1054 3545 debet
1079 3515 1164 3560 per
1189 3513 1241 3544 se
1265 3497 1499 3543 sufficiens
1522 3497 1579 3541 ad
1605 3497 1721 3569 hunc
1738 3497 1871 3540 finem
1888 3495 2095 3540 obtinen-

355 3566 470 3609 dum.
499 3586 2024 3607 ...................................................
2031 3577 2033 3579 ·
2047 3588 2055 3598 .
2075 3587 2084 3597 .
2129 3549 2219 3595 350
