2314 3984
741 250 1380 309 ——265—

169 433 221 478 ot
234 421 512 494 jurisdictio
536 420 736 494 propria
760 419 999 492 primatus
1024 429 1075 473 et
1100 417 1428 472 institutionis
1453 416 1647 471 divinae
1661 411 1808 485 (Vid.
1826 413 1964 483 ao.)

165 509 236 562 ita
259 508 503 562 contineri
526 507 730 560 dicenda
755 515 833 560 est
849 545 863 570 ,
890 515 945 558 ut
971 507 1142 560 eadem
1164 503 1475 565 testimonia,
1498 502 1615 556 licet
1641 500 1749 553 aliis
1774 517 1966 569 quoque

165 593 451 665 ApostoIiS,
484 592 565 647 vel
603 592 751 645 etiam
784 590 1044 663 Episcopis
1079 591 1435 662 Apostolorum
1471 586 1839 642 successoribus
1878 585 1966 638 ali-

166 698 262 748 qua
285 679 478 732 ratione
505 678 666 750 aptari
691 678 884 750 possint
908 687 958 731 ct
977 676 1275 742 convenire3
1302 693 1403 728 non
1426 685 1596 728 tamen
1618 673 1671 725 in
1696 673 1894 726 ratione
1917 680 1968 725 et

159 765 502 835 jurisdictione
537 765 738 835 propria
773 764 1040 836 primatus,
1078 762 1160 831 qui
1195 779 1304 818 cum
1329 760 1394 813 sit
1418 758 1726 831 personaliS,
1765 757 1967 829 propria

167 853 272 921 ejus
298 851 424 903 ratio
451 860 501 904 et
518 851 796 922 jurisdictio
823 850 917 903 soli
933 847 1091 902 Petro
1117 858 1168 901 ct
1193 844 1560 900 successoribus
1586 846 1692 915 ejus
1717 843 1965 916 competit.

309 938 359 989 2.
399 933 655 1003 Quaenam
678 955 827 1008 porro
852 934 918 988 sit
942 935 1065 988 haec
1082 932 1362 1005 jurisdictio
1387 931 1590 1002 propria
1615 940 1665 983 et
1688 930 1966 1001 personalis

168 1022 402 1093 primatus
427 1020 483 1075 S.
512 1021 656 1075 Petri
693 1031 743 1074 et
779 1038 1121 1073 successorum
1159 1021 1266 1091 ejus
1300 1018 1645 1071 Romanorum
1668 1015 1967 1068 Antistitum

168 1108 219 1159 in
244 1107 451 1160 laudatis
475 1106 794 1177 Evangelicis
817 1105 1117 1160 testimoniis
1142 1112 1395 1168 contenta,
1424 1101 1501 1173 (V
1503 1102 1569 1154 id.
1598 1120 1641 1155 c.
1671 1100 1752 1170 7.)
1780 1119 1849 1154 ex
1874 1104 1969 1154 fine

168 1193 453 1246 instituendi
490 1192 757 1263 primatus,
801 1209 890 1244 seu
922 1190 1280 1262 jurisdictionis
1314 1188 1606 1261 praecipuae
1653 1197 1705 1241 et
1739 1187 1970 1258 propriae

168 1278 316 1330 solius
342 1277 562 1349 primatis
589 1278 864 1348 colligenda
897 1287 975 1330 est
1011 1277 1278 1329 traditione
1313 1277 1586 1346 interprete
1613 1293 1670 1327 ac
1697 1274 1832 1327 duce.
1883 1272 1970 1324 Ex

155 1366 430 1418 ·t1·aditione
456 1373 620 1416 autem
643 1363 740 1434 ipsi
766 1363 1042 1416 adversarii
1065 1364 1307 1426 fatentur,
1335 1361 1480 1431 (Vid.
1510 1380 1552 1413 c.
1579 1360 1662 1430 S.)
1699 1360 1844 1412 finem
1869 1360 1971 1430 pri-

172 1461 328 1502 matus
353 1449 638 1502 instituendi
662 1448 813 1502 fuisse
846 1447 1084 1500 unitatem
1119 1447 1388 1501 catholicae
1413 1444 1701 1511 Ecclesiae,
1739 1447 1800 1499 ob
1827 1465 1972 1515 quam

172 1535 475 1587 formandam
509 1543 560 1587 et
591 1534 955 1587 custodiendam
991 1532 1230 1603 primatus
1264 1534 1348 1585 uni
1385 1543 1577 1586 tantum
1616 1534 1971 1597 concedenduS,

173 1621 266 1673 soli
297 1619 453 1674 Petro
490 1621 687 1690 ejusque
723 1618 1093 1672 successorihus
1137 1620 1195 1671 ab
1231 1619 1339 1690 ipso
1377 1617 1579 1673 Christo
1616 1620 1829 1672 traditus
1862 1620 1968 1672 suit.

171 1705 263 1759 Jus
289 1724 438 1776 crgo,
464 1723 552 1758 seu
568 1705 847 1775 jurisdictio
872 1705 1073 1776 propria
1098 1714 1148 1757 et
1172 1706 1451 1776 personalis
1477 1706 1719 1776 primatus
1745 1716 1972 1777 spectare
2024 1712 2027 1715 ’

173 1793 313 1844 debet
339 1794 463 1844 hanc
487 1791 637 1843 totius
661 1789 920 1844 Ecclesiae
943 1790 1183 1843 unitatem
1199 1829 1212 1854 ,
1241 1794 1376 1862 cujus
1402 1792 1593 1860 quidem
1620 1801 1842 1844 centrum
1868 1790 1974 1844 Ro-

171 1895 342 1929 manus
379 1875 622 1930 Pontifex
667 1894 756 1930 seu
793 1875 1026 1929 Romana
1074 1877 1307 1929 cathedra
1356 1878 1415 1930 ab
1465 1877 1638 1929 iisdem
1673 1877 1974 1930 adversariis

174 1962 474 2033 agnoscitur.
503 1960 656 2034 (Cap.
683 1962 768 2032 9.)
817 1962 908 2016 Jus
933 1963 1100 2032 itaque
1125 1963 1374 2034 proprium
1400 1963 1637 2033 primatus
1664 1962 1772 2016 huic
1798 1963 1974 2015 unitati

172 2050 455 2102 formandae
481 2059 531 2102 et
557 2049 924 2102 conservandae
958 2050 1182 2102 idoneum
1218 2049 1270 2101 in
1294 2047 1451 2102 Petro
1487 2050 1684 2119 ejusque
1722 2068 1975 2102 successo-

177 2134 308 2186 ribus
334 2135 539 2204 agnosci
563 2134 749 2205 pariter
773 2135 942 2199 dehet,
979 2135 1207 2186 nimirum
1226 2137 1338 2205 jus,
1376 2136 1502 2204 quod
1528 2135 1588 2186 ad
1612 2136 1852 2187 unitatem
1877 2134 1975 2188 Ec-

177 2219 356 2271 clesiae
380 2221 714 2272 necessariam
749 2238 919 2272 omnes
958 2221 1227 2273 catholicos
1265 2229 1427 2290 cogat.
1479 2219 1644 2272 Porro
1672 2218 1827 2291 (Cap.
1859 2221 1974 2291 10.)

176 2305 356 2374 duplex
381 2305 574 2370 unitaS,
614 2305 801 2358 scilicet
835 2306 979 2358 unius
1015 2306 1156 2370 fidei,
1196 2316 1246 2359 et
1282 2306 1636 2359 communionis
1672 2307 1817 2359 unius
1853 2308 1975 2360 adeo

177 2390 445 2444 catholicae
469 2390 726 2444 Ecclesiae
753 2391 1038 2444 necessaria
1063 2402 1164 2457 est,
1192 2402 1247 2444 ut
1271 2392 1403 2444 inter
1428 2411 1600 2446 01111163
1627 2393 1775 2446 etiam
1802 2394 1977 2447 adver-

175 2475 334 2528 sarios
373 2478 661 2541 conveniat,
700 2496 809 2530 eum
846 2495 958 2530 esse
993 2487 1144 2530 extra
1168 2476 1473 2542 Ecclesiam,
1511 2479 1595 2547 qui
1629 2479 1711 2533 vel
1746 2498 1835 2550 per
1861 2481 1978 2532 hae-

175 2561 326 2614 resim
350 2562 533 2615 deserit
556 2563 667 2615 fidei
698 2563 965 2627 unitatem,
998 2563 1079 2616 vel
1114 2582 1143 2615 a
1178 2564 1516 2617 communione
1540 2563 1800 2618 Ecclesiae
1836 2585 1977 2637 sepa-

179 2655 316 2697 ratur
340 2665 427 2716 per
452 2649 680 2700 schisma.
730 2647 803 2699 Ut
838 2666 958 2717 ergo
998 2647 1253 2700 Romanus
1279 2648 1520 2702 Pontifex
1557 2661 1813 2720 utramque
1851 2653 1976 2706 hanc

179 2731 413 2784 unitatem
449 2733 716 2785 catholicae
751 2729 1008 2784 Ecclesiae
1046 2734 1380 2785 necessariam
1415 2753 1483 2787 ex
1515 2736 1756 2806 primatus
1780 2738 1978 2790 institu-

181 2816 315 2869 tione
340 2827 601 2871 conservet
626 2817 677 2868 in
701 2817 935 2869 universa
958 2815 1213 2881 Ecclesia3
1252 2818 1478 2870 idoneum
1507 2822 1591 2889 jus
1626 2821 1722 2891 ipsi
1748 2841 1977 2876 asseren-

180 2903 288 2954 dum
315 2913 392 2956 est
416 2904 653 2974 primatus
679 2921 856 2967 causa,
896 2921 990 2970 quo
1029 2920 1209 2972 cogere
1247 2903 1404 2974 possit
1429 2923 1600 2958 omnes
1637 2907 1695 2958 ad
1721 2918 1976 2979 utramque

182 2989 289 3042 fidei
315 2999 364 3042 et
389 2989 740 3042 communionis
765 2989 1031 3053 unitatem,
1074 3007 1161 3042 seu
1199 2990 1257 3042 ad
1283 2990 1546 3042 tenendam
1571 3009 1736 3045 secum
1762 3013 1977 3047 commu-

184 3077 376 3127 nionem
401 3085 450 3128 et
474 3075 690 3128 eamdem
716 3076 872 3128 fidem.
924 3074 1031 3128 Hoc
1058 3075 1247 3144 quidem
1265 3076 1346 3145 jus
1362 3114 1376 3139 ,
1411 3076 1462 3127 in
1500 3095 1594 3146 quo
1630 3080 1893 3151 praecipua
1919 3101 1976 3135 ac

186 3160 452 3228 personalis
477 3160 716 3230 primatus
751 3160 879 3214 ratio
919 3171 970 3213 et
986 3161 1264 3231 jurisdictio
1304 3162 1402 3213 sita
1429 3173 1533 3228 est,
1570 3182 1632 3216 ne
1668 3165 1780 3234 quid
1807 3185 1874 3220 ex
1900 3168 1976 3220 in-

185 3243 357 3310 genio,
393 3254 476 3295 aut
512 3247 847 3300 assentatione
872 3247 1150 3300 videremur
1188 3248 1515 3313 comminisci,
1549 3251 1766 3321 pluribus
1792 3256 1975 3307 consti-

186 3328 362 3379 tuimus
397 3347 495 3379 non
531 3332 685 3382 solum
722 3330 875 3402 (Cap.
907 3334 990 3385 ll.
1031 3343 1080 3385 61
1118 3332 1231 3399 12.)
1279 3352 1345 3385 cx
1380 3334 1525 3387 obvia
1559 3335 1973 3408 Evangelicorum

186 3414 574 3466 testimoniorum
611 3417 881 3482 sententia,
923 3420 1007 3472 sed
1042 3419 1344 3490 potissimum
1384 3418 1536 3492 (Cap.
1568 3423 1682 3495 13.)
1720 3444 1788 3478 ex
1823 3429 1974 3480 tradi-

187 3499 319 3552 tione
344 3501 744 3554 constantissima
759 3501 981 3570 Pau-um,
1010 3523 1154 3575 quam
1179 3506 1343 3558 decem
1370 3516 1420 3559 et
1446 3518 1631 3578 septem
1650 3514 1973 3584 paragraphis
