2314 3984
780 272 1421 330 ——325—

199 452 425 503 lumnam
451 442 726 500 Ecclesiae.
753 443 906 514 (idest
928 441 1099 510 fidem)
1117 446 1326 512 firmam
1349 458 1459 493 esse
1479 441 1534 491 in
1563 437 1764 499 Roma3
1795 435 1922 489 sicut
1947 444 1998 487 et

197 534 323 587 ista:
345 533 467 591 Nos*
483 535 616 585 enim
636 529 788 601 (idest
799 527 939 583 Scoti
957 539 1008 583 et
1025 516 1235 581 Hiberni
1253 525 1530 580 nationales
1549 521 1654 595 sui)
1674 523 1903 576 devincti
1919 540 1998 573 su·

197 639 307 672 mus
333 619 617 671 cathedrae
650 619 703 670 S.
733 618 908 669 Petri:
938 612 1079 682 Quae
1106 629 1410 666 communem
1434 628 1555 664 suae
1580 609 1825 672 nationis,
1850 607 1997 659 immo

198 704 477 757 traditionis
498 703 764 756 catholicae
782 701 1097 765 sententiam,
1124 699 1432 767 debitamque
1458 715 1566 749 cum
1581 695 1812 748 Romana
1831 692 1999 747 cathe-

199 793 285 843 dra
311 790 545 843 unitatem
561 831 573 855 ,
602 789 805 859 fideique
830 787 1041 859 ejusdem
1069 784 1327 838 cathedrae
1352 782 1634 836 firmitatem
1662 782 1932 835 declarant.

341 876 427 928 44.
466 876 548 928 Ad
573 876 662 928 hoc
687 876 809 928 idem
836 874 985 926 trium
1011 869 1349 942 Capitulormn
1374 871 1625 939 negotiiun
1660 868 1876 940 pertinet
1901 885 1999 918 non

202 963 434 1015 absimilis
459 962 666 1034 objectio
694 959 767 1032 (l.
793 961 845 1015 9.
873 958 1076 1013 Defens.
1106 958 1168 1010 al.
1201 957 1283 1009 14.
1313 975 1356 1008 c.
1385 954 1503 1026 24.)
1543 955 1775 1008 Bossueti
1803 972 1872 1007 ex
1898 953 1998 1025 epi-

200 1049 340 1102 stolis
366 1047 561 1119 Pelagii
573 1047 613 1100 I.
641 1049 700 1100 de
725 1048 859 1117 cujus
883 1046 974 1099 fide
1002 1064 1109 1098 cum
1135 1044 1444 1096 dubitassent
1470 1041 1694 1094 nonnulli
1718 1043 1779 1093 oh
1806 1058 2000 1093 eorum-

196 1136 306 1187 dem
332 1134 478 1187 trium
506 1131 842 1204 Capitulorum
869 1130 1344 1193 condemnationem,
1371 1129 1443 1180 uti
1468 1126 1524 1180 S.
1554 1125 1889 1181 Columbanus
1915 1126 2001 1176 du-

195 1220 482 1272 bitationem
506 1218 718 1290 ingessit
742 1219 801 1271 de
825 1218 918 1270 fide
941 1215 1188 1270 Bonifacii
1213 1213 1304 1269 IV.
1334 1215 1578 1267 rationem
1605 1231 1724 1266 suae
1750 1212 1860 1264 fidei
1887 1211 1998 1262 red·

195 1306 314 1357 didit
340 1306 463 1358 idem
489 1303 750 1376 Pelagius,
787 1322 1049 1374 numquam
1085 1302 1295 1372 allegato
1333 1300 1593 1373 privilegio
1619 1297 1997 1352 infallibilitatis.

200 1391 323 1444 Huic
350 1401 509 1443 autem
536 1391 725 1461 objecto
753 1389 908 1442 facilis
936 1380 1193 1461 responsio
1222 1397 1315 1440 est.
1368 1384 1467 1453 Qui
1493 1385 1622 1438 enim
1648 1386 1706 1437 de
1732 1384 1823 1436 fide
1849 1383 1998 1435 alicu-

193 1480 273 1548 jus
300 1478 548 1540 dubitant,
575 1477 632 1528 de
658 1476 808 1547 ipsius
835 1475 1180 1527 infallibilitate
1207 1474 1381 1526 saltem
1408 1471 1629 1524 dubitent
1654 1479 1867 1542 oportet.
1920 1470 1998 1520 Ad

201 1566 302 1634 ejus
327 1583 446 1617 vero
473 1564 611 1616 fidem
636 1562 938 1634 purgandam
974 1561 1094 1613 nihil
1121 1561 1244 1632 apud
1271 1559 1548 1611 dubitantes
1575 1558 1834 1628 prodesset
1858 1556 2002 1608 insal-

201 1650 437 1701 libilitatis
463 1649 770 1720 privilegium
795 1650 1036 1720 proferre,
1065 1647 1190 1716 quod
1215 1646 1387 1698 iisdem
1411 1654 1598 1697 certum
1624 1662 1723 1696 non
1750 1652 1843 1696 est.
1897 1641 2001 1693 Ra-

201 1736 360 1788 tiones
387 1735 612 1807 propriae
648 1734 782 1798 fidei,
821 1752 945 1803 quae
981 1733 1032 1785 in
1070 1732 1263 1784 dubium
1289 1740 1522 1794 vocatur,
1563 1731 1622 1782 ab
1652 1749 1710 1782 eo
1739 1738 1853 1781 sunt
1883 1728 2001 1780 affe-

200 1822 404 1885 rendae,
442 1820 623 1873 omisso
658 1818 1019 1872 infallibilitatis
1057 1827 1374 1889 argumento,
1415 1817 1541 1885 quod
1568 1816 1617 1867 in
1644 1814 1878 1886 ejusmodi
1906 1814 2000 1866 cir-

200 1906 505 1960 cumstantiis
532 1915 664 1959 esset
689 1906 920 1958 inefficax
947 1915 995 1958 et
1021 1906 1254 1977 ineptum.
1294 1902 1508 1956 Dubium
1527 1921 1676 1973 porro
1697 1902 1747 1954 in
1775 1921 1829 1954 re
1855 1920 1999 1972 prae-

202 1993 328 2045 senti
351 1993 660 2057 versabatur,
687 1981 786 2044 non
813 1992 944 2044 circa
970 1992 1178 2061 aliquam
1203 1989 1533 2042 definitionem
1559 1989 1668 2041 fidei
1689 2008 1717 2040 a
1738 1987 1946 2058 Pelagio
1961 1986 2000 2038 l.

204 2078 379 2129 editam
415 2078 567 2148 (quod
601 2088 766 2131 tamen
804 2078 1104 2148 propositum
1139 2086 1362 2128 nostrum
1400 2074 1688 2145 exigeret),
1738 2075 1822 2127 sed
1870 2075 2002 2126 circa

205 2163 400 2216 decreta
425 2163 715 2228 Pontifieia,
754 2183 877 2233 quae
903 2163 954 2214 in
982 2163 1269 2232 quaestione
1306 2163 1363 2214 de
1390 2161 1673 2230 quibusdam
1701 2161 2001 2213 solummodo

205 2250 456 2319 personiS,
485 2259 559 2314 et,
587 2259 792 2301 notante
819 2249 986 2302 eodem
1014 2247 1221 2319 Pelagio
1248 2247 1285 2299 Ι.
1316 2256 1475 2300 extra
1497 2250 1656 2317 fidem
1681 2247 1870 2318 posita,
1906 2247 2003 2298 tria

205 2333 431 2406 Capitula
458 2337 926 2399 condemnaverant,
953 2335 1153 2407 perinde
1181 2354 1237 2387 ac
1264 2335 1306 2386 si
1334 2333 1524 2385 dubium
1554 2345 1715 2398 esset,
1743 2354 1856 2386 num
1883 2334 2003 2385 haec

205 2419 433 2491 Capitula
470 2423 879 2485 condemnanteS,
916 2422 1055 2474 fidem
1096 2440 1125 2474 a
1160 2419 1215 2473 S.
1244 2420 1418 2474 Leone
1456 2431 1505 2473 et
1542 2440 1571 2472 a
1610 2418 2005 2474 Calchedonensi

204 2507 408 2559 concilio
443 2508 685 2560 definitam
723 2518 968 2560 tenerent.
1020 2507 1072 2558 Id
1105 2517 1158 2558 ut
1191 2508 1556 2571 revinceretur,
1592 2508 1835 2578 professio
1877 2504 2003 2565 fidei,

205 2612 326 2662 quae
354 2612 458 2645 cum
487 2591 542 2645 S.
569 2592 786 2657 LeoniS,
827 2604 876 2645 et
902 2591 1322 2646 Calchedonensis
1361 2593 1540 2664 synodi
1576 2593 1857 2645 definitione
1886 2610 2002 2644 con-

206 2678 414 2740 veniret,
443 2679 723 2730 necessaria
749 2679 863 2743 fuit,
891 2698 982 2731 nec
1007 2678 1368 2732 infallibilitatis
1394 2678 1701 2749 privilegium
1730 2680 1862 2731 solas
1890 2696 2002 2748 pro-

208 2763 310 2834 prie
336 2763 488 2815 dictas
515 2764 819 2816 definitiones
846 2764 1115 2835 respiciens
1142 2765 1318 2816 fuisset
1343 2774 1687 2834 opportunum.
1727 2764 1777 2815 N
1783 2783 1903 2833 eque
1926 2782 2003 2814 re-

207 2868 387 2919 ponas,
427 2850 548 2919 apud
586 2868 668 2902 eos
704 2851 875 2902 saltem
905 2868 972 2903 ex
999 2849 1242 2918 antiquis,
1281 2850 1445 2918 quide
1481 2850 1600 2920 ipsis
1638 2851 1834 2921 proprie
1862 2850 2003 2901 dictis

207 2935 563 2987 delinitionibus
591 2934 880 2988 Pontificum
910 2936 1167 3005 aliquando
1195 2936 1504 2999 dubitarunt,
1540 2937 1747 2987 istorum
1776 2935 2003 2988 infallibi-

208 3022 392 3074 litatem
420 3031 602 3074 certam
628 3040 724 3072 non
753 3022 921 3074 fuisse.
974 3021 1221 3091 Numquid
1248 3023 1377 3075 enim
1418 3023 1534 3092 quia
1570 3023 1787 3074 nonnulli
1817 3021 2002 3090 antiqui

210 3107 490 3159 dubitarunt
514 3109 571 3160 de
597 3109 878 3177 quibusdam
907 3108 1214 3178 dogmatibus
1234 3109 1445 3161 definitis
1466 3109 1515 3160 in
1537 3109 1760 3178 generali
1780 3107 2004 3170 concilio,

213 3192 300 3242 liae
327 3194 629 3247 definitiones
657 3214 710 3247 re
735 3195 841 3265 ipsa
867 3214 966 3248 non
988 3205 1133 3248 erant
1151 3195 1464 3248 infallibiles?
1491 3193 1654 3246 Erant
1679 3194 1863 3262 utique,
1892 3193 2002 3262 quia

212 3279 486 3330 eorumdem
513 3281 811 3349 generalium
849 3281 1167 3334 conciliorum
1206 3281 1555 3345 infallibilitas,
1595 3281 1720 3352 apud
1757 3280 1866 3332 illos
1892 3279 2000 3332 licet

212 3364 426 3427 incerta,
466 3383 533 3415 ex
570 3366 718 3418 certis
756 3367 1003 3438 principiis
1043 3377 1177 3419 certa
1205 3377 1297 3419 est.
1350 3366 1482 3419 Num
1520 3387 1638 3421 vero
1666 3366 2001 3419 Romanorum

210 3468 400 3518 quoquc
438 3448 726 3506 Pontificum
764 3453 1084 3507 infallibilitas
1129 3454 1176 3506 in
1213 3454 1410 3525 proprie
1456 3453 1596 3508 dictis
1642 3453 2005 3509 definitionibus
