<?xml version="1.0" encoding="UTF-8"?>
<!DOCTYPE html PUBLIC "-//W3C//DTD XHTML 1.0 Transitional//EN"
    "http://www.w3.org/TR/xhtml1/DTD/xhtml1-transitional.dtd">
<html xmlns="http://www.w3.org/1999/xhtml" xml:lang="en" lang="en">
 <head>
  <title>
</title>
<meta http-equiv="Content-Type" content="text/html;charset=utf-8" />
  <meta name='ocr-system' content='tesseract 3.04.00' />
  <meta name='ocr-capabilities' content='ocr_page ocr_carea ocr_par ocr_line ocrx_word'/>
</head>
<body>
  <div class='ocr_page' id='page_1' title='image "a546178500balluoft_0202.png"; bbox 0 0 2314 3984; ppageno 0'>
   <div class='ocr_carea' id='block_1_1' title="bbox 991 183 1653 260">
    <p class='ocr_par' dir='ltr' id='par_1_1' title="bbox 991 183 1653 260">
     <span class='ocr_line' id='line_1_1' title="bbox 991 183 1653 260; baseline 0.009 -37"><span class='ocrx_word' id='word_1_1' title='bbox 991 183 1653 260; x_wconf 58' lang='lat' dir='ltr'><strong><em>———w‚o-—-·</em></strong></span> 
     </span>
    </p>
   </div>
   <div class='ocr_carea' id='block_1_2' title="bbox 387 349 2253 1827">
    <p class='ocr_par' dir='ltr' id='par_1_2' title="bbox 387 349 2253 1827">
     <span class='ocr_line' id='line_1_2' title="bbox 395 349 2250 427; baseline 0.007 -26"><span class='ocrx_word' id='word_1_2' title='bbox 395 356 582 416; x_wconf 74' lang='lat' dir='ltr'><strong><em>quanto</em></strong></span> <span class='ocrx_word' id='word_1_3' title='bbox 610 356 757 419; x_wconf 80' lang='lat' dir='ltr'><strong><em>post:</em></strong></span> <span class='ocrx_word' id='word_1_4' title='bbox 779 349 1660 427; x_wconf 50' lang='lat' dir='ltr'><strong><em>*Sihoerffenerasssmmmiae</em></strong></span> <span class='ocrx_word' id='word_1_5' title='bbox 1701 359 2089 426; x_wconf 58' lang='lat' dir='ltr'><strong><em>impedeminto</em></strong></span> <span class='ocrx_word' id='word_1_6' title='bbox 2117 364 2250 422; x_wconf 70' lang='lat' dir='ltr'><strong><em>erits</em></strong></span> 
     </span>
     <span class='ocr_line' id='line_1_3' title="bbox 394 436 2252 515; baseline 0.008 -28"><span class='ocrx_word' id='word_1_7' title='bbox 394 453 584 492; x_wconf 64' lang='lat' dir='ltr'><strong><em>rursus</em></strong></span> <span class='ocrx_word' id='word_1_8' title='bbox 617 436 1019 496; x_wconf 64' lang='lat' dir='ltr'><strong><em>consuetudine</em></strong></span> <span class='ocrx_word' id='word_1_9' title='bbox 1035 440 1731 515; x_wconf 35' lang='grc' dir='ltr'><strong><em>Ἴωιίεηιῖιαηι’τε,εἰμτιιεᾰῑδσεςηιιί</em></strong></span> <span class='ocrx_word' id='word_1_10' title='bbox 1777 451 1996 515; x_wconf 79' lang='lat' dir='ltr'><em>oportet</em></span> <span class='ocrx_word' id='word_1_11' title='bbox 2033 446 2252 508; x_wconf 76' lang='lat' dir='ltr'><strong><em>Patres,</em></strong></span> 
     </span>
     <span class='ocr_line' id='line_1_4' title="bbox 394 523 2250 604; baseline 0.006 -29"><span class='ocrx_word' id='word_1_12' title='bbox 394 525 488 591; x_wconf 78' lang='lat' dir='ltr'><strong><em>qui</em></strong></span> <span class='ocrx_word' id='word_1_13' title='bbox 512 540 651 590; x_wconf 76' lang='lat' dir='ltr'><strong><em>quae</em></strong></span> <span class='ocrx_word' id='word_1_14' title='bbox 675 523 755 577; x_wconf 82' lang='lat' dir='ltr'><strong><em>ad</em></strong></span> <span class='ocrx_word' id='word_1_15' title='bbox 774 541 876 576; x_wconf 87' lang='lat' dir='ltr'><strong><em>nos</em></strong></span> <span class='ocrx_word' id='word_1_16' title='bbox 893 527 1176 592; x_wconf 77' lang='lat' dir='ltr'><strong><em>pertinent</em></strong></span> <span class='ocrx_word' id='word_1_17' title='bbox 1198 528 1684 596; x_wconf 51' lang='lat' dir='ltr'><strong><em>dispensam-‘msa</em></strong></span> <span class='ocrx_word' id='word_1_18' title='bbox 1705 529 1775 586; x_wconf 77' lang='lat' dir='ltr'><strong><em>Et</em></strong></span> <span class='ocrx_word' id='word_1_19' title='bbox 1800 541 1916 604; x_wconf 86' lang='lat' dir='ltr'><strong><em>post</em></strong></span> <span class='ocrx_word' id='word_1_20' title='bbox 1944 532 2250 600; x_wconf 80' lang='lat' dir='ltr'><strong><em>recensitam</em></strong></span> 
     </span>
     <span class='ocr_line' id='line_1_5' title="bbox 392 606 2251 686; baseline 0.009 -26"><span class='ocrx_word' id='word_1_21' title='bbox 392 606 679 665; x_wconf 79' lang='lat' dir='ltr'><strong><em>Fir-miliani</em></strong></span> <span class='ocrx_word' id='word_1_22' title='bbox 703 618 756 663; x_wconf 92' lang='lat' dir='ltr'><strong><em>et</em></strong></span> <span class='ocrx_word' id='word_1_23' title='bbox 780 607 1035 683; x_wconf 72' lang='lat' dir='ltr'><strong><em>Cypriani</em></strong></span> <span class='ocrx_word' id='word_1_24' title='bbox 1058 613 1385 681; x_wconf 84' lang='lat' dir='ltr'><strong><em>sententiam,</em></strong></span> <span class='ocrx_word' id='word_1_25' title='bbox 1403 633 1543 686; x_wconf 87' lang='lat' dir='ltr'><strong><em>quae</em></strong></span> <span class='ocrx_word' id='word_1_26' title='bbox 1560 613 1972 678; x_wconf 50' lang='lat' dir='ltr'><strong><em>¹waatiauntirum</em></strong></span> <span class='ocrx_word' id='word_1_27' title='bbox 1988 659 2001 685; x_wconf 87' lang='lat'>‚</span> <span class='ocrx_word' id='word_1_28' title='bbox 2031 638 2122 674; x_wconf 90' lang='lat' dir='ltr'><strong><em>seu</em></strong></span> <span class='ocrx_word' id='word_1_29' title='bbox 2148 618 2251 676; x_wconf 84' lang='lat' dir='ltr'><strong><em>Ca-</em></strong></span> 
     </span>
     <span class='ocr_line' id='line_1_6' title="bbox 392 696 2250 774; baseline 0.008 -26"><span class='ocrx_word' id='word_1_30' title='bbox 392 696 656 751; x_wconf 82' lang='lat' dir='ltr'><strong><em>tharorum</em></strong></span> <span class='ocrx_word' id='word_1_31' title='bbox 681 698 985 772; x_wconf 83' lang='lat' dir='ltr'><strong><em>baptismum</em></strong></span> <span class='ocrx_word' id='word_1_32' title='bbox 1010 700 1304 774; x_wconf 77' lang='lat' dir='ltr'>rejiciebat,</span> <span class='ocrx_word' id='word_1_33' title='bbox 1341 703 1440 757; x_wconf 85' lang='lat' dir='ltr'><strong><em>ets-i</em></strong></span> <span class='ocrx_word' id='word_1_34' title='bbox 1466 721 1576 758; x_wconf 83' lang='lat' dir='ltr'><strong><em>eam</em></strong></span> <span class='ocrx_word' id='word_1_35' title='bbox 1603 720 1695 774; x_wconf 85' lang='lat' dir='ltr'><strong><em>per</em></strong></span> <span class='ocrx_word' id='word_1_36' title='bbox 1722 719 1910 761; x_wconf 71' lang='lat' dir='ltr'><strong><em>semen</em></strong></span> <span class='ocrx_word' id='word_1_37' title='bbox 1934 708 2131 761; x_wconf 87' lang='lat' dir='ltr'><strong><em>censuit</em></strong></span> <span class='ocrx_word' id='word_1_38' title='bbox 2155 708 2250 762; x_wconf 87' lang='lat' dir='ltr'><strong><em>im·</em></strong></span> 
     </span>
     <span class='ocr_line' id='line_1_7' title="bbox 391 786 2250 867; baseline 0.008 -30"><span class='ocrx_word' id='word_1_39' title='bbox 391 786 732 856; x_wconf 77' lang='lat' dir='ltr'><strong><em>probandan13</em></strong></span> <span class='ocrx_word' id='word_1_40' title='bbox 762 787 898 841; x_wconf 84' lang='lat' dir='ltr'><strong><em>addit</em></strong></span> <span class='ocrx_word' id='word_1_41' title='bbox 922 796 1122 856; x_wconf 84' lang='lat' dir='ltr'><strong><em>tamen,</em></strong></span> <span class='ocrx_word' id='word_1_42' title='bbox 1149 789 1295 861; x_wconf 86' lang='lat' dir='ltr'><strong><em>quasi</em></strong></span> <span class='ocrx_word' id='word_1_43' title='bbox 1320 808 1405 843; x_wconf 86' lang='lat' dir='ltr'><strong><em>res</em></strong></span> <span class='ocrx_word' id='word_1_44' title='bbox 1431 789 1727 862; x_wconf 78' lang='lat' dir='ltr'><strong><em>disciplinae</em></strong></span> <span class='ocrx_word' id='word_1_45' title='bbox 1749 791 1956 860; x_wconf 83' lang='lat' dir='ltr'><strong><em>fuisset,</em></strong></span> <span class='ocrx_word' id='word_1_46' title='bbox 1987 797 2107 850; x_wconf 84' lang='lat' dir='ltr'><strong><em>Sed</em></strong></span> <span class='ocrx_word' id='word_1_47' title='bbox 2126 817 2250 867; x_wconf 84' lang='lat' dir='ltr'><strong><em>quo-</em></strong></span> 
     </span>
     <span class='ocr_line' id='line_1_8' title="bbox 390 873 2250 948; baseline 0.008 -24"><span class='ocrx_word' id='word_1_48' title='bbox 390 877 539 926; x_wconf 84' lang='lat' dir='ltr'><strong><em>niam</em></strong></span> <span class='ocrx_word' id='word_1_49' title='bbox 562 876 839 928; x_wconf 80' lang='lat' dir='ltr'><em>nonnullis</em></span> <span class='ocrx_word' id='word_1_50' title='bbox 866 873 1124 932; x_wconf 76' lang='lat' dir='ltr'><strong><em>Asiaticis</em></strong></span> <span class='ocrx_word' id='word_1_51' title='bbox 1160 882 1330 933; x_wconf 79' lang='lat' dir='ltr'><strong><em>visum</em></strong></span> <span class='ocrx_word' id='word_1_52' title='bbox 1355 886 1435 932; x_wconf 83' lang='lat' dir='ltr'><strong><em>est</em></strong></span> <span class='ocrx_word' id='word_1_53' title='bbox 1449 887 1686 948; x_wconf 79' lang='lat' dir='ltr'><strong><em>propter</em></strong></span> <span class='ocrx_word' id='word_1_54' title='bbox 1711 883 2001 936; x_wconf 80' lang='lat' dir='ltr'><strong><em>multorum</em></strong></span> <span class='ocrx_word' id='word_1_55' title='bbox 2027 903 2250 938; x_wconf 82' lang='lat' dir='ltr'><strong><em>oecono-</em></strong></span> 
     </span>
     <span class='ocr_line' id='line_1_9' title="bbox 392 963 2248 1040; baseline 0.006 -28"><span class='ocrx_word' id='word_1_56' title='bbox 392 964 567 1023; x_wconf 84' lang='lat' dir='ltr'><strong><em>miam,</em></strong></span> <span class='ocrx_word' id='word_1_57' title='bbox 595 968 647 1014; x_wconf 83' lang='lat' dir='ltr'><strong><em>et</em></strong></span> <span class='ocrx_word' id='word_1_58' title='bbox 670 963 1125 1031; x_wconf 74' lang='lat' dir='ltr'><em>dispensationem</em></span> <span class='ocrx_word' id='word_1_59' title='bbox 1153 986 1339 1020; x_wconf 80' lang='lat' dir='ltr'><strong><em>eornm</em></strong></span> <span class='ocrx_word' id='word_1_60' title='bbox 1364 967 1631 1036; x_wconf 80' lang='lat' dir='ltr'><strong><em>baptisma</em></strong></span> <span class='ocrx_word' id='word_1_61' title='bbox 1651 971 1872 1038; x_wconf 78' lang='lat' dir='ltr'><strong><em>suscipi,</em></strong></span> <span class='ocrx_word' id='word_1_62' title='bbox 1901 973 2248 1040; x_wconf 76' lang='lat' dir='ltr'><strong><em>suscipiatur.</em></strong></span> 
     </span>
     <span class='ocr_line' id='line_1_10' title="bbox 389 1046 2248 1129; baseline 0.006 -30"><span class='ocrx_word' id='word_1_63' title='bbox 389 1046 446 1100; x_wconf 89' lang='lat' dir='ltr'><strong><em>In</em></strong></span> <span class='ocrx_word' id='word_1_64' title='bbox 486 1049 706 1102; x_wconf 85' lang='lat' dir='ltr'><strong><em>secunda</em></strong></span> <span class='ocrx_word' id='word_1_65' title='bbox 754 1069 878 1104; x_wconf 80' lang='lat' dir='ltr'><strong><em>vero</em></strong></span> <span class='ocrx_word' id='word_1_66' title='bbox 919 1052 1134 1124; x_wconf 87' lang='lat' dir='ltr'><strong><em>epistola</em></strong></span> <span class='ocrx_word' id='word_1_67' title='bbox 1183 1054 1429 1108; x_wconf 86' lang='lat' dir='ltr'><strong><em>canonica</em></strong></span> <span class='ocrx_word' id='word_1_68' title='bbox 1474 1054 1536 1108; x_wconf 84' lang='lat' dir='ltr'><strong><em>ad</em></strong></span> <span class='ocrx_word' id='word_1_69' title='bbox 1585 1055 1811 1109; x_wconf 89' lang='lat' dir='ltr'><strong><em>eumdem</em></strong></span> <span class='ocrx_word' id='word_1_70' title='bbox 1845 1055 2248 1129; x_wconf 85' lang='lat' dir='ltr'><strong><em>Amphilochium</em></strong></span> 
     </span>
     <span class='ocr_line' id='line_1_11' title="bbox 391 1136 2249 1216; baseline 0.006 -28"><span class='ocrx_word' id='word_1_71' title='bbox 391 1154 503 1188; x_wconf 84' lang='lat' dir='ltr'><strong><em>can.</em></strong></span> <span class='ocrx_word' id='word_1_72' title='bbox 531 1137 621 1192; x_wconf 81' lang='lat'><strong><em>47.</em></strong></span> <span class='ocrx_word' id='word_1_73' title='bbox 664 1136 852 1210; x_wconf 89' lang='lat' dir='ltr'><strong><em>(Basil.</em></strong></span> <span class='ocrx_word' id='word_1_74' title='bbox 883 1139 1030 1212; x_wconf 83' lang='lat' dir='ltr'><strong><em>epist.</em></strong></span> <span class='ocrx_word' id='word_1_75' title='bbox 1069 1142 1162 1195; x_wconf 91' lang='lat' dir='ltr'><strong><em>col.</em></strong></span> <span class='ocrx_word' id='word_1_76' title='bbox 1193 1141 1350 1215; x_wconf 69' lang='lat'>⁶296.)</span> <span class='ocrx_word' id='word_1_77' title='bbox 1396 1140 1644 1216; x_wconf 79' lang='lat' dir='ltr'><strong><em>Stephani</em></strong></span> <span class='ocrx_word' id='word_1_78' title='bbox 1679 1141 1854 1216; x_wconf 80' lang='lat' dir='ltr'>Papae</span> <span class='ocrx_word' id='word_1_79' title='bbox 1888 1145 2249 1216; x_wconf 86' lang='lat' dir='ltr'><strong><em>rebaptizatio·</em></strong></span> 
     </span>
     <span class='ocr_line' id='line_1_12' title="bbox 389 1225 2247 1301; baseline 0.006 -25"><span class='ocrx_word' id='word_1_80' title='bbox 389 1242 504 1278; x_wconf 89' lang='lat' dir='ltr'><strong><em>nem</em></strong></span> <span class='ocrx_word' id='word_1_81' title='bbox 528 1225 892 1282; x_wconf 70' lang='lat' dir='ltr'><strong><em>‚interdicentis</em></strong></span> <span class='ocrx_word' id='word_1_82' title='bbox 929 1229 1185 1284; x_wconf 81' lang='lat' dir='ltr'><strong><em>decretum</em></strong></span> <span class='ocrx_word' id='word_1_83' title='bbox 1203 1271 1216 1295; x_wconf 88' lang='lat'><strong><em>,</em></strong></span> <span class='ocrx_word' id='word_1_84' title='bbox 1257 1249 1359 1284; x_wconf 88' lang='lat' dir='ltr'><strong><em>non</em></strong></span> <span class='ocrx_word' id='word_1_85' title='bbox 1398 1230 1714 1301; x_wconf 79' lang='lat' dir='ltr'><strong><em>dogmaticae</em></strong></span> <span class='ocrx_word' id='word_1_86' title='bbox 1742 1231 2120 1297; x_wconf 73' lang='lat' dir='ltr'><strong><em>constitutioni,</em></strong></span> <span class='ocrx_word' id='word_1_87' title='bbox 2162 1235 2247 1287; x_wconf 84' lang='lat' dir='ltr'><strong><em>sed</em></strong></span> 
     </span>
     <span class='ocr_line' id='line_1_13' title="bbox 389 1313 2249 1389; baseline 0.006 -27"><span class='ocrx_word' id='word_1_88' title='bbox 389 1313 715 1366; x_wconf 81' lang='lat' dir='ltr'><strong><em>oeconomiae</em></strong></span> <span class='ocrx_word' id='word_1_89' title='bbox 740 1314 999 1381; x_wconf 81' lang='lat' dir='ltr'><strong><em>tribuens,</em></strong></span> <span class='ocrx_word' id='word_1_90' title='bbox 1039 1336 1169 1386; x_wconf 87' lang='lat' dir='ltr'><strong><em>quae</em></strong></span> <span class='ocrx_word' id='word_1_91' title='bbox 1208 1318 1335 1389; x_wconf 88' lang='lat' dir='ltr'><strong><em>apud</em></strong></span> <span class='ocrx_word' id='word_1_92' title='bbox 1375 1336 1495 1371; x_wconf 89' lang='lat' dir='ltr'><strong><em>suos</em></strong></span> <span class='ocrx_word' id='word_1_93' title='bbox 1532 1318 1773 1372; x_wconf 51' lang='lat' dir='ltr'><strong><em>effectum¹</em></strong></span> <span class='ocrx_word' id='word_1_94' title='bbox 1799 1337 1901 1373; x_wconf 88' lang='lat' dir='ltr'><strong><em>non</em></strong></span> <span class='ocrx_word' id='word_1_95' title='bbox 1928 1329 2044 1373; x_wconf 82' lang='lat' dir='ltr'><strong><em>erat</em></strong></span> <span class='ocrx_word' id='word_1_96' title='bbox 2070 1339 2249 1374; x_wconf 89' lang='lat' dir='ltr'><strong><em>conse-</em></strong></span> 
     </span>
     <span class='ocr_line' id='line_1_14' title="bbox 390 1401 2253 1474; baseline 0.005 -23"><span class='ocrx_word' id='word_1_97' title='bbox 390 1408 571 1469; x_wconf 82' lang='lat' dir='ltr'><strong><em>quuta,</em></strong></span> <span class='ocrx_word' id='word_1_98' title='bbox 615 1401 680 1454; x_wconf 85' lang='lat' dir='ltr'><strong><em>Si</em></strong></span> <span class='ocrx_word' id='word_1_99' title='bbox 704 1403 858 1470; x_wconf 78' lang='lat' dir='ltr'><strong><em>apud</em></strong></span> <span class='ocrx_word' id='word_1_100' title='bbox 879 1414 999 1463; x_wconf 79' lang='lat' dir='ltr'><strong><em>vos,</em></strong></span> <span class='ocrx_word' id='word_1_101' title='bbox 1038 1402 1135 1469; x_wconf 87' lang='lat' dir='ltr'><strong><em>ait,</em></strong></span> <span class='ocrx_word' id='word_1_102' title='bbox 1166 1405 1454 1473; x_wconf 79' lang='lat' dir='ltr'><strong><em>prohibita</em></strong></span> <span class='ocrx_word' id='word_1_103' title='bbox 1492 1412 1572 1457; x_wconf 85' lang='lat' dir='ltr'><strong><em>est</em></strong></span> <span class='ocrx_word' id='word_1_104' title='bbox 1607 1406 2013 1474; x_wconf 77' lang='lat' dir='ltr'><strong><em>rebaptizati0‚&#39;</em></strong></span> <span class='ocrx_word' id='word_1_105' title='bbox 2035 1411 2172 1460; x_wconf 78' lang='lat' dir='ltr'><strong><em>sient</em></strong></span> <span class='ocrx_word' id='word_1_106' title='bbox 2199 1416 2253 1462; x_wconf 85' lang='lat' dir='ltr'><strong><em>et</em></strong></span> 
     </span>
     <span class='ocr_line' id='line_1_15' title="bbox 389 1489 2245 1566; baseline 0.004 -25"><span class='ocrx_word' id='word_1_107' title='bbox 389 1490 541 1557; x_wconf 78' lang='lat' dir='ltr'><strong><em>apud</em></strong></span> <span class='ocrx_word' id='word_1_108' title='bbox 575 1489 883 1551; x_wconf 61' lang='lat' dir='ltr'><strong><em>Romanae,</em></strong></span> <span class='ocrx_word' id='word_1_109' title='bbox 921 1496 1265 1546; x_wconf 81' lang='lat' dir='ltr'><strong><em>oeconomiae</em></strong></span> <span class='ocrx_word' id='word_1_110' title='bbox 1314 1495 1546 1566; x_wconf 79' lang='lat' dir='ltr'><strong><em>alicujus</em></strong></span> <span class='ocrx_word' id='word_1_111' title='bbox 1577 1497 1791 1562; x_wconf 68' lang='lat' dir='ltr'><strong><em>qratia3</em></strong></span> <span class='ocrx_word' id='word_1_112' title='bbox 1842 1501 2035 1548; x_wconf 78' lang='lat' dir='ltr'><strong><em>nostra</em></strong></span> <span class='ocrx_word' id='word_1_113' title='bbox 2073 1503 2245 1549; x_wconf 76' lang='lat' dir='ltr'><strong><em>lamen</em></strong></span> 
     </span>
     <span class='ocr_line' id='line_1_16' title="bbox 388 1578 2248 1653; baseline 0.004 -24"><span class='ocrx_word' id='word_1_114' title='bbox 388 1581 546 1630; x_wconf 62' lang='lat' dir='ltr'><strong><em>ratio⁴</em></strong></span> <span class='ocrx_word' id='word_1_115' title='bbox 571 1580 674 1630; x_wconf 78' lang='lat' dir='ltr'><strong><em>vim</em></strong></span> <span class='ocrx_word' id='word_1_116' title='bbox 712 1578 967 1632; x_wconf 81' lang='lat' dir='ltr'><strong><em>obtineat.</em></strong></span> <span class='ocrx_word' id='word_1_117' title='bbox 1020 1578 1153 1633; x_wconf 88' lang='lat' dir='ltr'><strong><em>Dum</em></strong></span> <span class='ocrx_word' id='word_1_118' title='bbox 1191 1599 1345 1653; x_wconf 84' lang='lat' dir='ltr'><strong><em>porro</em></strong></span> <span class='ocrx_word' id='word_1_119' title='bbox 1386 1579 1630 1645; x_wconf 78' lang='lat' dir='ltr'><strong><em>subdidit,</em></strong></span> <span class='ocrx_word' id='word_1_120' title='bbox 1672 1591 1852 1653; x_wconf 85' lang='lat' dir='ltr'><strong><em>optare</em></strong></span> <span class='ocrx_word' id='word_1_121' title='bbox 1878 1600 1964 1647; x_wconf 82' lang='lat' dir='ltr'><strong><em>se,</em></strong></span> <span class='ocrx_word' id='word_1_122' title='bbox 2005 1593 2059 1634; x_wconf 83' lang='lat' dir='ltr'><strong><em>ut</em></strong></span> <span class='ocrx_word' id='word_1_123' title='bbox 2087 1583 2248 1637; x_wconf 82' lang='lat' dir='ltr'><strong><em>coiret</em></strong></span> 
     </span>
     <span class='ocr_line' id='line_1_17' title="bbox 387 1663 2246 1740; baseline 0.003 -23"><span class='ocrx_word' id='word_1_124' title='bbox 387 1665 600 1737; x_wconf 86' lang='lat' dir='ltr'><strong><em>plurium</em></strong></span> <span class='ocrx_word' id='word_1_125' title='bbox 626 1663 992 1740; x_wconf 86' lang='lat' dir='ltr'><strong><em>Episcoporum</em></strong></span> <span class='ocrx_word' id='word_1_126' title='bbox 1020 1668 1312 1734; x_wconf 84' lang='lat' dir='ltr'><strong><em>concilium,</em></strong></span> <span class='ocrx_word' id='word_1_127' title='bbox 1350 1668 1433 1738; x_wconf 88' lang='lat' dir='ltr'><strong><em>qui</em></strong></span> <span class='ocrx_word' id='word_1_128' title='bbox 1461 1686 1568 1720; x_wconf 84' lang='lat' dir='ltr'><strong><em>rem</em></strong></span> <span class='ocrx_word' id='word_1_129' title='bbox 1606 1668 1892 1722; x_wconf 75' lang='lat' dir='ltr'><strong><em>accuratius</em></strong></span> <span class='ocrx_word' id='word_1_130' title='bbox 1919 1669 2246 1724; x_wconf 78' lang='lat' dir='ltr'><strong><em>discutientes</em></strong></span> 
     </span>
     <span class='ocr_line' id='line_1_18' title="bbox 389 1753 2245 1827; baseline 0.003 -21"><span class='ocrx_word' id='word_1_131' title='bbox 389 1771 631 1807; x_wconf 86' lang='lat' dir='ltr'><strong><em>canonem</em></strong></span> <span class='ocrx_word' id='word_1_132' title='bbox 671 1753 1012 1825; x_wconf 83' lang='lat' dir='ltr'><strong><em>conderent*)</em></strong></span> <span class='ocrx_word' id='word_1_133' title='bbox 1064 1774 1362 1827; x_wconf 87' lang='lat' dir='ltr'><strong><em>omnemque</em></strong></span> <span class='ocrx_word' id='word_1_134' title='bbox 1401 1754 1765 1809; x_wconf 77' lang='lat' dir='ltr'><strong><em>dubitationem</em></strong></span> <span class='ocrx_word' id='word_1_135' title='bbox 1803 1756 2099 1826; x_wconf 77' lang='lat' dir='ltr'>abigerent,</span> <span class='ocrx_word' id='word_1_136' title='bbox 2139 1777 2245 1812; x_wconf 87' lang='lat' dir='ltr'><strong><em>rem</em></strong></span> 
     </span>
    </p>
   </div>
   <div class='ocr_carea' id='block_1_3' title="bbox 382 1962 2246 3585">
    <p class='ocr_par' dir='ltr' id='par_1_3' title="bbox 382 1962 2246 3585">
     <span class='ocr_line' id='line_1_19' title="bbox 506 1962 2246 2019; baseline 0.002 -15"><span class='ocrx_word' id='word_1_137' title='bbox 506 1962 547 2017; x_wconf 79' lang='grc'><strong><em>*)</em></strong></span> <span class='ocrx_word' id='word_1_138' title='bbox 579 1965 786 2005; x_wconf 80' lang='lat' dir='ltr'><strong><em>Mirantur</em></strong></span> <span class='ocrx_word' id='word_1_139' title='bbox 819 1977 901 2005; x_wconf 92' lang='lat' dir='ltr'><strong><em>non</em></strong></span> <span class='ocrx_word' id='word_1_140' title='bbox 933 1967 1055 2018; x_wconf 88' lang='lat' dir='ltr'><strong><em>pauci</em></strong></span> <span class='ocrx_word' id='word_1_141' title='bbox 1086 1965 1189 2006; x_wconf 86' lang='lat' dir='ltr'><strong><em>haec</em></strong></span> <span class='ocrx_word' id='word_1_142' title='bbox 1220 1966 1419 2006; x_wconf 85' lang='lat' dir='ltr'><strong><em>Basilium</em></strong></span> <span class='ocrx_word' id='word_1_143' title='bbox 1452 1965 1503 2004; x_wconf 85' lang='lat' dir='ltr'><strong><em>de</em></strong></span> <span class='ocrx_word' id='word_1_144' title='bbox 1527 1964 1862 2016; x_wconf 83' lang='lat' dir='ltr'><strong><em>rebaptizatione</em></strong></span> <span class='ocrx_word' id='word_1_145' title='bbox 1896 1967 2118 2019; x_wconf 76' lang='lat' dir='ltr'><strong><em>scripsisse</em></strong></span> <span class='ocrx_word' id='word_1_146' title='bbox 2153 1971 2246 2018; x_wconf 87' lang='lat' dir='ltr'><strong><em>post</em></strong></span> 
     </span>
     <span class='ocr_line' id='line_1_20' title="bbox 386 2025 2245 2078; baseline 0.001 -13"><span class='ocrx_word' id='word_1_147' title='bbox 386 2026 616 2067; x_wconf 85' lang='lat' dir='ltr'><strong><em>Nicaenam</em></strong></span> <span class='ocrx_word' id='word_1_148' title='bbox 649 2038 812 2078; x_wconf 85' lang='lat' dir='ltr'><strong><em>quoque</em></strong></span> <span class='ocrx_word' id='word_1_149' title='bbox 845 2026 1061 2078; x_wconf 77' lang='lat' dir='ltr'><strong><em>synodum,</em></strong></span> <span class='ocrx_word' id='word_1_150' title='bbox 1095 2039 1120 2065; x_wconf 87' lang='lat' dir='ltr'><strong><em>a</em></strong></span> <span class='ocrx_word' id='word_1_151' title='bbox 1153 2038 1234 2078; x_wconf 83' lang='lat' dir='ltr'><strong><em>qua</em></strong></span> <span class='ocrx_word' id='word_1_152' title='bbox 1265 2025 1467 2077; x_wconf 79' lang='lat' dir='ltr'><strong><em>eJusmodi</em></strong></span> <span class='ocrx_word' id='word_1_153' title='bbox 1500 2026 1788 2077; x_wconf 80' lang='lat' dir='ltr'><strong><em>quaestionem</em></strong></span> <span class='ocrx_word' id='word_1_154' title='bbox 1817 2027 2084 2067; x_wconf 84' lang='lat' dir='ltr'>terminatam</span> <span class='ocrx_word' id='word_1_155' title='bbox 2116 2028 2245 2068; x_wconf 86' lang='lat' dir='ltr'><strong><em>fuisse</em></strong></span> 
     </span>
     <span class='ocr_line' id='line_1_21' title="bbox 386 2085 2244 2139; baseline 0.001 -13"><span class='ocrx_word' id='word_1_156' title='bbox 386 2087 577 2139; x_wconf 81' lang='lat' dir='ltr'>plerique</span> <span class='ocrx_word' id='word_1_157' title='bbox 608 2086 890 2134; x_wconf 87' lang='lat' dir='ltr'><strong><em>arbitrantur;</em></strong></span> <span class='ocrx_word' id='word_1_158' title='bbox 934 2087 1009 2126; x_wconf 84' lang='lat' dir='ltr'><strong><em>sed</em></strong></span> <span class='ocrx_word' id='word_1_159' title='bbox 1050 2086 1302 2127; x_wconf 80' lang='lat' dir='ltr'>crediderim</span> <span class='ocrx_word' id='word_1_160' title='bbox 1344 2086 1447 2125; x_wconf 90' lang='lat' dir='ltr'><strong><em>illud</em></strong></span> <span class='ocrx_word' id='word_1_161' title='bbox 1490 2085 1698 2124; x_wconf 85' lang='lat' dir='ltr'><strong><em>accidisse</em></strong></span> <span class='ocrx_word' id='word_1_162' title='bbox 1740 2087 1924 2135; x_wconf 86' lang='lat' dir='ltr'><strong><em>Basilio,</em></strong></span> <span class='ocrx_word' id='word_1_163' title='bbox 1970 2088 2082 2139; x_wconf 91' lang='lat' dir='ltr'><strong><em>quod</em></strong></span> <span class='ocrx_word' id='word_1_164' title='bbox 2122 2100 2244 2128; x_wconf 84' lang='lat' dir='ltr'><strong><em>occa-</em></strong></span> 
     </span>
     <span class='ocr_line' id='line_1_22' title="bbox 386 2145 2242 2197; baseline 0.001 -12"><span class='ocrx_word' id='word_1_165' title='bbox 386 2147 504 2185; x_wconf 78' lang='lat' dir='ltr'><strong><em>sione</em></strong></span> <span class='ocrx_word' id='word_1_166' title='bbox 527 2146 635 2186; x_wconf 87' lang='lat' dir='ltr'><strong><em>alius</em></strong></span> <span class='ocrx_word' id='word_1_167' title='bbox 665 2147 848 2186; x_wconf 88' lang='lat' dir='ltr'><strong><em>Nicaeni</em></strong></span> <span class='ocrx_word' id='word_1_168' title='bbox 881 2147 1052 2185; x_wconf 87' lang='lat' dir='ltr'><strong><em>canonis</em></strong></span> <span class='ocrx_word' id='word_1_169' title='bbox 1093 2146 1274 2197; x_wconf 80' lang='lat' dir='ltr'><strong><em>contigit</em></strong></span> <span class='ocrx_word' id='word_1_170' title='bbox 1319 2147 1363 2185; x_wconf 80' lang='lat' dir='ltr'><strong><em>S.</em></strong></span> <span class='ocrx_word' id='word_1_171' title='bbox 1398 2145 1658 2195; x_wconf 86' lang='lat' dir='ltr'><strong><em>Augustino,</em></strong></span> <span class='ocrx_word' id='word_1_172' title='bbox 1704 2157 1822 2196; x_wconf 88' lang='lat' dir='ltr'><strong><em>quem</em></strong></span> <span class='ocrx_word' id='word_1_173' title='bbox 1864 2146 2035 2186; x_wconf 84' lang='lat' dir='ltr'><strong><em>vivente</em></strong></span> <span class='ocrx_word' id='word_1_174' title='bbox 2075 2148 2242 2188; x_wconf 75' lang='lat' dir='ltr'><strong><em>Valerio</em></strong></span> 
     </span>
     <span class='ocr_line' id='line_1_23' title="bbox 385 2205 2239 2259; baseline -0.001 -11"><span class='ocrx_word' id='word_1_175' title='bbox 385 2207 644 2259; x_wconf 78' lang='lat' dir='ltr'><strong><em>Episcopum</em></strong></span> <span class='ocrx_word' id='word_1_176' title='bbox 676 2207 912 2247; x_wconf 87' lang='lat' dir='ltr'><strong><em>ordinatum</em></strong></span> <span class='ocrx_word' id='word_1_177' title='bbox 945 2210 1095 2247; x_wconf 87' lang='lat' dir='ltr'><strong><em>contra</em></strong></span> <span class='ocrx_word' id='word_1_178' title='bbox 1136 2205 1407 2247; x_wconf 83' lang='lat' dir='ltr'><strong><em>interdictum</em></strong></span> <span class='ocrx_word' id='word_1_179' title='bbox 1438 2206 1698 2251; x_wconf 88' lang='lat' dir='ltr'><strong><em>Nicaenum,</em></strong></span> <span class='ocrx_word' id='word_1_180' title='bbox 1745 2205 1857 2256; x_wconf 86' lang='lat' dir='ltr'><strong><em>quod</em></strong></span> <span class='ocrx_word' id='word_1_181' title='bbox 1888 2209 1970 2248; x_wconf 88' lang='lat' dir='ltr'><strong><em>tum</em></strong></span> <span class='ocrx_word' id='word_1_182' title='bbox 2003 2208 2239 2258; x_wconf 76' lang='lat' dir='ltr'>ignorabat,</span> 
     </span>
     <span class='ocr_line' id='line_1_24' title="bbox 385 2266 2244 2319; baseline 0 -12"><span class='ocrx_word' id='word_1_183' title='bbox 385 2279 467 2307; x_wconf 91' lang='lat' dir='ltr'><strong><em>non</em></strong></span> <span class='ocrx_word' id='word_1_184' title='bbox 501 2268 635 2308; x_wconf 89' lang='lat' dir='ltr'><strong><em>solum</em></strong></span> <span class='ocrx_word' id='word_1_185' title='bbox 665 2267 799 2307; x_wconf 80' lang='lat' dir='ltr'><strong><em>tradit</em></strong></span> <span class='ocrx_word' id='word_1_186' title='bbox 833 2267 1064 2317; x_wconf 89' lang='lat' dir='ltr'><strong><em>Possidius,</em></strong></span> <span class='ocrx_word' id='word_1_187' title='bbox 1097 2269 1172 2308; x_wconf 87' lang='lat' dir='ltr'><strong><em>sed</em></strong></span> <span class='ocrx_word' id='word_1_188' title='bbox 1205 2268 1296 2319; x_wconf 88' lang='lat' dir='ltr'><strong><em>ipse</em></strong></span> <span class='ocrx_word' id='word_1_189' title='bbox 1328 2267 1455 2306; x_wconf 85' lang='lat' dir='ltr'><strong><em>etiam</em></strong></span> <span class='ocrx_word' id='word_1_190' title='bbox 1486 2266 1746 2318; x_wconf 81' lang='lat' dir='ltr'><strong><em>Augustinus</em></strong></span> <span class='ocrx_word' id='word_1_191' title='bbox 1778 2270 1963 2306; x_wconf 81' lang='lat' dir='ltr'><strong><em>testatur</em></strong></span> <span class='ocrx_word' id='word_1_192' title='bbox 1998 2269 2244 2319; x_wconf 85' lang='lat' dir='ltr'><strong><em>epist.213.</em></strong></span> 
     </span>
     <span class='ocr_line' id='line_1_25' title="bbox 386 2327 2244 2382; baseline 0 -14"><span class='ocrx_word' id='word_1_193' title='bbox 386 2341 426 2372; x_wconf 88' lang='lat'><strong><em>11.</em></strong></span> <span class='ocrx_word' id='word_1_194' title='bbox 460 2328 503 2370; x_wconf 82' lang='lat'><strong><em>4.</em></strong></span> <span class='ocrx_word' id='word_1_195' title='bbox 567 2328 672 2368; x_wconf 88' lang='lat' dir='ltr'><strong><em>Noti</em></strong></span> <span class='ocrx_word' id='word_1_196' title='bbox 705 2327 869 2379; x_wconf 88' lang='lat' dir='ltr'><strong><em>quidem</em></strong></span> <span class='ocrx_word' id='word_1_197' title='bbox 901 2331 1021 2367; x_wconf 87' lang='lat' dir='ltr'><strong><em>erant</em></strong></span> <span class='ocrx_word' id='word_1_198' title='bbox 1054 2327 1260 2367; x_wconf 81' lang='lat' dir='ltr'><strong><em>Africanis</em></strong></span> <span class='ocrx_word' id='word_1_199' title='bbox 1291 2327 1470 2366; x_wconf 90' lang='lat' dir='ltr'><strong><em>Nicaeni</em></strong></span> <span class='ocrx_word' id='word_1_200' title='bbox 1504 2338 1703 2373; x_wconf 85' lang='lat' dir='ltr'><strong><em>canones,</em></strong></span> <span class='ocrx_word' id='word_1_201' title='bbox 1738 2338 1841 2377; x_wconf 89' lang='lat' dir='ltr'><strong><em>quos</em></strong></span> <span class='ocrx_word' id='word_1_202' title='bbox 1874 2340 1925 2367; x_wconf 87' lang='lat' dir='ltr'><strong><em>ex</em></strong></span> <span class='ocrx_word' id='word_1_203' title='bbox 1957 2329 2244 2382; x_wconf 87' lang='lat' dir='ltr'><strong><em>antiquissima</em></strong></span> 
     </span>
     <span class='ocr_line' id='line_1_26' title="bbox 386 2387 2244 2440; baseline 0 -12"><span class='ocrx_word' id='word_1_204' title='bbox 386 2389 586 2429; x_wconf 79' lang='lat' dir='ltr'><strong><em>versione</em></strong></span> <span class='ocrx_word' id='word_1_205' title='bbox 605 2389 870 2430; x_wconf 84' lang='lat' dir='ltr'><strong><em>Caecilianus</em></strong></span> <span class='ocrx_word' id='word_1_206' title='bbox 901 2389 942 2427; x_wconf 90' lang='lat' dir='ltr'><strong><em>in</em></strong></span> <span class='ocrx_word' id='word_1_207' title='bbox 976 2388 1159 2428; x_wconf 84' lang='lat' dir='ltr'><strong><em>Africam</em></strong></span> <span class='ocrx_word' id='word_1_208' title='bbox 1192 2388 1420 2428; x_wconf 86' lang='lat' dir='ltr'><strong><em>detulerat.</em></strong></span> <span class='ocrx_word' id='word_1_209' title='bbox 1480 2387 1572 2427; x_wconf 89' lang='lat' dir='ltr'><strong><em>Hos</em></strong></span> <span class='ocrx_word' id='word_1_210' title='bbox 1602 2387 1863 2437; x_wconf 81' lang='lat' dir='ltr'><strong><em>Augustinus</em></strong></span> <span class='ocrx_word' id='word_1_211' title='bbox 1894 2399 2114 2440; x_wconf 87' lang='lat' dir='ltr'><strong><em>numquam</em></strong></span> <span class='ocrx_word' id='word_1_212' title='bbox 2145 2392 2244 2428; x_wconf 85' lang='lat' dir='ltr'><strong><em>ante</em></strong></span> 
     </span>
     <span class='ocr_line' id='line_1_27' title="bbox 385 2447 2242 2500; baseline -0.001 -11"><span class='ocrx_word' id='word_1_213' title='bbox 385 2451 691 2490; x_wconf 81' lang='lat' dir='ltr'><strong><em>ordinationem</em></strong></span> <span class='ocrx_word' id='word_1_214' title='bbox 733 2450 890 2500; x_wconf 83' lang='lat' dir='ltr'><strong><em>legisse</em></strong></span> <span class='ocrx_word' id='word_1_215' title='bbox 942 2449 1192 2489; x_wconf 87' lang='lat' dir='ltr'><strong><em>incredibile</em></strong></span> <span class='ocrx_word' id='word_1_216' title='bbox 1236 2452 1315 2489; x_wconf 87' lang='lat' dir='ltr'><strong><em>est.</em></strong></span> <span class='ocrx_word' id='word_1_217' title='bbox 1409 2448 1462 2487; x_wconf 81' lang='lat' dir='ltr'><strong><em>At</em></strong></span> <span class='ocrx_word' id='word_1_218' title='bbox 1502 2447 1774 2488; x_wconf 86' lang='lat' dir='ltr'><strong><em>interdictum</em></strong></span> <span class='ocrx_word' id='word_1_219' title='bbox 1815 2453 2088 2489; x_wconf 83' lang='lat' dir='ltr'><strong><em>memoratum</em></strong></span> <span class='ocrx_word' id='word_1_220' title='bbox 2132 2450 2242 2488; x_wconf 92' lang='lat' dir='ltr'><strong><em>nullo</em></strong></span> 
     </span>
     <span class='ocr_line' id='line_1_28' title="bbox 383 2507 2242 2559; baseline 0 -11"><span class='ocrx_word' id='word_1_221' title='bbox 383 2507 577 2549; x_wconf 88' lang='lat' dir='ltr'><strong><em>Nicaeno</em></strong></span> <span class='ocrx_word' id='word_1_222' title='bbox 612 2521 773 2548; x_wconf 87' lang='lat' dir='ltr'><strong><em>canone</em></strong></span> <span class='ocrx_word' id='word_1_223' title='bbox 807 2520 1050 2559; x_wconf 84' lang='lat' dir='ltr'><strong><em>expressum</em></strong></span> <span class='ocrx_word' id='word_1_224' title='bbox 1082 2509 1262 2558; x_wconf 84' lang='lat' dir='ltr'><strong><em>legitur,</em></strong></span> <span class='ocrx_word' id='word_1_225' title='bbox 1295 2508 1370 2546; x_wconf 89' lang='lat' dir='ltr'><strong><em>sed</em></strong></span> <span class='ocrx_word' id='word_1_226' title='bbox 1401 2508 1532 2546; x_wconf 87' lang='lat' dir='ltr'><strong><em>solum</em></strong></span> <span class='ocrx_word' id='word_1_227' title='bbox 1565 2518 1726 2545; x_wconf 87' lang='lat' dir='ltr'><strong><em>canone</em></strong></span> <span class='ocrx_word' id='word_1_228' title='bbox 1759 2511 1934 2554; x_wconf 87' lang='lat' dir='ltr'><strong><em>octavo,</em></strong></span> <span class='ocrx_word' id='word_1_229' title='bbox 1977 2509 2046 2548; x_wconf 88' lang='lat' dir='ltr'><strong><em>ubi</em></strong></span> <span class='ocrx_word' id='word_1_230' title='bbox 2081 2510 2132 2548; x_wconf 88' lang='lat' dir='ltr'><strong><em>de</em></strong></span> <span class='ocrx_word' id='word_1_231' title='bbox 2164 2510 2242 2548; x_wconf 85' lang='lat' dir='ltr'><strong><em>Ca—</em></strong></span> 
     </span>
     <span class='ocr_line' id='line_1_29' title="bbox 384 2566 2241 2619; baseline -0.001 -10"><span class='ocrx_word' id='word_1_232' title='bbox 384 2569 518 2609; x_wconf 82' lang='lat' dir='ltr'><strong><em>tharis</em></strong></span> <span class='ocrx_word' id='word_1_233' title='bbox 549 2569 775 2615; x_wconf 82' lang='lat' dir='ltr'><strong><em>statuitur,</em></strong></span> <span class='ocrx_word' id='word_1_234' title='bbox 819 2572 864 2607; x_wconf 83' lang='lat' dir='ltr'><strong><em>ut</em></strong></span> <span class='ocrx_word' id='word_1_235' title='bbox 897 2568 1081 2619; x_wconf 86' lang='lat' dir='ltr'><strong><em>ipsorum</em></strong></span> <span class='ocrx_word' id='word_1_236' title='bbox 1110 2567 1338 2619; x_wconf 88' lang='lat' dir='ltr'><strong><em>Episcopis</em></strong></span> <span class='ocrx_word' id='word_1_237' title='bbox 1379 2566 1434 2605; x_wconf 89' lang='lat' dir='ltr'><strong><em>ad</em></strong></span> <span class='ocrx_word' id='word_1_238' title='bbox 1475 2567 1679 2605; x_wconf 88' lang='lat' dir='ltr'><strong><em>unitatem</em></strong></span> <span class='ocrx_word' id='word_1_239' title='bbox 1712 2567 2003 2616; x_wconf 86' lang='lat' dir='ltr'><strong><em>venientibus,</em></strong></span> <span class='ocrx_word' id='word_1_240' title='bbox 2044 2568 2080 2607; x_wconf 89' lang='lat' dir='ltr'><strong><em>si</em></strong></span> <span class='ocrx_word' id='word_1_241' title='bbox 2114 2569 2167 2607; x_wconf 80' lang='lat' dir='ltr'><strong><em>iis</em></strong></span> <span class='ocrx_word' id='word_1_242' title='bbox 2200 2569 2241 2607; x_wconf 89' lang='lat' dir='ltr'><strong><em>in</em></strong></span> 
     </span>
     <span class='ocr_line' id='line_1_30' title="bbox 383 2626 2244 2680; baseline 0 -11"><span class='ocrx_word' id='word_1_243' title='bbox 383 2629 489 2669; x_wconf 87' lang='lat' dir='ltr'><strong><em>locis</em></strong></span> <span class='ocrx_word' id='word_1_244' title='bbox 520 2629 628 2677; x_wconf 85' lang='lat' dir='ltr'><strong><em>sint,</em></strong></span> <span class='ocrx_word' id='word_1_245' title='bbox 672 2629 743 2668; x_wconf 91' lang='lat' dir='ltr'><strong><em>ubi</em></strong></span> <span class='ocrx_word' id='word_1_246' title='bbox 775 2628 980 2680; x_wconf 87' lang='lat' dir='ltr'><strong><em>Episcopi</em></strong></span> <span class='ocrx_word' id='word_1_247' title='bbox 1022 2627 1222 2670; x_wconf 87' lang='lat' dir='ltr'><strong><em>catholici</em></strong></span> <span class='ocrx_word' id='word_1_248' title='bbox 1254 2627 1547 2672; x_wconf 81' lang='lat' dir='ltr'><strong><em>inveniuntur,</em></strong></span> <span class='ocrx_word' id='word_1_249' title='bbox 1589 2626 1843 2678; x_wconf 77' lang='lat' dir='ltr'><strong><em>presbyterii</em></strong></span> <span class='ocrx_word' id='word_1_250' title='bbox 1876 2627 2033 2675; x_wconf 89' lang='lat' dir='ltr'><strong><em>honor,</em></strong></span> <span class='ocrx_word' id='word_1_251' title='bbox 2065 2632 2139 2668; x_wconf 89' lang='lat' dir='ltr'><strong><em>aut</em></strong></span> <span class='ocrx_word' id='word_1_252' title='bbox 2169 2641 2244 2669; x_wconf 85' lang='lat' dir='ltr'><strong><em>nu-</em></strong></span> 
     </span>
     <span class='ocr_line' id='line_1_31' title="bbox 386 2685 2242 2742; baseline -0.001 -12"><span class='ocrx_word' id='word_1_253' title='bbox 386 2690 481 2730; x_wconf 89' lang='lat' dir='ltr'><strong><em>dum</em></strong></span> <span class='ocrx_word' id='word_1_254' title='bbox 513 2690 717 2742; x_wconf 87' lang='lat' dir='ltr'><strong><em>Episcopi</em></strong></span> <span class='ocrx_word' id='word_1_255' title='bbox 750 2701 899 2728; x_wconf 88' lang='lat' dir='ltr'><strong><em>nomen</em></strong></span> <span class='ocrx_word' id='word_1_256' title='bbox 935 2689 1214 2735; x_wconf 84' lang='lat' dir='ltr'><strong><em>concedatur,</em></strong></span> <span class='ocrx_word' id='word_1_257' title='bbox 1259 2688 1364 2729; x_wconf 87' lang='lat' dir='ltr'><strong><em>haec</em></strong></span> <span class='ocrx_word' id='word_1_258' title='bbox 1396 2688 1504 2726; x_wconf 87' lang='lat' dir='ltr'><strong><em>ratio</em></strong></span> <span class='ocrx_word' id='word_1_259' title='bbox 1538 2685 1732 2733; x_wconf 88' lang='lat' dir='ltr'><strong><em>additur,</em></strong></span> <span class='ocrx_word' id='word_1_260' title='bbox 1778 2699 1830 2726; x_wconf 83' lang='lat' dir='ltr'><strong><em>ne</em></strong></span> <span class='ocrx_word' id='word_1_261' title='bbox 1862 2688 1909 2728; x_wconf 86' lang='lat' dir='ltr'><strong><em>in</em></strong></span> <span class='ocrx_word' id='word_1_262' title='bbox 1941 2700 2032 2730; x_wconf 80' lang='lat' dir='ltr'><strong><em>una</em></strong></span> <span class='ocrx_word' id='word_1_263' title='bbox 2066 2689 2242 2729; x_wconf 77' lang='lat' dir='ltr'><strong><em>civitate</em></strong></span> 
     </span>
     <span class='ocr_line' id='line_1_32' title="bbox 385 2746 2242 2802; baseline -0.001 -12"><span class='ocrx_word' id='word_1_264' title='bbox 385 2751 470 2791; x_wconf 74' lang='lat' dir='ltr'><strong><em>cluo</em></strong></span> <span class='ocrx_word' id='word_1_265' title='bbox 504 2749 719 2802; x_wconf 81' lang='lat' dir='ltr'><strong><em>Episcopi</em></strong></span> <span class='ocrx_word' id='word_1_266' title='bbox 750 2750 988 2800; x_wconf 74' lang='lat' dir='ltr'><strong><em>probentur</em></strong></span> <span class='ocrx_word' id='word_1_267' title='bbox 1021 2749 1230 2790; x_wconf 78' lang='lat' dir='ltr'><strong><em>existe-re:</em></strong></span> <span class='ocrx_word' id='word_1_268' title='bbox 1273 2760 1378 2800; x_wconf 88' lang='lat' dir='ltr'><strong><em>quae</em></strong></span> <span class='ocrx_word' id='word_1_269' title='bbox 1422 2746 1588 2799; x_wconf 87' lang='lat' dir='ltr'><strong><em>quidem</em></strong></span> <span class='ocrx_word' id='word_1_270' title='bbox 1629 2747 1738 2786; x_wconf 86' lang='lat' dir='ltr'><strong><em>ratio</em></strong></span> <span class='ocrx_word' id='word_1_271' title='bbox 1785 2747 2000 2788; x_wconf 87' lang='lat' dir='ltr'><strong><em>interdicti</em></strong></span> <span class='ocrx_word' id='word_1_272' title='bbox 2035 2749 2242 2800; x_wconf 86' lang='lat' dir='ltr'><strong><em>generalis</em></strong></span> 
     </span>
     <span class='ocr_line' id='line_1_33' title="bbox 384 2807 2242 2863; baseline -0.002 -11.998"><span class='ocrx_word' id='word_1_273' title='bbox 384 2811 567 2863; x_wconf 85' lang='lat' dir='ltr'><strong><em>speciem</em></strong></span> <span class='ocrx_word' id='word_1_274' title='bbox 598 2810 804 2858; x_wconf 83' lang='lat' dir='ltr'><strong><em>involvit;</em></strong></span> <span class='ocrx_word' id='word_1_275' title='bbox 849 2812 893 2848; x_wconf 85' lang='lat' dir='ltr'><strong><em>at</em></strong></span> <span class='ocrx_word' id='word_1_276' title='bbox 925 2821 1016 2849; x_wconf 89' lang='lat' dir='ltr'><strong><em>cum</em></strong></span> <span class='ocrx_word' id='word_1_277' title='bbox 1050 2820 1293 2861; x_wconf 81' lang='lat' dir='ltr'><strong><em>expressum</em></strong></span> <span class='ocrx_word' id='word_1_278' title='bbox 1324 2807 1595 2848; x_wconf 88' lang='lat' dir='ltr'><strong><em>interdictum</em></strong></span> <span class='ocrx_word' id='word_1_279' title='bbox 1626 2819 1708 2847; x_wconf 90' lang='lat' dir='ltr'><strong><em>non</em></strong></span> <span class='ocrx_word' id='word_1_280' title='bbox 1743 2808 1815 2858; x_wconf 87' lang='lat' dir='ltr'><strong><em>sit,</em></strong></span> <span class='ocrx_word' id='word_1_281' title='bbox 1851 2809 2070 2860; x_wconf 83' lang='lat' dir='ltr'><strong><em>Augustini</em></strong></span> <span class='ocrx_word' id='word_1_282' title='bbox 2104 2810 2242 2861; x_wconf 82' lang='lat' dir='ltr'><strong><em>consi-</em></strong></span> 
     </span>
     <span class='ocr_line' id='line_1_34' title="bbox 385 2867 2240 2922; baseline -0.002 -11"><span class='ocrx_word' id='word_1_283' title='bbox 385 2872 651 2912; x_wconf 74' lang='lat' dir='ltr'><strong><em>demtionem</em></strong></span> <span class='ocrx_word' id='word_1_284' title='bbox 692 2870 824 2922; x_wconf 85' lang='lat' dir='ltr'><strong><em>fugit,</em></strong></span> <span class='ocrx_word' id='word_1_285' title='bbox 866 2882 958 2908; x_wconf 89' lang='lat' dir='ltr'><strong><em>cum</em></strong></span> <span class='ocrx_word' id='word_1_286' title='bbox 1001 2869 1099 2910; x_wconf 91' lang='lat' dir='ltr'><strong><em>olim</em></strong></span> <span class='ocrx_word' id='word_1_287' title='bbox 1140 2873 1240 2909; x_wconf 87' lang='lat' dir='ltr'><strong><em>ante</em></strong></span> <span class='ocrx_word' id='word_1_288' title='bbox 1284 2869 1595 2908; x_wconf 84' lang='lat' dir='ltr'><strong><em>ordinationem</em></strong></span> <span class='ocrx_word' id='word_1_289' title='bbox 1635 2867 1853 2910; x_wconf 84' lang='lat' dir='ltr'><strong><em>Nicaenos</em></strong></span> <span class='ocrx_word' id='word_1_290' title='bbox 1895 2881 2080 2911; x_wconf 88' lang='lat' dir='ltr'><strong><em>canones</em></strong></span> <span class='ocrx_word' id='word_1_291' title='bbox 2122 2870 2240 2920; x_wconf 82' lang='lat' dir='ltr'><strong><em>legit.</em></strong></span> 
     </span>
     <span class='ocr_line' id='line_1_35' title="bbox 384 2923 2241 2981; baseline -0.003 -9"><span class='ocrx_word' id='word_1_292' title='bbox 384 2932 431 2972; x_wconf 92' lang='lat' dir='ltr'><strong><em>Id</em></strong></span> <span class='ocrx_word' id='word_1_293' title='bbox 463 2935 604 2972; x_wconf 85' lang='lat' dir='ltr'><strong><em>autem</em></strong></span> <span class='ocrx_word' id='word_1_294' title='bbox 634 2935 736 2971; x_wconf 84' lang='lat' dir='ltr'><strong><em>tunc</em></strong></span> <span class='ocrx_word' id='word_1_295' title='bbox 777 2933 938 2971; x_wconf 87' lang='lat' dir='ltr'><strong><em>tantum</em></strong></span> <span class='ocrx_word' id='word_1_296' title='bbox 981 2930 1258 2981; x_wconf 88' lang='lat' dir='ltr'><strong><em>probabiliter</em></strong></span> <span class='ocrx_word' id='word_1_297' title='bbox 1291 2929 1477 2976; x_wconf 87' lang='lat' dir='ltr'><strong><em>detexit,</em></strong></span> <span class='ocrx_word' id='word_1_298' title='bbox 1530 2940 1622 2969; x_wconf 87' lang='lat' dir='ltr'><strong><em>cum</em></strong></span> <span class='ocrx_word' id='word_1_299' title='bbox 1665 2928 1812 2968; x_wconf 88' lang='lat' dir='ltr'><strong><em>incidit</em></strong></span> <span class='ocrx_word' id='word_1_300' title='bbox 1852 2930 1896 2968; x_wconf 90' lang='lat' dir='ltr'><strong><em>in</em></strong></span> <span class='ocrx_word' id='word_1_301' title='bbox 1928 2925 2069 2968; x_wconf 86' lang='lat' dir='ltr'><strong><em>Rufini</em></strong></span> <span class='ocrx_word' id='word_1_302' title='bbox 2109 2923 2241 2968; x_wconf 84' lang='lat' dir='ltr'><strong><em>histo</em></strong></span> 
     </span>
     <span class='ocr_line' id='line_1_36' title="bbox 384 2986 2240 3043; baseline -0.002 -11"><span class='ocrx_word' id='word_1_303' title='bbox 384 2995 513 3042; x_wconf 87' lang='lat' dir='ltr'><strong><em>riam,</em></strong></span> <span class='ocrx_word' id='word_1_304' title='bbox 559 3004 667 3043; x_wconf 85' lang='lat' dir='ltr'><strong><em>quae</em></strong></span> <span class='ocrx_word' id='word_1_305' title='bbox 701 2992 870 3031; x_wconf 88' lang='lat' dir='ltr'><strong><em>eosdem</em></strong></span> <span class='ocrx_word' id='word_1_306' title='bbox 912 3000 1095 3030; x_wconf 86' lang='lat' dir='ltr'><strong><em>canones</em></strong></span> <span class='ocrx_word' id='word_1_307' title='bbox 1129 2990 1401 3029; x_wconf 70' lang='lat' dir='ltr'><strong><em>abbreviatos</em></strong></span> <span class='ocrx_word' id='word_1_308' title='bbox 1439 2991 1787 3039; x_wconf 85' lang='lat' dir='ltr'><strong><em>repraesentans,</em></strong></span> <span class='ocrx_word' id='word_1_309' title='bbox 1833 2986 2077 3028; x_wconf 88' lang='lat' dir='ltr'><strong><em>distinctum</em></strong></span> <span class='ocrx_word' id='word_1_310' title='bbox 2109 2989 2240 3028; x_wconf 87' lang='lat' dir='ltr'><strong><em>inter-</em></strong></span> 
     </span>
     <span class='ocr_line' id='line_1_37' title="bbox 385 3046 2240 3104; baseline -0.003 -10"><span class='ocrx_word' id='word_1_311' title='bbox 385 3054 543 3094; x_wconf 88' lang='lat' dir='ltr'><strong><em>dictum</em></strong></span> <span class='ocrx_word' id='word_1_312' title='bbox 574 3052 761 3104; x_wconf 82' lang='lat' dir='ltr'><strong><em>praefert</em></strong></span> <span class='ocrx_word' id='word_1_313' title='bbox 793 3062 955 3091; x_wconf 84' lang='lat' dir='ltr'><strong><em>canone</em></strong></span> <span class='ocrx_word' id='word_1_314' title='bbox 987 3049 1176 3089; x_wconf 88' lang='lat' dir='ltr'><strong><em>decimo:</em></strong></span> <span class='ocrx_word' id='word_1_315' title='bbox 1219 3047 1286 3089; x_wconf 88' lang='lat' dir='ltr'><strong><em>Ne</em></strong></span> <span class='ocrx_word' id='word_1_316' title='bbox 1326 3050 1376 3088; x_wconf 77' lang='lat' dir='ltr'><strong><em>in</em></strong></span> <span class='ocrx_word' id='word_1_317' title='bbox 1415 3059 1506 3087; x_wconf 82' lang='lat' dir='ltr'><strong><em>una</em></strong></span> <span class='ocrx_word' id='word_1_318' title='bbox 1545 3046 1725 3086; x_wconf 75' lang='lat' dir='ltr'><strong><em>civitate</em></strong></span> <span class='ocrx_word' id='word_1_319' title='bbox 1767 3047 1849 3087; x_wconf 79' lang='lat' dir='ltr'><strong><em>duo</em></strong></span> <span class='ocrx_word' id='word_1_320' title='bbox 1883 3046 2097 3099; x_wconf 79' lang='lat' dir='ltr'><strong><em>Episcopi</em></strong></span> <span class='ocrx_word' id='word_1_321' title='bbox 2135 3049 2240 3089; x_wconf 80' lang='lat' dir='ltr'><strong><em>sint.</em></strong></span> 
     </span>
     <span class='ocr_line' id='line_1_38' title="bbox 385 3105 2238 3162; baseline -0.002 -8"><span class='ocrx_word' id='word_1_322' title='bbox 385 3113 491 3156; x_wconf 86' lang='lat' dir='ltr'><strong><em>Vide</em></strong></span> <span class='ocrx_word' id='word_1_323' title='bbox 523 3113 601 3153; x_wconf 86' lang='lat' dir='ltr'><strong><em>hac</em></strong></span> <span class='ocrx_word' id='word_1_324' title='bbox 635 3112 687 3152; x_wconf 88' lang='lat' dir='ltr'><strong><em>de</em></strong></span> <span class='ocrx_word' id='word_1_325' title='bbox 719 3124 766 3151; x_wconf 90' lang='lat' dir='ltr'><strong><em>re</em></strong></span> <span class='ocrx_word' id='word_1_326' title='bbox 797 3110 1130 3151; x_wconf 86' lang='lat' dir='ltr'><strong><em>admonitionem</em></strong></span> <span class='ocrx_word' id='word_1_327' title='bbox 1161 3108 1434 3162; x_wconf 81' lang='lat' dir='ltr'><strong><em>praemissam·</em></strong></span> <span class='ocrx_word' id='word_1_328' title='bbox 1464 3118 1557 3157; x_wconf 84' lang='lat' dir='ltr'><strong><em>cap.</em></strong></span> <span class='ocrx_word' id='word_1_329' title='bbox 1589 3105 1634 3145; x_wconf 79' lang='lat'><strong><em>2.</em></strong></span> <span class='ocrx_word' id='word_1_330' title='bbox 1698 3107 1870 3148; x_wconf 87' lang='lat' dir='ltr'><strong><em>Codicis</em></strong></span> <span class='ocrx_word' id='word_1_331' title='bbox 1901 3120 2105 3149; x_wconf 84' lang='lat' dir='ltr'><strong><em>canonum</em></strong></span> <span class='ocrx_word' id='word_1_332' title='bbox 2137 3112 2238 3151; x_wconf 87' lang='lat' dir='ltr'><strong><em>tom.</em></strong></span> 
     </span>
     <span class='ocr_line' id='line_1_39' title="bbox 382 3167 2239 3222; baseline -0.003 -8"><span class='ocrx_word' id='word_1_333' title='bbox 382 3176 426 3215; x_wconf 90' lang='lat'><strong><em>3.</em></strong></span> <span class='ocrx_word' id='word_1_334' title='bbox 462 3177 633 3214; x_wconf 84' lang='lat' dir='ltr'><strong><em>nostrae</em></strong></span> <span class='ocrx_word' id='word_1_335' title='bbox 665 3172 866 3213; x_wconf 85' lang='lat' dir='ltr'><strong><em>editionis</em></strong></span> <span class='ocrx_word' id='word_1_336' title='bbox 897 3172 1086 3213; x_wconf 84' lang='lat' dir='ltr'><strong><em>Venetae</em></strong></span> <span class='ocrx_word' id='word_1_337' title='bbox 1112 3180 1288 3222; x_wconf 82' lang='lat' dir='ltr'><strong><em>operum</em></strong></span> <span class='ocrx_word' id='word_1_338' title='bbox 1321 3169 1367 3208; x_wconf 89' lang='lat' dir='ltr'><strong><em>S.</em></strong></span> <span class='ocrx_word' id='word_1_339' title='bbox 1399 3167 1557 3208; x_wconf 87' lang='lat' dir='ltr'><strong><em>Leonis</em></strong></span> <span class='ocrx_word' id='word_1_340' title='bbox 1589 3178 1630 3206; x_wconf 91' lang='lat' dir='ltr'><strong><em>n.</em></strong></span> <span class='ocrx_word' id='word_1_341' title='bbox 1660 3167 1705 3208; x_wconf 85' lang='grc'><strong><em>8.</em></strong></span> <span class='ocrx_word' id='word_1_342' title='bbox 1749 3169 1829 3207; x_wconf 87' lang='lat' dir='ltr'><strong><em>col.</em></strong></span> <span class='ocrx_word' id='word_1_343' title='bbox 1861 3169 1936 3208; x_wconf 83' lang='lat'><strong><em>81.</em></strong></span> <span class='ocrx_word' id='word_1_344' title='bbox 1999 3169 2095 3209; x_wconf 89' lang='lat' dir='ltr'><strong><em>Non</em></strong></span> <span class='ocrx_word' id='word_1_345' title='bbox 2128 3169 2239 3210; x_wconf 82' lang='lat' dir='ltr'><strong><em>absi-</em></strong></span> 
     </span>
     <span class='ocr_line' id='line_1_40' title="bbox 383 3227 2239 3285; baseline -0.003 -11"><span class='ocrx_word' id='word_1_346' title='bbox 383 3236 541 3274; x_wconf 86' lang='lat' dir='ltr'><strong><em>militer</em></strong></span> <span class='ocrx_word' id='word_1_347' title='bbox 573 3235 615 3274; x_wconf 90' lang='lat' dir='ltr'><strong><em>in</em></strong></span> <span class='ocrx_word' id='word_1_348' title='bbox 650 3234 899 3285; x_wconf 82' lang='lat' dir='ltr'><strong><em>quaestione</em></strong></span> <span class='ocrx_word' id='word_1_349' title='bbox 931 3231 983 3271; x_wconf 89' lang='lat' dir='ltr'><strong><em>de</em></strong></span> <span class='ocrx_word' id='word_1_350' title='bbox 1015 3230 1324 3271; x_wconf 82' lang='lat' dir='ltr'><strong><em>haeretieorum</em></strong></span> <span class='ocrx_word' id='word_1_351' title='bbox 1354 3227 1565 3280; x_wconf 75' lang='lat' dir='ltr'><strong><em>baptismo</em></strong></span> <span class='ocrx_word' id='word_1_352' title='bbox 1597 3227 1734 3266; x_wconf 78' lang='lat' dir='ltr'><strong><em>nullus</em></strong></span> <span class='ocrx_word' id='word_1_353' title='bbox 1754 3228 1971 3269; x_wconf 85' lang='lat' dir='ltr'><strong><em>Nicaenus</em></strong></span> <span class='ocrx_word' id='word_1_354' title='bbox 2002 3241 2143 3269; x_wconf 40' lang='lat' dir='ltr'><strong><em>canons</em></strong></span> <span class='ocrx_word' id='word_1_355' title='bbox 2169 3240 2239 3269; x_wconf 31' lang='lat' dir='ltr'><strong><em>exv·</em></strong></span> 
     </span>
     <span class='ocr_line' id='line_1_41' title="bbox 386 3287 2237 3346; baseline -0.002 -14"><span class='ocrx_word' id='word_1_356' title='bbox 386 3307 571 3346; x_wconf 84' lang='lat' dir='ltr'><strong><em>pressum</em></strong></span> <span class='ocrx_word' id='word_1_357' title='bbox 601 3298 646 3333; x_wconf 89' lang='lat' dir='ltr'><strong><em>et</em></strong></span> <span class='ocrx_word' id='word_1_358' title='bbox 678 3293 875 3346; x_wconf 83' lang='lat' dir='ltr'><strong><em>generale</em></strong></span> <span class='ocrx_word' id='word_1_359' title='bbox 916 3292 1131 3333; x_wconf 82' lang='lat' dir='ltr'><strong><em>decretum</em></strong></span> <span class='ocrx_word' id='word_1_360' title='bbox 1164 3290 1352 3338; x_wconf 81' lang='lat' dir='ltr'><strong><em>exhibet,</em></strong></span> <span class='ocrx_word' id='word_1_361' title='bbox 1396 3287 1471 3329; x_wconf 88' lang='lat' dir='ltr'><strong><em>sed</em></strong></span> <span class='ocrx_word' id='word_1_362' title='bbox 1512 3299 1562 3327; x_wconf 84' lang='lat' dir='ltr'><strong><em>ex</em></strong></span> <span class='ocrx_word' id='word_1_363' title='bbox 1605 3289 1834 3328; x_wconf 85' lang='lat' dir='ltr'><strong><em>canonibus</em></strong></span> <span class='ocrx_word' id='word_1_364' title='bbox 1878 3289 2040 3330; x_wconf 84' lang='lat' dir='ltr'><strong><em>duobus</em></strong></span> <span class='ocrx_word' id='word_1_365' title='bbox 2085 3292 2237 3333; x_wconf 84' lang='lat' dir='ltr'><strong><em>octavo</em></strong></span> 
     </span>
     <span class='ocr_line' id='line_1_42' title="bbox 386 3348 2237 3405; baseline -0.002 -13"><span class='ocrx_word' id='word_1_366' title='bbox 386 3357 429 3393; x_wconf 90' lang='lat' dir='ltr'><strong><em>et</em></strong></span> <span class='ocrx_word' id='word_1_367' title='bbox 461 3354 755 3394; x_wconf 83' lang='lat' dir='ltr'><strong><em>decimonono</em></strong></span> <span class='ocrx_word' id='word_1_368' title='bbox 788 3353 978 3405; x_wconf 82' lang='lat' dir='ltr'><strong><em>legitima</em></strong></span> <span class='ocrx_word' id='word_1_369' title='bbox 1010 3351 1264 3392; x_wconf 80' lang='lat' dir='ltr'><strong><em>deductione</em></strong></span> <span class='ocrx_word' id='word_1_370' title='bbox 1295 3348 1532 3400; x_wconf 84' lang='lat' dir='ltr'><strong><em>colligitur:</em></strong></span> <span class='ocrx_word' id='word_1_371' title='bbox 1567 3349 1719 3400; x_wconf 88' lang='lat' dir='ltr'><strong><em>quippe</em></strong></span> <span class='ocrx_word' id='word_1_372' title='bbox 1743 3361 1835 3389; x_wconf 87' lang='lat' dir='ltr'><strong><em>can.</em></strong></span> <span class='ocrx_word' id='word_1_373' title='bbox 1858 3350 1902 3388; x_wconf 85' lang='grc'><strong><em>8.</em></strong></span> <span class='ocrx_word' id='word_1_374' title='bbox 1946 3349 2153 3390; x_wconf 79' lang='lat' dir='ltr'><strong><em>Gatharos</em></strong></span> <span class='ocrx_word' id='word_1_375' title='bbox 2184 3349 2237 3389; x_wconf 83' lang='lat' dir='ltr'><strong><em>ad</em></strong></span> 
     </span>
     <span class='ocr_line' id='line_1_43' title="bbox 384 3408 2239 3466; baseline -0.004 -12"><span class='ocrx_word' id='word_1_376' title='bbox 384 3413 619 3463; x_wconf 80' lang='lat' dir='ltr'><strong><em>Ecclesiam</em></strong></span> <span class='ocrx_word' id='word_1_377' title='bbox 661 3415 884 3454; x_wconf 75' lang='lat' dir='ltr'><strong><em>venientes</em></strong></span> <span class='ocrx_word' id='word_1_378' title='bbox 928 3413 1423 3466; x_wconf 70' lang='lat' dir='ltr'><strong><em>impositione-manuum</em></strong></span> <span class='ocrx_word' id='word_1_379' title='bbox 1465 3408 1622 3459; x_wconf 80' lang='lat' dir='ltr'><strong><em>recipi,</em></strong></span> <span class='ocrx_word' id='word_1_380' title='bbox 1666 3410 2066 3451; x_wconf 53' lang='lat' dir='ltr'><strong><em>canoncie-049.</em></strong></span> <span class='ocrx_word' id='word_1_381' title='bbox 2100 3409 2239 3450; x_wconf 83' lang='lat' dir='ltr'><strong><em>Pauli-</em></strong></span> 
     </span>
     <span class='ocr_line' id='line_1_44' title="bbox 385 3469 2237 3526; baseline -0.004 -11"><span class='ocrx_word' id='word_1_382' title='bbox 385 3475 588 3515; x_wconf 80' lang='lat' dir='ltr'><strong><em>nianistas</em></strong></span> <span class='ocrx_word' id='word_1_383' title='bbox 632 3475 796 3514; x_wconf 90' lang='lat' dir='ltr'><strong><em>omnino</em></strong></span> <span class='ocrx_word' id='word_1_384' title='bbox 836 3473 1044 3526; x_wconf 85' lang='lat' dir='ltr'><strong><em>baptizari</em></strong></span> <span class='ocrx_word' id='word_1_385' title='bbox 1077 3473 1212 3525; x_wconf 82' lang='lat' dir='ltr'><strong><em>jubet.</em></strong></span> <span class='ocrx_word' id='word_1_386' title='bbox 1268 3470 1504 3511; x_wconf 86' lang='lat' dir='ltr'><strong><em>-Discrimen</em></strong></span> <span class='ocrx_word' id='word_1_387' title='bbox 1546 3469 1582 3508; x_wconf 81' lang='lat' dir='ltr'><strong><em>si</em></strong></span> <span class='ocrx_word' id='word_1_388' title='bbox 1625 3473 1718 3521; x_wconf 86' lang='lat' dir='ltr'><strong><em>quis</em></strong></span> <span class='ocrx_word' id='word_1_389' title='bbox 1750 3469 2155 3521; x_wconf 59' lang='lat' dir='ltr'><strong><em>attenteinquirat‘,</em></strong></span> <span class='ocrx_word' id='word_1_390' title='bbox 2197 3469 2237 3508; x_wconf 91' lang='lat' dir='ltr'><strong><em>in</em></strong></span> 
     </span>
     <span class='ocr_line' id='line_1_45' title="bbox 386 3528 2238 3585; baseline -0.002 -12"><span class='ocrx_word' id='word_1_391' title='bbox 386 3548 435 3577; x_wconf 75' lang='lat' dir='ltr'><strong><em>eo</em></strong></span> <span class='ocrx_word' id='word_1_392' title='bbox 471 3535 594 3575; x_wconf 88' lang='lat' dir='ltr'><strong><em>situm</em></strong></span> <span class='ocrx_word' id='word_1_393' title='bbox 631 3532 945 3585; x_wconf 79' lang='lat' dir='ltr'><strong><em>deprehendet,</em></strong></span> <span class='ocrx_word' id='word_1_394' title='bbox 989 3533 1057 3584; x_wconf 79' lang='lat' dir='ltr'><strong><em>(ut</em></strong></span> <span class='ocrx_word' id='word_1_395' title='bbox 1093 3532 1258 3574; x_wconf 86' lang='lat' dir='ltr'><strong><em>notavit</em></strong></span> <span class='ocrx_word' id='word_1_396' title='bbox 1292 3529 1561 3570; x_wconf 81' lang='lat' dir='ltr'><strong><em>innocentius</em></strong></span> <span class='ocrx_word' id='word_1_397' title='bbox 1594 3530 1624 3568; x_wconf 93' lang='lat' dir='ltr'><strong><em>l.</em></strong></span> <span class='ocrx_word' id='word_1_398' title='bbox 1669 3530 1713 3570; x_wconf 83' lang='lat' dir='ltr'><strong><em>in</em></strong></span> <span class='ocrx_word' id='word_1_399' title='bbox 1747 3530 1924 3582; x_wconf 77' lang='lat' dir='ltr'><strong><em>epistola</em></strong></span> <span class='ocrx_word' id='word_1_400' title='bbox 1956 3529 2009 3570; x_wconf 81' lang='lat' dir='ltr'><strong><em>ad</em></strong></span> <span class='ocrx_word' id='word_1_401' title='bbox 2040 3528 2238 3570; x_wconf 80' lang='lat' dir='ltr'><strong><em>Macedo-</em></strong></span> 
     </span>
    </p>
   </div>
  </div>
 </body>
</html>
