2314 3984
730 248 1378 306 *233—

152 422 425 477 nubilem
458 437 585 472 cumn
611 425 797 472 sancta
838 419 1087 471 Romano
1121 419 1253 471 sede
1281 419 1562 477 unitam,
1591 434 1651 493 ‘a
1664 447 1666 450 f
1679 434 1787 487 qua
1821 435 1964 470 nam-

149 524 304 578 qaam
328 508 629 559 desciverat
657 507 904 569 (ecclesia
939 507 1077 557 enim
1103 504 1353 556 Romana
1387 510 1509 556 erat
1529 503 1692 556 veluti
1714 505 1962 572 spiritus,

147 611 239 646 seu
262 610 405 644 mens
423 593 778 660 principalis,
813 609 951 661 quae
984 596 1202 644 cunctos
1235 595 1347 661 ejus
1370 607 1555 642 sensus
1588 607 1654 642 ac
1672 590 1963 657 facultates

147 679 387 747 reyebat3
411 683 674 736 centrum,
699 694 815 729 cum
840 694 944 745 quo
969 675 1184 727 coibant
1206 693 1384 727 omnes
1409 677 1583 727 lineae
1610 680 1722 747 ejas
1746 679 1963 729 circum·

142 767 410 832 fer-entiae
440 802 451 811 .
483 802 494 813 .
527 802 539 813 .
571 801 583 814 .
624 764 850 831 (lenique
879 763 1111 830 primum
1142 761 1359 820 mobile,
1394 765 1544 832 cujus
1582 779 1763 814 omnes
1795 769 1965 815 motus

140 850 508 918 ‘sequebatur),·
536 848 633 912 hic,
658 848 876 917 inquam,
902 843 1081 899 Clesus
1107 842 1396 897 Gallicanus
1422 843 1480 898 S.
1503 844 1700 900 Irenaei
1725 847 1967 901 vetustis-

150 934 262 986 simi
287 934 362 986 sui
382 933 618 986 Doctoris
643 943 695 986 et
713 930 947 1004 Episcopi
971 929 1271 983 sententiam
1301 932 1580 1002 amplexus3
1606 933 1850 986 unitatem
1877 952 1965 1005 po-

148 1020 392 1072 tissimum
418 1019 529 1071 fidei
555 1037 666 1072 cnm
691 1017 862 1070 eadem
889 1016 1005 1069 sede
1032 1015 1280 1068 custodire
1306 1016 1555 1086 antiquius
1582 1018 1771 1070 habuit.
1823 1020 1965 1073 Affe-

150 1123 258 1158 ram
282 1106 436 1158 verba
461 1103 770 1156 comitiorum
794 1100 1226 1154 Medolunensium
1254 1100 1372 1152 anni
1401 1102 1557 1156 1579.
1616 1105 1849 1174 (speram
1876 1109 1966 1158 da-

148 1193 276 1242 bunt
298 1194 354 1250 ii,
380 1190 563 1259 quibus
588 1208 721 1241 cura
747 1183 1068 1240 demandata
1095 1195 1188 1249 est,
1215 1188 1478 1257 Episcopi
1494 1190 1699 1242 scilicet
1717 1197 1768 1242 et
1786 1209 1966 1242 eorum

153 1277 379 1336 Vicarii,
416 1283 475 1327 ut
496 1279 551 1327 in
578 1276 812 1327 omnibus
837 1281 944 1326 tam
970 1276 1326 1334 dioecesanis,
1354 1294 1509 1343 quam
1529 1277 1967 1343 provincialibus,

150 1381 325 1413 omnes
376 1369 428 1413 et
474 1362 672 1429 singuli
717 1367 823 1412 tum
863 1362 1077 1418 clerici,
1126 1367 1234 1410 tum
1286 1361 1415 1410 laici
1451 1363 1867 1427 amplectantur,
1919 1369 1970 1413 et

150 1454 340 1515 aperta
359 1449 701 1515 professione
737 1463 851 1496 eam
871 1446 1031 1514 fidem
1048 1448 1427 1512 pronuntient,
1463 1465 1618 1515 quam
1646 1454 1831 1499 sancta
1860 1447 1966 1498 Ro-

149 1552 307 1584 mana
334 1534 556 1584 ecclesia
573 1569 586 1594 ,
625 1533 907 1600 magistra,
943 1532 1214 1592 columna,
1251 1539 1303 1583 et
1320 1536 1707 1601 firmamentum
1731 1536 1967 1584 veritatis

144 1622 430 1686 profitetur
456 1624 510 1668 et
529 1618 675 1668 colit.
713 1615 867 1668 Ratio
893 1634 1015 1669 vero
1043 1617 1299 1687 suincitur
1326 1634 1394 1670 ex
1422 1619 1526 1688 ejus
1553 1618 1769 1688 primatu
1790 1616 1846 1670 S.
1863 1617 1967 1670 Ire-

149 1702 262 1754 naei
310 1701 478 1755 verbis
528 1718 802 1771 expressa:
853 1701 944 1753 Ad
977 1703 1116 1753 hanc
1149 1712 1379 1772 propter
1417 1723 1566 1756 suam
1606 1709 1967 1772 potentiorem

140 1789 602 1857 principalitatem
625 1806 836 1839 necesse
863 1794 942 1839 est
965 1806 1168 1839 omnem
1193 1792 1473 1840 convenire
1489 1790 1801 1842 Ecclesiam.
1842 1789 1968 1843 Cum

147 1873 320 1943 quibus
348 1872 667 1926 concinentes
679 1871 924 1926 Gallicani
943 1870 1180 1944 Episcopi
1207 1873 1404 1926 concilii
1429 1874 1748 1945 provincialis
1761 1875 1969 1946 Aquen-

149 1959 218 2011 sis
245 1958 363 2011 anni
390 1959 545 2012 1585.
571 1958 650 2010 tit.
703 1960 790 2010 De
822 1963 1164 2028 professione
1198 1963 1329 2030 fidei
1365 1960 1462 2031 (T.
1491 1962 1578 2013 ⁵21.
1608 1960 1802 2015 Concil.
1832 1963 1963 2017 Ven.

149 2045 265 2097 edit.
293 2046 386 2096 col.
412 2042 570 2114 939.)
587 2083 600 2107 ‚
628 2061 738 2095 eam
762 2054 1006 2098 vocarunt
1032 2047 1350 2098 catholicam
1369 2049 1556 2115 fi'clem,
1584 2068 1742 2117 quam
1773 2052 1830 2102 S.
1863 2052 1968 2103 Ro-

150 2149 306 2181 mana
345 2131 569 2181 ecclesia
604 2132 736 2180 colit
771 2137 823 2181 et
856 2132 1041 2190 docet3
1079 2141 1128 2183 et
1167 2131 1481 2196 addiderunt,
1531 2134 1839 2196 Universos,
1879 2142 1970 2205 qui

152 2218 308 2267 aliter
346 2233 503 2284 quam
540 2215 807 2266 catholica
834 2213 1147 2283 Apostolica
1185 2223 1236 2267 et
1262 2217 1509 2268 Romana
1545 2223 1719 2272 credit
1742 2229 1792 2273 et
1811 2241 1968 2290 prae-

151 2303 298 2352 dicat
323 2301 596 2359 Ecclesia,
633 2303 855 2352 credere
894 2309 947 2352 et
962 2305 1315 2368 pertinaciter
1354 2321 1660 2356 asseverare
1701 2311 1821 2359 ausi
1851 2313 1966 2376 fue-

150 2390 285 2446 rint,
334 2387 495 2437 veluti
530 2386 828 2439 haereticos
868 2394 920 2438 et
958 2391 1295 2456 pertinaces,
1346 2396 1503 2458 atque
1540 2410 1573 2442 a
1608 2398 1968 2447 communione

145 2473 384 2541 fidelium
409 2478 686 2538 separatos
714 2474 1065 2525 declaramus.

294 2555 378 2608 12.
419 2554 631 2609 Saeculo
657 2557 1056 2628 pariter‘decimo
1085 2559 1294 2631 septimo
1320 2559 1447 2612 idem
1475 2558 1655 2614 Clerus
1681 2562 1970 2620 Gallicanus

149 2641 201 2691 in
227 2640 437 2692 comitiis
465 2643 583 2692 anni
611 2643 765 2695 1650.
804 2644 899 2695 etsi
936 2643 1115 2696 litteris
1154 2645 1215 2696 ad
1238 2645 1580 2699 Innocentium
1606 2646 1678 2698 X.
1708 2650 1803 2703 diei
1830 2651 1966 2705 VIII.

154 2722 403 2778 Calendas
419 2725 722 2778 Novembris
748 2725 1035 2781 Gallicanas
1061 2729 1320 2783 libertates
1345 2741 1598 2796 tueretur,
1625 2735 1865 2789 unitatem
1892 2748 1971 2791 ta-

153 2828 265 2862 men
303 2810 411 2862 fidei
440 2809 699 2863 Romanae
733 2813 837 2864 sedi
876 2814 1088 2866 debitam
1125 2817 1384 2867 confessus
1423 2826 1501 2867 est
1527 2826 1630 2868 tum
1655 2820 1826 2886 initio,
1866 2833 1969 2877 tum

153 2895 302 2946 etiam
338 2894 389 2946 in
427 2895 540 2948 fine.
594 2895 739 2949 Initio
774 2897 852 2949 his
889 2898 1055 2951 verbis
1095 2897 1176 2970 (V
1177 2898 1242 2952 id.
1269 2899 1454 2973 Dupin.
1484 2901 1649 2955 Trait.
1679 2907 1811 2960 dela
1836 2910 1969 2979 puis-

152 2998 289 3034 sanc.
320 2982 439 3034 eccl.
469 2992 518 3034 et
543 2982 813 3054 tempor.):
849 2983 897 3035 Α
923 2990 1126 3038 cunctis
1159 2996 1306 3040 retro
1344 2992 1571 3042 saeculis
1608 2997 1764 3061 reqni
1797 2996 1968 3068 lausus·

105 3079 109 3084 ‘
153 3070 296 3119 modi
349 3068 648 3122 Galliarum
691 3071 1131 3125 Christianissimi
1168 3075 1469 3144 Episcopos
1507 3080 1807 3144 primariae
1856 3086 1972 3135 sedi

156 3149 497 3219 Apostolicae
533 3163 641 3207 tum
668 3159 901 3210 amicitia
926 3166 986 3210 ut
1002 3162 1238 3226 fratres,
1273 3169 1380 3213 tum
1406 3163 1706 3216 obedientia
1730 3173 1790 3218 ut
1807 3170 1968 3237 filios,

153 3244 260 3288 tum
284 3255 408 3289 vero
434 3246 494 3290 ut
514 3258 717 3310 semper
755 3244 1089 3296 orthodoxos
1119 3247 1253 3313 fidei
1276 3251 1636 3301 communione
1661 3258 1968 3323 conJ'unctos

148 3325 344 3389 fuisse,
384 3330 435 3374 et
457 3333 631 3379 vestra
662 3347 769 3380 non
794 3332 1012 3398 iqnorat
1035 3330 1361 3392 Beatitudo‚
1400 3340 1452 3384 et
1481 3352 1579 3386 nos
1598 3339 1832 3403 fatemur
1858 3345 1968 3392 uni-

155 3411 308 3460 versi.
361 3407 416 3459 In
444 3409 619 3478 quihus
646 3410 889 3478 Gallicani
913 3414 1147 3488 Episcopi
1186 3436 1214 3469 a
1242 3417 1433 3471 cunctis
1471 3419 1681 3474 sacculis
1708 3421 1969 3479 Romanae

156 3493 258 3544 sedi
284 3499 554 3564 conjuncti
587 3496 813 3551 dicuntur
846 3506 1207 3555 communione
1230 3506 1380 3573 fidei,
1420 3514 1469 3558 et
1503 3508 1751 3578 conjuncti
1778 3509 1967 3579 quidem
