2314 3984
953 174 1345 275 —325
1433 253 1609 260 ,Ἣ

355 381 471 436 fidei
496 382 562 436 sit
586 383 780 454 pariter
805 392 972 446 certa,
998 399 1070 437 ex
1093 384 1352 460 principiis
1379 383 1510 442 huc'
1494 407 1550 443 m
1575 381 1932 446 dissertatione
1958 391 2202 445 constitu-

355 469 422 523 tis
447 468 640 523 Lector
657 469 877 542 judicet:
915 480 967 524 et
1005 470 1249 543 siquidem
1287 489 1358 528 ex
1382 473 1562 530 iisdem·
1581 477 1841 553 principiis
1878 489 2085 551 totoque
2113 498 2202 553 sy-

357 565 570 610 stemate
603 558 760 630 probe
794 557 1142 614 demonstrata
1178 581 1237 616 ac
1264 581 1354 636 per
1380 578 1437 618 se
1462 573 1603 619 certa
1619 561 1897 638 judicetur3
1934 568 2202 621 dubitatio-

354 662 447 697 nes
473 647 826 700 nonnullorum
852 647 1006 702 etiam
1029 659 1258 704 veterum
1283 649 1408 704 nihil
1431 650 1719 726 praejudicii
1740 649 1922 710 afferre
1946 666 2199 729 poterunt.

355 730 426 785 Et
451 732 580 787 sicut
605 735 688 806 qui
714 735 1030 805 dubitarunt,
1065 737 1148 793 vel
1171 737 1324 793 etiam
1359 737 1476 792 olim
1511 742 1932 797 contradixerunt
1956 743 2203 798 definitio-

355 821 502 875 nibus
547 822 870 877 eonciliorum
917 826 1258 897 generalium,
1314 844 1520 883 errasse
1568 831 1879 903 probantum
1929 831 2002 884 ita
2051 832 2202 885 etiam

357 927 562 965 errasse
589 911 783 966 dicendi
811 923 953 980 sunt,
982 915 1065 986 qui
1091 915 1411 982 dubitarunt,
1450 918 1531 972 vel
1557 937 1613 972 se
1639 937 1695 972 se
1721 928 2061 992 opposuerunt
2085 938 2202 991 pro-

354 997 464 1069 prie
501 998 646 1053 dictis
673 1001 1043 1057 definitionibus
1070 1002 1353 1059 Pontificiis
1394 1003 1479 1078 (ut
1502 1005 1601 1061 illis
1638 1006 1843 1074 accidit,
1883 1006 1967 1078 qui
2004 1006 2057 1060 in
2085 1005 2204 1063 Cal-

355 1086 660 1141 chedonensi
698 1089 1010 1146 difficultates
1046 1103 1314 1148 moverunt
1352 1103 1529 1147 contra
1565 1094 1898 1166 dogmaticam
1924 1092 1981 1148 S.
2010 1092 2203 1149 Leonis

354 1173 648 1246 epistolam3
694 1180 825 1234 unde
861 1179 1002 1254 (vid.
1045 1200 1155 1255 sup.
1195 1201 1238 1236 c.
1271 1181 1356 1235 13.
1395 1199 1447 1235 n.
1475 1181 1564 1237 68.
1604 1193 1656 1237 et
1692 1182 1875 1254 seqq.)
1917 1183 2202 1254 corrigendi

353 1261 523 1328 fuere3
553 1272 604 1316 et
631 1265 693 1317 ad
718 1267 934 1320 debitam
960 1269 1206 1323 unitatem
1232 1270 1560 1343 adducendo:
1599 1290 1694 1325 nec
1724 1271 2002 1326 errantium
2031 1291 2203 1341 quam-

354 1350 538 1404 tumvis
573 1352 891 1423 antiquorum
930 1356 1207 1409 auctoritas
1245 1353 1554 1412 adversariis
1579 1353 1899 1413 Pontificiam
1934 1357 2203 1411 infallibili—

352 1447 509 1492 tatem
536 1441 840 1512 negantibus
867 1443 1110 1516 prodesse
1135 1453 1321 1516 potest.

1192 1613 1240 1682 ς.
1281 1611 1376 1665 xi.

1075 1751 1302 1793 Conclusio
1341 1750 1508 1804 Operis.

498 1877 836 1933 45.1nte1im
871 1891 926 1933 ut
965 1883 1345 1948 concludamuS,
1386 1901 1498 1936 cum
1533 1884 1672 1936 nulla
1709 1881 2012 1937 Pontificum
2052 1886 2202 1951 facta,

354 1966 501 2033 nulli,
542 1967 625 2038 qui
651 1968 979 2041 objiciuntur,
1017 1970 1242 2043 ipsorum
1269 1989 1472 2025 errores
1490 2011 1504 2038 ,
1544 1970 1626 2041 qui
1621 1949 1748 2023 soli
1785 1981 1965 2024 contra
1989 1970 2204 2026 Pontifi-

354 2055 482 2108 ciam
508 2055 840 2110 ineriantiam
867 2058 1096 2112 efficaces
1121 2059 1282 2114 videli
1308 2069 1572 2132 poterant,
1601 2059 1702 2112 sint
1729 2078 1932 2113 errores
1959 2060 2204 2114 definitio-

353 2162 472 2197 num
499 2145 641 2212 fidei3
685 2156 824 2200 stare
862 2147 1020 2220 igitur
1058 2149 1205 2203 debet
1233 2149 1517 2202 eorumdem
1542 2145 1845 2202 Pontificum
1880 2149 2204 2202 infallibilitas

354 2233 407 2286 in
435 2233 727 2288 definiendis
756 2236 1122 2291 controversiis
1148 2237 1278 2303 fidei,
1309 2255 1456 2308 quam
1482 2246 1588 2290 tum
1616 2255 1685 2291 ex
1710 2237 1976 2310 promissis
1991 2235 2204 2304 Christi,

351 2332 457 2377 tum
495 2342 566 2377 ex
592 2321 807 2377 Patrum
843 2324 1120 2379 traditione
1156 2326 1481 2380 asserendam
1516 2324 1730 2380 vidimus
1755 2325 2087 2398 Apostolicae
2123 2346 2206 2380 ca-

350 2412 560 2466 thedrae
582 2410 930 2484 Romanisque
945 2412 1296 2479 AntistitibuS‚
1325 2432 1436 2467 cum
1464 2432 1534 2467 ex
1559 2414 1803 2486 primatus
1831 2415 1992 2468 officio
2022 2415 2205 2485 aliquid

351 2500 630 2553 decernunt
655 2502 718 2554 ob
746 2501 1095 2555 vindicandam
1121 2501 1235 2555 fidei
1260 2500 1522 2567 unitatem,
1551 2512 1602 2554 et
1622 2504 1683 2555 ob
1710 2503 2075 2555 confirmandos
2101 2504 2206 2555 fra-

351 2598 459 2641 tres
485 2587 538 2640 in
574 2587 695 2642 fide:
736 2588 954 2660 nihilque
990 2589 1340 2643 excusationis
1378 2599 1610 2661 superest
1648 2609 1877 2644 errorum
1912 2601 2203 2663 praetextu,

353 2677 618 2747 quominus
646 2676 1015 2730 definitionibus
1044 2677 1304 2749 ejusmodi,
1334 2696 1444 2730 cum
1471 2696 1498 2730 e
1526 2675 1583 2730 S.
1613 2676 1759 2731 Petri
1788 2679 2027 2732 cathedra
2053 2679 2206 2732 edun-

352 2775 462 2831 tur,
492 2784 553 2819 ea
578 2765 692 2819 fidei
716 2766 884 2819 unitas
912 2765 1233 2833 adhibeatur,
1263 2784 1410 2837 quam
1429 2768 1546 2838 jure
1572 2766 1815 2840 primatus
1843 2767 2031 2821 eisdem
2057 2786 2204 2840 prae-

354 2854 585 2907 standam
612 2864 720 2908 toto
749 2855 842 2909 hoc
869 2873 1022 2927 opere
1050 2854 1524 2909 demonstravimus.

499 2943 589 2996 46.
630 2941 805 2996 Nolim
832 2943 911 2997 hic
938 2943 1217 3016 quempiam
1246 2944 1652 2998 adversariorum
1681 2943 1975 2998 offensionis
2012 2953 2062 2997 et
2087 2963 2205 3013 que-

354 3032 575 3085 relarum
602 3032 923 3086 occasionem
962 3050 1142 3105 capere
1168 3046 1240 3086 ex
1275 3032 1430 3086 verbo
1459 3036 1962 3093 demonstravimus,
1998 3031 2205 3101 aliisque

353 3120 627 3187 similibuS,
666 3140 793 3192 quae
829 3119 1132 3175 Pontificiae
1166 3119 1536 3173 infallibilitatis
1562 3118 1743 3172 thesim
1782 3119 1984 3172 omnino
2015 3129 2205 3173 certam

356 3228 414 3261 ac
442 3208 700 3264 evidenter
727 3210 1123 3263 demonstratam
1147 3211 1456 3282 praeferunt.
1499 3207 1548 3261 Is
1575 3217 1738 3261 autem
1755 3249 1768 3273 ,
1798 3208 2091 3279 quicumque
2119 3206 2202 3272 sit,

356 3297 744 3364 animadvertat,
773 3316 980 3369 quaese,
1007 3317 1087 3352 me
1114 3299 1258 3370 hujus
1285 3296 1699 3351 demontrationis
1727 3307 1960 3350 naturam
1989 3313 2059 3349 ex
2085 3296 2202 3347 duo-

355 3385 447 3437 bus
474 3386 778 3453 deduxisse3
819 3387 981 3460 primo
1020 3406 1090 3441 ex
1128 3383 1386 3460 principiis
1425 3386 1484 3439 de
1521 3384 1573 3439 vi
1609 3403 1668 3438 ac
1706 3385 1905 3439 ratione
1941 3383 2202 3457 primatus,

355 3492 483 3545 quae
520 3475 580 3527 ab
619 3473 744 3547 ipsis
783 3476 1091 3532 adversariis
1141 3492 1410 3539 concessa,
1458 3473 1875 3527 demonstrationi
1925 3473 2205 3544 gignendae
