2314 3984
755 241 1393 299 ——269—

995 512 1041 578 ἓ.
1093 509 1153 573 u.

182 631 463 684 Antiquarum
496 632 672 671 traditio
695 631 854 672 Christi
883 625 1237 682 promissionibus
1268 627 1443 675 innixa,
1474 623 1657 665 eamdem
1690 620 1979 674 infallibilita-

181 694 259 730 tem
290 693 415 742 atque
444 691 724 731 inmantiam
751 691 860 731 satis
890 690 1091 730 declarat.
1132 686 1311 727 Patr-um
1340 685 1581 726 testimonia
1613 683 1794 724 deducta
1825 694 1875 723 ex.
1902 683 1980 723 illa

269 750 424 791 Christi
452 751 756 801 promissione.-
789 751 940 790 Portae
971 747 1092 787 inferi
1124 757 1206 785 non
1237 745 1529 797 praevalebunt
1557 743 1756 782 adversus
1788 755 1891 782 eam.

325 851 374 901 5.
428 846 556 916 Quid
587 852 766 915 refert,
794 848 837 901 si
861 847 987 919 apud
1012 845 1271 913 antiquos,
1298 861 1421 913 quos
1447 842 1723 896 adversarii
1741 843 1857 912 jure
1883 842 1981 892 lau-

182 935 298 986 dant
314 974 328 998 ,
355 934 473 988 haec
499 935 726 1005 quaestio
751 953 819 988 ex
844 932 1096 1006 proposito
1122 931 1344 983 discussa
1369 947 1470 982 non
1496 929 1704 997 legitur,
1732 947 1847 980 num
1873 927 1981 980 Ro-

179 1020 311 1072 mani
338 1019 605 1074 Pontifices
630 1021 682 1072 in
707 1018 992 1072 definiendis
1019 1016 1377 1070 controversiis
1402 1015 1513 1067 fidei
1540 1014 1641 1066 sint
1664 1014 1981 1067 infallibiles?

179 1104 364 1158 Idcirco
392 1107 521 1159 enim
547 1107 594 1158 id
621 1105 743 1176 apud
762 1105 896 1176 ipsos
923 1123 1022 1156 non
1048 1103 1258 1173 legitur,
1296 1101 1410 1171 quia
1443 1118 1588 1153 nemo
1626 1099 1673 1152 id
1709 1101 1762 1151 in
1788 1100 1980 1151 dubium

179 1201 229 1243 et
267 1192 604 1259 quaestionem
643 1191 865 1243 adduxit.
937 1187 1145 1243 Certam'
1174 1207 1296 1243 vero
1334 1187 1460 1259 apud
1497 1185 1728 1255 antiquos
1762 1186 1982 1256 viguisse

181 1278 492 1341 sententiam,
519 1275 808 1330 Pontificias
829 1276 1066 1347 ejusmodi
1091 1275 1401 1328 definitiones
1426 1291 1514 1344 per
1540 1291 1594 1325 se
1615 1290 1670 1324 se
1695 1272 1858 1324 errori
1881 1290 1981 1324 non

182 1363 331 1414 fuisse
357 1364 602 1415 obnoxias
629 1381 697 1414 ex
724 1363 874 1414 certis
901 1360 1090 1414 Christi
1114 1361 1400 1431 promissiS‚
1428 1360 1520 1411 duo
1547 1358 1843 1429 praesertim
1869 1376 1983 1428 pro-

181 1448 429 1499 bationum
455 1466 640 1517 genera
666 1465 734 1499 ex
761 1447 975 1516 antiquis
1001 1447 1155 1518 petita
1180 1463 1385 1518 prorsus
1423 1445 1672 1498 evincunt.
1724 1442 1982 1513 Vulgatis-

182 1533 305 1584 sima
332 1543 407 1586 est
431 1534 513 1585 illa
536 1532 796 1604 promissio
824 1531 1041 1594 Christi,
1067 1551 1161 1602 qua
1184 1542 1440 1604 postquam
1479 1530 1745 1584 affirmavit
1770 1549 1824 1582 se
1851 1531 1982 1582 aedi-

181 1619 432 1670 ficaturum
452 1617 725 1671 Ecclesiam
747 1637 893 1689 supra
913 1617 968 1671 S.
991 1617 1134 1671 Petri
1157 1619 1533 1683 confessionem,
1560 1617 1817 1681 seufidem9
1839 1636 1982 1686 quam

182 1703 326 1774 (Vid.
367 1722 408 1756 c.
438 1705 523 1755 12.
570 1703 616 1770 ἕ.
647 1702 725 1771 1.)
754 1712 947 1772 petrae
985 1704 1182 1756 nomine
1218 1703 1524 1774 designavit,
1576 1703 1866 1773 spopondit,
1914 1705 1983 1755 Et

175 1797 367 1856 portae
393 1793 558 1856 inferi
580 1808 684 1840 non
702 1791 1090 1857 praevalebunt
1122 1793 1373 1842 adversus
1410 1808 1539 1841 eam.
1607 1787 1772 1859 Ipsum
1791 1797 1982 1857 petrae

180 1875 463 1928 vocabulum
500 1874 778 1927 firmitatem
817 1874 1208 1944 soliditatemque
1245 1874 1602 1927 indeficientem
1628 1876 1845 1945 ejusdem
1872 1875 1981 1927 fidei

180 1959 389 2024 indicat3
418 1978 486 2012 ex
512 1979 605 2029 quo
632 1961 796 2030 plures
822 1959 1003 2013 Patres
1031 1962 1248 2014 eamdem
1273 1961 1587 2026 soliditatem,
1615 1979 1739 2030 quae
1764 1961 1815 2012 in
1842 1961 1985 2014 Petri

181 2045 271 2096 tide
297 2045 402 2109 suit,
430 2047 490 2097 ad
515 2064 829 2098 successores
855 2048 958 2116 ejus
983 2047 1245 2100 transiisse
1272 2047 1596 2099 affirmarunt.
1625 2046 1755 2100 Hinc
1777 2045 1832 2100 S.
1854 2046 1982 2111 Le0‚

189 2132 445 2182 Soliditas
471 2134 614 2184 illius
635 2135 766 2201 fidei
777 2173 793 2192 ,
835 2132 1019 2201 inquit,
1057 2152 1191 2201 quae
1225 2137 1280 2184 in
1307 2133 1684 2202 Apostolorum
1727 2136 1985 2203 Principe

187 2225 263 2269 est
289 2219 506 2269 laudata
534 2216 725 2288 (Serm.
752 2217 804 2270 3.
834 2218 896 2269 al.
925 2219 974 2269 2.
1003 2236 1046 2270 c.
1076 2217 1178 2289 2.),
1197 2227 1464 2288 perpetua
1502 2228 1601 2280 est,
1637 2228 1688 2272 et
1710 2224 1846 2272 sicut
1861 2240 1984 2289 per-

184 2311 380 2366 manet,
408 2306 552 2371 quod
575 2307 629 2354 in
663 2305 872 2356 Christo
902 2305 1096 2356 Petrus
1122 2307 1377 2367 credidit,
1403 2310 1478 2358 ita
1495 2313 1804 2374 permanet,
1843 2310 1986 2375 quod

183 2392 236 2439 in
267 2389 428 2440 Petro
464 2390 702 2442 Christus
728 2393 962 2441 instituit.
1012 2388 1082 2441 Et
1105 2390 1314 2443 recitato
1339 2389 1646 2462 Evangelico
1673 2402 1848 2455 textu,
1890 2395 1984 2444 Su-

176 2493 279 2542 per
306 2476 441 2526 lianc
460 2483 672 2542 petram
696 2485 788 2528 etc.
817 2475 1061 2528 concludit
1087 2476 1160 2546 (c.
1186 2476 1300 2545 3.:)
1329 2479 1518 2530 Manet
1540 2498 1666 2546 eryo
1705 2481 1983 2547 dispositio

181 2563 440 2621 veritatis,
468 2569 519 2612 et
543 2561 612 2612 B.
643 2562 836 2613 Petrus
862 2565 916 2613 in
943 2570 1164 2631 accepta
1183 2566 1503 2631 fortitudine
1524 2572 1716 2632 petrae
1747 2583 1984 2632 perseve-

185 2664 340 2704 rans,
364 2654 604 2713 suscepta
630 2648 904 2698 Ecclesiae
933 2649 1295 2715 yubernacula
1330 2669 1438 2700 non
1464 2651 1693 2718 reliquit.
1745 2648 1815 2702 Et
1840 2651 1983 2702 alibi:

195 2730 450 2781 Soliditas
477 2734 612 2782 enim
636 2733 753 2795 illa,
781 2751 936 2800 quam
960 2734 1026 2784 cle
1046 2741 1206 2800 petra
1230 2735 1440 2785 Christo
1468 2738 1622 2786 etiam
1647 2739 1762 2803 ipse
1789 2735 1981 2805 (Serm.

188 2816 238 2866 5.
267 2815 330 2866 al.
357 2815 407 2866 4.
437 2833 479 2867 c.
507 2815 589 2886 4.)
617 2814 857 2887 (Petrus)
879 2824 1040 2884 petra
1061 2822 1239 2883 factus
1265 2822 1496 2886 aceepit,
1527 2823 1583 2870 in
1619 2839 1740 2871 suos
1779 2841 1985 2890 quoque

186 2919 241 2951 se
266 2903 557 2968 transfudit
580 2903 812 2954 heredes.
865 2901 1034 2954 Tanta
1060 2912 1251 2967 autem,
1292 2921 1348 2956 ac
1381 2912 1482 2955 tam
1509 2904 1793 2958 indeficiens
1820 2907 1986 2960 solidi-

185 2995 264 3036 tas
292 2984 547 3039 Romanae
572 2988 698 3052 fidei,
725 3006 848 3058 quae
874 3005 904 3038 a
928 2985 983 3038 S.
1000 2985 1155 3040 Petro
1176 2989 1229 3039 in
1254 3006 1568 3041 successores
1595 2992 1701 3060 ejus
1727 2989 1983 3044 Romanos

188 3067 454 3123 Pontifices
478 3075 730 3125 transfusa
754 3083 847 3138 est,
874 3073 1075 3125 debetur
1099 3074 1170 3126 illi
1189 3074 1506 3145 promissioni
1523 3072 1740 3128 Christi:
1769 3079 1840 3130 Et
1861 3098 1982 3146 por-

189 3161 273 3206 tae
297 3159 458 3222 inferi
481 3177 586 3210 non
606 3160 990 3227 praevalebunt
1015 3162 1266 3212 adversus
1293 3180 1420 3212 eam.
1446 3160 1585 3214 Haec
1611 3162 1803 3230 quidem
1828 3166 1981 3217 verba

191 3241 386 3310 proprie
411 3243 585 3294 referri
610 3245 670 3295 ad
695 3261 803 3295 eam
827 3254 1016 3316 petram
1033 3284 1047 3308 ‚
1086 3263 1235 3316 supra
1271 3264 1413 3314 quam
1454 3243 1683 3300 Christus
1707 3247 1983 3303 Ecclesiam

193 3326 535 3379 aedificandam
554 3328 821 3394 constituit,
843 3348 910 3382 ex
929 3331 1072 3383 obvio
1094 3341 1359 3384 contextus
1380 3349 1529 3383 sensu
1548 3336 1858 3387 manifestum
1887 3347 1980 3390 est.

194 3411 386 3464 Petrae
413 3422 574 3465 autem
588 3414 782 3468 nomine
795 3415 1118 3486 significatam
1133 3416 1188 3469 S.
1203 3416 1347 3470 Petri
1359 3418 1717 3473 confessionem
1739 3440 1798 3475 ac
1822 3423 1981 3485 fidem⁷

190 3514 331 3563 quam
358 3499 645 3568 praedicans
672 3501 1033 3555 fundamentum
1053 3503 1174 3573 jecit
1200 3500 1479 3565 Ecclesiae,
1504 3523 1572 3558 ex
1593 3504 1803 3559 Patrum
1828 3508 1984 3559 tradi-
