2314 3984
966 201 1626 259 *338—

367 371 577 444 spiritus
620 378 738 422 sunt
773 367 912 421 intus
950 367 1003 420 in
1030 367 1142 440 ipsa
1166 365 1431 434 Ecclesia,
1467 370 1546 422 cui
1570 380 1690 426 voto
1731 380 1782 423 et
1810 370 2023 424 caritate
2049 369 2233 423 adhae-

369 470 515 525 rent,
543 457 675 510 unde
702 455 1030 528 Augustinus
1057 455 1117 509 de
1142 454 1314 528 probis
1340 454 1466 509 viris
1494 463 1644 527 atque
1669 458 2013 531 spiritualibus
2042 458 2231 528 absque

368 549 596 621 ipsorum
636 543 775 599 vitio,
801 544 862 597 ab
899 541 1135 597 Ecclesia
1169 542 1416 616 praecisis
1451 543 1655 616 scripsit
1693 544 1850 617 (Lib.
1891 546 1941 598 l.
1984 547 2043 600 de
2079 545 2229 618 Bapt.

373 654 417 688 c.
450 633 601 706 l7.):
637 633 968 702 Spirituales
995 639 1189 694 autem,
1216 635 1325 685 sive
1353 633 1429 684 ad
1453 633 1556 684 lzoc
1583 635 1758 702 ipsum
1777 638 1874 703 pio
1902 637 2082 688 studio
2102 653 2233 703 pro-

364 709 699 795 ficiscentes,
736 740 847 773 non
875 727 1000 774 sunt
1018 724 1182 790 foras
1191 740 1209 784 ‚·
1249 723 1378 790 quia
1405 727 1458 772 et
1482 739 1602 773 cum
1641 723 1829 792 aliqua
1866 725 1953 775 vel
1969 725 2234 792 perversi-

370 818 505 873 tate,
553 812 642 863 vel
675 813 995 862 necessitate
1037 810 1311 861 hominum
1356 811 1606 861 videntur
1653 812 1885 879 expelli:
1937 811 2012 861 ibi
2065 813 2235 879 mayis

366 900 707 969 probantur,
747 917 906 968 quam
947 902 995 950 si
1031 901 1174 950 intus
1193 904 1585 967 permaneant,
1620 917 1739 950 cum
1766 900 2024 950 adversus
2053 898 2235 949 Eccle-

372 990 507 1040 siam
532 988 842 1040 nullatenus
870 990 1177 1056 eriyuntur,
1214 988 1313 1038 sed
1335 989 1389 1037 in
1418 987 1596 1038 solida
1623 989 1846 1038 unitatis
1866 993 2030 1055 petra
2051 989 2238 1055 fortis-

374 1079 507 1130 simo
537 1078 784 1128 caritatis
811 1074 1010 1127 robore
1037 1076 1379 1126 radicantur.
1436 1069 1538 1140 Qui
1577 1073 1706 1126 hanc
1744 1073 1991 1126 unitatem
2030 1072 2238 1145 spiritus

374 1164 544 1228 habet,
571 1162 817 1215 unitatem
844 1180 1043 1232 quoque
1071 1162 1319 1215 actualem
1349 1181 1460 1215 cum
1478 1159 1742 1215 Ecclesiae
1764 1180 1978 1234 corpore
2006 1171 2056 1214 et
2079 1161 2240 1233 capite

376 1269 624 1322 quaerere
651 1249 789 1302 omni
815 1249 930 1301 nisu
955 1250 1119 1315 debet,
1147 1260 1204 1301 ut
1223 1248 1455 1302 Nicolius
1475 1250 1586 1302 loco
1606 1250 1808 1302 laudato
1835 1249 2059 1302 tradidit.
2099 1250 2240 1301 Nam

376 1339 664 1392 essentiale
702 1345 782 1389 est
815 1339 1036 1404 spiritui
1072 1340 1295 1389 unitatis
1332 1338 1637 1389 catholicae
1677 1339 1753 1389 ad
1778 1339 2045 1390 actualem
2071 1339 2241 1389 unita-

375 1435 479 1480 tem
506 1433 558 1479 et
582 1428 1033 1485 communionem,
1073 1443 1213 1494 quae
1242 1432 1319 1477 est
1354 1425 1626 1477 naturalis
1665 1431 1834 1477 status
1862 1428 2113 1494 corporis
2142 1426 2242 1476 Ec-

376 1518 601 1577 clesiae,
636 1515 889 1574 tendere,
927 1512 1001 1565 ita
1027 1511 1219 1566 scilicet
1245 1522 1301 1564 nt
1326 1531 1417 1584 per
1442 1510 1698 1565 hominem
1738 1531 1840 1565 non
1868 1521 1997 1577 stet,
2037 1530 2101 1564 ne
2129 1521 2244 1564 actu

376 1605 482 1658 fiat.
537 1600 661 1655 Sola
686 1600 1098 1673 impossibilitaS,
1128 1619 1220 1654 seu
1245 1600 1684 1672 impedimentum,
1712 1600 1842 1670 quod
1869 1601 2057 1670 absque
2084 1598 2245 1653 homi-

378 1692 458 1746 nis
487 1691 630 1763 culpa
658 1689 855 1742 aliunde
882 1687 1126 1754 obsistat,
1168 1708 1278 1742 eum
1318 1688 1506 1760 poterit
1534 1705 1817 1753 excusare,
1856 1698 1907 1741 et
1945 1687 2093 1741 saluti
2121 1690 2244 1759 ejus,

380 1781 494 1832 dum
523 1777 691 1832 adsint
718 1787 917 1842 cetera,
945 1776 1069 1829 nihil
1095 1776 1389 1849 praejudicii
1417 1777 1618 1831 afferre.

528 1867 580 1922 7.
620 1864 845 1920 Videant
872 1882 995 1937 ergo
1013 1905 1027 1931 ,
1056 1884 1204 1935 quam
1230 1884 1495 1937 perperam
1523 1884 1578 1918 se
1605 1884 1660 1918 se
1688 1864 1911 1917 nonnulli
1936 1882 2157 1936 purgare
2186 1881 2245 1916 eo

381 1955 586 2008 nomine
614 1953 931 2019 existiment,
961 1953 1090 2023 quod
1118 1972 1148 2006 a
1175 1954 1527 2007 communione
1555 1953 1688 2006 sedis
1705 1952 2034 2024 Apostolicae
2061 1970 2165 2004 non
2192 1970 2247 2004 36

382 2041 690 2115 separarint,
720 2042 808 2094 sed
835 2042 896 2094 ab
924 2041 1037 2113 ipsa
1063 2040 1182 2094 sede
1210 2041 1435 2113 separati
1461 2040 1670 2107 fuerint,
1699 2042 1814 2093 dum
1840 2040 1963 2094 haec
1991 2038 2247 2112 separatio

381 2148 452 2183 ex
481 2148 656 2183 eorum
697 2129 841 2200 culpa
879 2127 1131 2198 originem
1158 2128 1335 2194 duxit,
1375 2138 1426 2181 et
1452 2128 1733 2201 pertinacia
1768 2129 1994 2202 ipsorum
2019 2130 2072 2182 in
2099 2147 2251 2183 causa

383 2228 493 2284 est,
530 2236 595 2271 ne
632 2216 685 2269 in
725 2216 1131 2270 communionem
1170 2216 1499 2289 recipiantur.
1552 2216 1665 2270 Hac
1700 2217 1873 2271 eadem
1911 2217 2110 2271 ratione
2138 2235 2194 2271 se
2222 2235 2251 2269 a

383 2306 657 2360 schismate
684 2305 951 2358 defendere
979 2303 1149 2359 conati
1175 2314 1295 2357 sunt
1309 2305 1477 2377 plures
1499 2306 1813 2360 recentiores
1835 2306 2094 2372 haeretici,
2122 2305 2253 2359 sicut

385 2394 504 2448 olim
533 2393 707 2447 eadem
746 2393 806 2446 de
834 2410 990 2446 causa
1015 2411 1071 2447 se
1099 2411 1155 2446 se
1182 2393 1481 2447 studuerunt
1515 2414 1738 2467 purgare
1774 2395 1909 2449 inter
1936 2404 2135 2448 ceteros
2163 2411 2253 2445 an-

385 2483 553 2552 tiquos
580 2481 867 2534 haereticos
894 2479 1280 2545 Montanistae,
1322 2500 1432 2533 cum
1473 2500 1530 2535 se
1555 2502 1657 2535 non
1698 2483 1875 2535 exisse
1914 2483 1974 2535 de
1999 2481 2250 2545 Ecclesia,

386 2570 477 2623 sed
504 2569 564 2621 61)
594 2586 654 2621 eo
680 2566 871 2622 invitos
896 2566 1056 2620 fuisse
1083 2568 1324 2620 exclusos
1352 2577 1501 2638 atquc
1529 2569 1879 2622 connnunione
1906 2569 2161 2641 privamS,
2205 2578 2254 2621 et

389 2657 578 2712 exinde
605 2655 732 2709 satis
765 2664 903 2707 tutos
941 2656 1330 2726 praeferebant,
1368 2667 1424 2708 ut
1460 2658 1642 2729 probat
1669 2654 1959 2711 Cardinalis
1988 2655 2173 2709 Ursius
2200 2656 2253 2708 in

389 2743 751 2799 dissertatione
788 2741 1128 2814 Apologetica
1163 2763 1256 2815 pro
1294 2743 1393 2798 SS.
1434 2743 1693 2818 Perpetua
1729 2755 1779 2798 et
1818 2742 2087 2799 Felicitate
2126 2762 2169 2796 c.
2201 2743 2253 2795 9.

388 2833 437 2902 ἓ.
468 2834 518 2888 7.
573 2829 721 2899 Quae
748 2830 1018 2884 excusatio
1055 2830 1102 2884 si
1126 2851 1230 2886 non
1266 2835 1510 2906 probatur
1548 2835 1609 2887 ab
1639 2833 1948 2889 adversariis
1975 2830 2255 2894 catholiciS‚

391 2922 506 2974 dum
558 2939 651 2993 pro
695 2918 1000 2975 vindicanda
1036 2919 1236 2973 illorum
1275 2922 1600 2994 separatione
1640 2923 1702 2975 61)
1738 2920 1971 2975 Ecclesia
2015 2920 2254 2984 affertur,

392 3009 640 3081 quomodo
668 3008 893 3062 eamdem
918 3007 1139 3080 probare
1164 3020 1432 3081 poterunt,
1472 3011 1587 3063 dum
1615 3009 1885 3063 adducitur.
1913 3009 1975 3060 ob
2004 3024 2258 3060 excusan-

394 3100 506 3152 dam
534 3096 909 3169 separationem
937 3114 969 3149 a
994 3096 1113 3149 sede
1124 3096 1426 3170 Apostolica
1451 3117 1543 3170 per
1570 3094 2113 3152 excommunicationis
2140 3112 2258 3148 sen-

394 3183 632 3250 tentiam,
661 3203 788 3255 quae
815 3184 929 3236 dum
956 3184 1180 3257 sejungit
1206 3186 1266 3238 ah
1292 3185 1490 3238 unitate
1516 3195 1567 3238 et
1593 3183 1942 3238 communione
1969 3185 2077 3255 ejus
2106 3181 2256 3247 sediS,

397 3290 526 3342 quae
565 3273 842 3326 catholicae
864 3270 1132 3326 Ecclesiae
1158 3283 1238 3327 est
1275 3274 1681 3338 fundamentum,
1723 3273 1784 3325 ab
1812 3271 2006 3324 unitate
2046 3279 2097 3323 et
2124 3288 2259 3323 com-

396 3360 637 3414 munione
661 3360 820 3433 ipsius
846 3358 1113 3414 Ecclesiae
1141 3362 1188 3415 ei
1210 3361 1537 3415 fundamento
1574 3359 1887 3414 incumbenti
1929 3376 2031 3410 uno
2059 3357 2258 3411 eodem-

399 3465 495 3517 que
521 3446 627 3501 ictu
664 3448 946 3519 praecidit?
1000 3446 1193 3504 Confer
1219 3468 1348 3521 quae
1372 3449 1427 3503 in
1454 3450 1584 3504 hanc
1610 3468 1718 3503 rem
1743 3448 2027 3502 luculenter
2052 3443 2259 3517 protulit
