2314 3984
703 251 1354 321 *ΡΜ-..-

128 433 557 502 emineret
574 434 740 492 dura,
759 435 858 500 pia
885 436 1085 487 caritas
1109 436 1207 485 aut
1225 437 1407 490 sanet,
1442 427 1940 498 auttedome't‘jide'm

125 516 568 570 &instituendam
589 518 933 571 ‘necessariam
957 523 1212 589 paeemJu':
1232 515 1491 569 ubitatm.
1541 511 1792 567 Desinunt
1814 522 1938 584 e'rgo

126 601 398 655 adversarii
424 614 601 655 novum
629 620 844 656 examen
870 613 1021 674 atque
1037 601 1276 673 judicium
1298 601 1350 654 iu
1374 599 1696 670 'generalibus
1718 597 1939 653 coneiliis

125 697 236 759 post
271 688 592 759 Apostolicas
630 687 940 741 definitiones
978 686 1275 740 ob·eosdem
1309 686 1433 738 fines
1470 684 1765 739 institutum>
1786 701 1939 756 oppo-

126 790 273 838 nere,
313 783 684 845 agnoscuntque
708 774 868 845 ipsum
894 771 1378 844 nillil-praejudicare
1403 769 1728 841 Apostolieae
1765 769 1939 823 delini-

124 859 273 924 tioni‚
312 859 439 914 sieut
465 877 556 912 nec
582 858 931 931 praejudicium
956 855 1146 910 creavit
1171 855 1443 909 definitioni
1467 855 1719 925 generalis
1747 855 1938 908 concilii

127 942 543 998 Calchedonensis
564 961 796 1008 examen,
822 942 950 1012 quod
970 951 1085 1013 post
1098 938 1505 995 Calchedoneuse
1515 941 1751 1012 judicium
1762 939 1937 995 Leone

125 1028 427 1100 imperatore
452 1039 632 1100 agente
655 1027 935 1080 institutum
961 1026 1198 1080 diximus.

911 1187 957 1254 g.
997 1185 1144 1239 xlv.

129 1299 430 1342 Testimonium
471 1304 513 1342 S.
549 1302 664 1343 Petri
707 1303 963 1355 Chrysologi.
1030 1305 1336 1352 Argumentum
1381 1302 1549 1342 ductum
1594 1313 1644 1341 ex
1686 1302 1938 1353 obedientia,

323 1373 452 1412 quam
485 1362 676 1402 Rmnano
711 1361 908 1411 Pontifici
941 1363 1080 1402 deberi
1110 1363 1238 1401 etiam
1269 1361 1508 1400 aduersarii
1531 1361 1743 1409 fatentur.

269 1458 353 1511 73.
393 1458 512 1510 Non
548 1460 655 1511 leve
689 1459 1006 1512 necessariae
1042 1457 1251 1510 unitatis
1287 1458 1397 1509 fidei
1424 1475 1532 1509 cum
1559 1457 1649 1509 fide
1677 1456 1938 1510 Romanae

126 1543 256 1594 sedis
294 1544 626 1596 testimonitun
661 1554 738 1596 est
773 1545 890 1596 illud
929 1542 984 1596 S.
1014 1542 1157 1596 Petri
1196 1541 1504 1614 Chrysologi
1541 1543 1592 1594 in
1631 1543 1842 1614 epistola
1878 1545 1937 1596 ad

122 1624 424 1697 Eutychem‚
462 1647 586 1696 quae
612 1629 745 1681 iuter
768 1628 1024 1682 Leoninas
1063 1640 1268 1682 nostrae
1305 1627 1535 1681 editionis
1574 1637 1650 1681 est
1676 1629 1821 1700 epist.
1850 1629 1936 1682 95.

122 1710 192 1763 lbi
220 1730 328 1763 eam
354 1713 601 1783 integram
629 1713 873 1778 dedimuS,
914 1717 1288 1784 luculenterque
1325 1714 1376 1765 in
1414 1714 1692 1783 praemissa
1719 1715 1940 1766 admoni-

122 1796 257 1848 tione
283 1815 392 1850 eam
416 1799 607 1868 partem
632 1798 897 1868 genuinam
923 1801 1270 1871 probavimus,
1298 1798 1348 1850 in
1374 1817 1471 1866 qua
1498 1798 1760 1867 sequentia
1784 1801 1939 1851 verba

122 1883 374 1952 proposito
408 1893 582 1935 nostro
620 1883 838 1936 maxime
875 1885 1205 1955 congruentia
1240 1886 1489 1954 leguntur.
1552 1882 1840 1955 Scripserat
1878 1885 1938 1936 ad

122 1967 280 2037 ipsum
305 1966 562 2039 Eutyches
588 1969 647 2020 de
675 1980 859 2021 exorta
885 1971 1255 2035 controversia,
1292 1971 1354 2022 ob
1395 1988 1540 2038 quam
1569 1971 1628 2023 ad
1654 1971 1937 2024 Romanum

123 2070 313 2121 quoque
339 2051 634 2106 Pontificem
661 2054 855 2106 litteras
896 2073 950 2107 se
976 2057 1170 2109 dedisse
1204 2056 1514 2126 significasse
1541 2057 1736 2110 videtur
1806 2056 1937 2110 Res-

124 2138 344 2206 pondens
382 2148 543 2190 autem
578 2139 671 2208 ipsi
707 2137 762 2190 S.
792 2139 1065 2201 Ravennas
1098 2140 1544 2212 Archiepiscopus‚
1585 2161 1693 2194 cum
1730 2161 1783 2194 se
1812 2162 1841 2193 a
1866 2143 1937 2193 di-

125 2223 278 2274 cenda
305 2223 551 2276 sententia
578 2223 863 2292 quibusdam
899 2225 1179 2278 nominibus
1215 2226 1464 2290 subducit,
1504 2236 1606 2278 tum
1633 2246 1753 2279 vero
1780 2227 1937 2298 respi-

125 2306 261 2358 ciens
287 2305 600 2360 pontificium
631 2309 863 2378 judicium
903 2311 1029 2377 quod
1056 2311 1151 2362 etsi
1188 2311 1245 2361 ad
1273 2329 1383 2363 eum
1419 2311 1620 2363 missum
1648 2331 1934 2383 praesume-

123 2392 223 2455 bat,
251 2393 462 2444 nondtnn
489 2403 653 2446 tamen
679 2394 913 2464 seriptum
939 2395 991 2446 iu
1018 2396 1214 2448 laudata
1243 2397 1575 2450 admonitione
1602 2399 1934 2452 ostendimus:

127 2477 184 2526 In
223 2479 473 2538 omnibus,
501 2478 595 2539 ait,
622 2481 897 2531 hortamur
923 2489 988 2542 te,
1009 2485 1188 2549 frater
1217 2484 1564 2544 honorabilis,
1589 2493 1647 2536 ut
1672 2487 1772 2546 llis,
1800 2505 1934 2554 quae

123 2582 155 2611 a
181 2563 475 2615 beatissimo
505 2566 662 2632 Papa
687 2566 960 2618 Romanae
987 2571 1212 2619 civitatis
1240 2573 1442 2636 scripta
1468 2578 1603 2630 sunt,
1630 2572 1934 2622 obedienter

125 2650 391 2707 attendas:
419 2654 666 2716 quoniam
694 2651 766 2701 B.
799 2653 1018 2713 Petrus,
1057 2657 1149 2721 qui
1176 2658 1227 2704 in
1252 2660 1483 2722 propria
1510 2659 1632 2708 sede
1660 2665 1712 2708 et
1735 2662 1861 2709 vivit
1887 2666 1937 2709 et

118 2735 426 2798 praesidet,
448 2742 693 2800 praestat
718 2738 1086 2804 quaerentibus
1117 2741 1249 2804 fidei
1273 2743 1562 2791 veritatem.
1614 2739 1852 2793 Notanda
1884 2742 1936 2792 in

126 2815 295 2883 primis
322 2816 441 2869 haec
469 2818 596 2869 ratio
613 2857 626 2880 ,
654 2828 854 2888 propter
881 2840 1023 2889 quam
1052 2819 1397 2891 S.Episcopus
1424 2822 1704 2893 Eutychem
1732 2826 1790 2876 ad
1818 2827 1935 2878 obe-

125 2899 355 2952 dientiam
391 2900 656 2954 Pontificio
707 2903 818 2955 fidei
855 2906 1055 2958 decreto
1101 2907 1446 2974 praestandam
1483 2909 1736 2975 hortatum
1798 2913 1936 2970 Quo·

124 2988 263 3036 niam
299 2987 373 3036 B.
407 2988 627 3047 Petrus,
668 2993 758 3057 qui
794 2993 845 3040 in
876 2995 1111 3059 propria
1149 2994 1271 3043 sede
1307 2999 1358 3042 et
1394 2996 1517 3045 vivit
1551 3002 1603 3046 et
1634 3000 1934 3064 praesidet,

119 3079 360 3136 praestat
385 3076 754 3141 quaerentibus
775 3078 908 3144 fidei
932 3080 1218 3128 veritatem.
1258 3075 1382 3130 Cum
1411 3078 1531 3132 haee
1558 3080 1640 3134 ille
1666 3092 1782 3135 ante
1795 3082 1935 3135 Pon-

124 3153 333 3205 tificium-
355 3158 600 3211 decretum
638 3160 697 3211 ad
729 3158 1010 3230 Eutychem
1049 3162 1337 3234 scripserit3
1378 3182 1475 3216 non
1513 3177 1627 3218 sunt
1665 3168 1937 3237 peculiaria

125 3240 341 3308 ejusdem
375 3241 585 3307 decreti,
622 3264 716 3312 quo
756 3263 815 3298 ea
850 3248 1194 3301 controversia
1232 3267 1260 3298 a
1298 3247 1354 3300 S.
1384 3248 1558 3304 Leone
1584 3253 1783 3306 definita
1813 3255 1933 3320 fuit3

125 3325 209 3376 sed
234 3327 470 3394 generale
505 3330 790 3399 exprimunt
824 3342 1110 3402 certumque
1147 3333 1434 3404 principium
1473 3338 1698 3391 omnibus
1724 3337 1934 3394 Pontifi-

124 3409 211 3461 eiis
237 3411 598 3465 definitionibus
625 3423 896 3481 commune,
924 3418 1149 3470 nimirum
1178 3417 1235 3471 S.
1266 3418 1472 3473 Petrum
1500 3424 1762 3495 praecipuo
1790 3429 1935 3479 modo

118 3492 194 3545 ita
218 3494 267 3547 in
297 3495 540 3549 Romanis
570 3497 890 3556 praesulibus
917 3503 1020 3556 suis
1049 3506 1420 3559 successoribus
1446 3507 1635 3575 vivere,
1663 3521 1715 3563 ut
1740 3511 1791 3563 in
1819 3531 1933 3565 cau-
