2314 3984
288 346 652 402 catholicarum
677 344 1024 403 Ecclesiarum
1059 347 1183 402 fides
1209 347 1384 403 eadem
1408 366 1524 404 csse
1548 349 1696 404 debet
1721 367 1780 403 ac
1805 348 1927 403 fides
1954 346 2144 404 Roma-

289 452 384 489 na:
419 435 551 506 quod
585 433 715 488 idem
751 442 832 489 est
871 452 931 488 ac
965 433 1134 490 dicere
1172 432 1462 490 Romanam
1498 435 1642 492 fidem
1681 436 1907 491 eamdem
1942 454 2058 490 esse
2083 454 2143 490 ac

287 522 432 579 fidem
468 522 690 576 omnium
730 520 1091 579 catholicarum
1116 519 1494 589 Ecclesiarum,
1530 523 1662 580 idest
1693 524 1853 598 ipsius
1878 522 2145 579 Ecclesiae

288 609 585 665 catholicae.
638 608 818 666 Fidem
856 620 1024 666 autem
1062 611 1340 667 catholicae
1364 608 1628 667 Ecclesiae
1663 630 1775 667 cum
1799 632 1976 669 veram
1999 613 2145 666 fidem

289 715 404 751 esse
430 697 770 753 certissimum
797 699 893 756 sit:
935 699 1275 755 certissimum
1300 719 1498 771 quoque
1536 699 1636 754 erit
1659 719 1835 757 veram
1859 702 2005 756 fidem
2030 718 2145 755 esse

287 784 605 854 Romanam,
643 807 755 843 cum
792 806 892 858 qua
925 788 1146 843 omnium
1186 789 1397 843 aliarum
1446 788 1807 843 catholicarum
1841 791 1963 844 fides
2001 790 2149 843 debet

288 876 628 943 concordare3
667 895 726 930 ac
765 887 1037 949 propterea
1067 878 1130 932 ad
1165 896 1340 932 veram
1377 877 1674 932 catholicam
1714 878 1861 932 fidem
1900 887 2039 932 certo
2075 877 2148 929 di-

287 965 628 1036 gnoscendam
654 985 757 1020 non
783 965 852 1019 sit
879 985 1004 1039 opus
1029 966 1314 1038 inquirere,
1355 985 1603 1038 quaenam
1638 966 1706 1020 sit
1732 966 1943 1020 aliarum
1968 963 2149 1018 Eccle-

288 1051 479 1106 siarum
503 1053 652 1120 fides,
679 1056 770 1109 sed
795 1054 1062 1110 Romanae
1089 1055 1202 1110 fidei
1225 1055 1485 1126 inquisitio
1512 1065 1564 1110 et
1590 1054 1814 1127 cognitio
1842 1053 2072 1107 sufficiat.

437 1140 759 1197 Traditionis
798 1144 1097 1199 testimonia
1130 1147 1241 1199 fuse
1278 1143 1532 1217 descripta
1567 1143 1620 1197 in
1664 1143 1763 1197 alio
1802 1161 1955 1215 opere
1981 1143 2070 1194 De
2098 1145 2150 1194 vi

282 1233 502 1299 primat.
530 1250 574 1285 c.
606 1232 693 1286 13.
734 1233 849 1286 dum
887 1236 1104 1306 probant
1141 1233 1500 1288 necessitatem
1525 1232 1738 1286 unitatis
1763 1231 1876 1285 fidei
1901 1250 2011 1284 cum
2038 1229 2150 1283 Ro-

290 1336 439 1370 mana
476 1318 598 1384 fide,
646 1339 798 1390 quam
839 1320 894 1374 in
930 1309 1297 1376 controversiis
1343 1320 1587 1374 definiunt
1618 1318 1814 1373 Summi
1852 1317 2148 1382 Pontifices,

290 1406 506 1476 probant
539 1407 690 1460 sinml
729 1418 922 1463 certum
963 1428 1229 1464 assensum
1272 1408 1385 1462 fidei
1425 1406 1797 1461 definitionibus
1835 1404 2148 1479 Apostolicis

289 1495 644 1564 praestandum
661 1538 674 1564 ,
703 1508 754 1552 et
781 1499 944 1552 omnis
970 1497 1298 1552 dubitationis
1326 1506 1610 1569 expertem.

1122 1661 1170 1730 g.
1210 1659 1327 1716 vn.

671 1781 1263 1842 PROPosl'rlo
1326 1781 1781 1842 SEPTIMA.

291 1923 587 1974 Auctoritas
619 1926 925 1988 Pontificia,
971 1929 1117 1989 cujus
1149 1927 1471 1987 definitiones
1511 1927 1836 1988 doqmaticae
1866 1928 1922 1970 in
1953 1938 2148 1970 conscr-

289 1991 549 2033 vationem
578 1993 797 2036 unitatis
823 1990 950 2050 fidei
981 1990 1150 2036 editae
1182 1989 1410 2049 obliqant
1454 1994 1617 2034 totam
1649 1987 1936 2032 Ecclesiam
1969 1985 2040 2029 ad
2072 1999 2148 2029 as-

289 2063 496 2094 sensum
527 2049 655 2108 fidei
684 2054 810 2112 ipsis
831 2050 1214 2109 definitionibus
1232 2049 1631 2111 praestandum,
1667 2051 1809 2094 omni
1833 2045 2153 2092 dubitatione

292 2109 526 2164 exclusa,
560 2115 616 2156 in
647 2110 937 2170 deliniendo
970 2111 1264 2172 infallibilis
1297 2111 1518 2156 dicenda
1551 2116 1648 2162 est,
1681 2115 1742 2154 ut
1771 2113 1885 2169 ipsa
1917 2105 2152 2152 Ecclesia

706 2188 769 2218 ea:
791 2177 1066 2236 promissis
1105 2171 1295 2218 Christi
1325 2178 1399 2218 est
1428 2170 1736 2232 infallibilis.

436 2289 493 2343 In
522 2292 615 2347 hac
642 2295 988 2366 propositione
1013 2293 1422 2348 infallibilitatem
1449 2291 1819 2355 definitionum,
1848 2306 1972 2359 quas
2000 2287 2153 2340 edunt

289 2378 483 2434 Summi
506 2381 804 2449 PontificeS,
833 2402 903 2437 ex
928 2383 1285 2437 infallibilitate
1310 2381 1467 2435 totius
1492 2378 1775 2443 Ecclesiae,
1804 2396 1951 2448 quam
1979 2393 2153 2428 omnes

291 2470 526 2524 catholici
566 2491 636 2525 ex
676 2472 830 2524 certis
864 2471 1128 2543 promissis
1166 2471 1264 2542 ipsi
1287 2468 1552 2523 Ecclesiae
1589 2466 1735 2521 factis
1762 2464 1963 2518 indubie
1990 2466 2153 2516 faten-

288 2566 402 2622 tur,
431 2559 735 2612 deducimus.
774 2556 833 2612 Si
860 2560 993 2613 enim
1022 2578 1092 2613 ex
1119 2557 1410 2612 constitutis
1438 2556 1682 2608 hactenus
1708 2553 1787 2608 vis
1815 2562 1866 2606 et
1894 2551 2024 2604 ratio
2051 2550 2153 2623 pri-

290 2656 482 2711 matus,
520 2647 740 2701 instituti
777 2648 838 2700 ob
879 2647 1282 2702 conservandam
1319 2646 1566 2698 unitatem
1603 2642 1917 2715 potissimum
1953 2639 2066 2692 fidei
2100 2638 2152 2691 in

292 2743 399 2786 tota
436 2733 702 2803 Ecclesia,
739 2736 841 2791 vim
877 2755 969 2809 per
1008 2755 1063 2790 se
1104 2734 1434 2789 sufficientem
1469 2731 1684 2804 requirit
1737 2730 1797 2783 ad
1845 2729 2152 2801 exigendam

293 2823 421 2877 hanc
447 2825 691 2879 unitatem
719 2835 771 2879 et
797 2825 910 2879 fidei
935 2843 1202 2879 assensum
1231 2843 1260 2876 a
1286 2832 1397 2876 tota
1421 2820 1656 2875 Ecclesia
1681 2819 2040 2893 praestandum
2069 2818 2154 2871 de-

292 2912 603 2967 finitionibus
629 2914 979 2987 Apostolicisz,
1019 2923 1132 2967 tota
1156 2931 1281 2968 vero
1307 2909 1542 2965 Ecclesia
1571 2927 1642 2963 ex
1670 2905 1865 2962 Christi
1889 2906 2152 2979 promissis

291 3001 563 3056 infallibilis
601 3003 652 3055 in
690 3022 922 3058 errorem
959 3002 1074 3056 fidei
1111 3010 1331 3072 nequeat
1368 2998 1568 3065 deduci,
1618 2996 1891 3049 infallibilis
1926 2996 2152 3068 profecto

293 3090 502 3144 dicenda
529 3092 628 3145 erit
665 3092 717 3145 in
754 3091 830 3146 his
869 3090 1244 3146 definitionibus
1270 3087 1570 3160 Apostolica
1595 3083 1902 3146 auctoritaS,
1941 3101 2004 3136 ne
2032 3082 2076 3135 si
2101 3081 2153 3134 in

292 3179 422 3233 istas
448 3191 624 3252 posset
650 3180 762 3234 fidei
789 3199 936 3235 error
961 3180 1215 3252 irrepere,
1254 3175 1490 3230 Ecclesia
1515 3173 1786 3238 catholica,
1828 3191 1955 3243 quae
1983 3172 2043 3224 ad
2071 3190 2154 3223 as-

293 3286 499 3321 sensum
527 3269 809 3342 obligatur,
837 3269 890 3322 in
918 3287 1146 3324 errorem
1172 3266 1458 3337 inducatur.
1511 3262 1652 3316 Haec
1679 3259 2039 3334 praerogatiua
2067 3278 2153 3330 pe-

295 3356 498 3410 culiaris
527 3357 843 3411 auctoritatis
870 3356 1173 3411 Pontificiae
1200 3375 1291 3428 per
1317 3372 1403 3418 se,
1441 3352 1620 3424 quippe
1649 3369 1774 3421 quae
1799 3368 1890 3422 per
1918 3367 1972 3401 se
1990 3396 2001 3413 ,
2030 3347 2154 3400 obli-

295 3454 384 3516 gat
411 3455 570 3498 totam
595 3444 896 3512 Ecclesiam,
925 3465 1027 3500 non
1057 3455 1137 3499 est
1165 3441 1440 3498 communis
1469 3439 1581 3493 aliis
1608 3436 1892 3512 Episcopis,
1923 3445 2006 3488 aut
2034 3454 2154 3488 con-

296 3533 423 3591 ciliis
451 3532 864 3605 particularibuS,
901 3554 1030 3605 quae
1067 3552 1169 3587 non
1207 3530 1435 3603 obligant
1475 3528 1572 3583 nisi
1600 3547 1719 3582 suos
1748 3524 1972 3580 subditos
2003 3534 2151 3593 atquc
