2320 3990
707 240 1359 300 ——143—

128 419 178 470 in
213 414 502 486 quaestione
536 412 888 466 consulendam
927 411 1215 477 crediderit,
1251 409 1366 463 illud
1404 409 1600 481 subjicit
1618 447 1632 474 ,
1673 409 1802 479 quod
1837 427 1944 462 cum

131 499 431 571 Evangelico
457 507 606 552 textu
631 499 756 570 apud
781 497 1094 552 Matthaeum
1109 536 1124 561 ,
1163 506 1214 550 et
1239 514 1348 550 cum
1379 505 1556 549 nostra
1589 494 1806 567 ejusdem
1830 503 1948 548 tex-

129 598 207 655 tus
232 586 568 658 explicatione
594 585 820 657 superius
846 583 1100 657 proposita
1126 600 1170 635 c.
1203 583 1287 634 12.
1314 583 1361 650 §-
1393 583 1442 636 l.
1469 582 1690 636 maxime
1714 581 1949 647 concinit,

129 673 386 726 nimirumz
440 674 615 742 Super
651 674 800 725 illam
839 677 1055 741 petram
1099 670 1436 738 aedificatam
1475 670 1775 721 Ecclesiam
1820 672 1950 730 scio,

127 760 253 812 idest
302 777 450 829 super
500 759 630 811 illius
681 757 945 811 cathedrae
994 754 1271 806 doctrinam
1323 753 1450 807 fidei.
1529 751 1694 821 Quam
1729 754 1857 808 helle
1896 755 1949 806 in

130 854 351 897 nostram
378 844 702 897 sententiam!
742 841 870 897 Cum
894 840 1027 893 enim
1054 857 1202 911 super
1226 839 1369 892 fidem
1396 839 1658 893 Romanae
1684 840 1950 893 cathedrae

133 929 406 984 Ecclesiam
445 931 752 983 aedificatam
787 927 970 992 sciret,
1019 926 1073 978 in
1121 926 1470 980 controversia
1520 926 1632 979 fidei
1667 925 1949 980 Romanam

132 1017 270 1069 {idem
307 1016 601 1087 Apostolico
642 1014 760 1067 item
797 1031 886 1066 ore
920 1012 1167 1064 laudatam
1206 1012 1552 1082 requirendam
1587 1014 1853 1084 judicavit,
1897 1024 1950 1066 ut

137 1102 456 1172 dignosceret
479 1101 621 1152 fidem
646 1099 921 1153 catholicae
945 1098 1224 1164 Ecclesiae,
1251 1117 1378 1169 quae
1403 1098 1667 1152 Romanae
1691 1099 1802 1152 fidei
1826 1109 1953 1153 tam-

132 1206 279 1256 quam
304 1197 478 1259 petrae
506 1196 556 1240 et
580 1187 901 1240 fimdamento
927 1185 1256 1250 adhaerescit,
1279 1203 1337 1238 ac
1361 1185 1432 1238 ita
1458 1185 1782 1257 perspiceret,
1810 1204 1952 1255 quam

130 1273 268 1326 fidem
294 1278 371 1340 {ea
404 1273 457 1326 in
501 1273 809 1343 quaestione
840 1273 1042 1327 deberet
1090 1272 1340 1344 profiteri,
1392 1290 1455 1325 ne
1492 1273 1551 1326 ab
1595 1290 1656 1325 ea
1695 1273 1951 1337 recedcnS,

131 1361 190 1411 ab
217 1357 447 1412 Ecclesia
483 1359 592 1431 ipsa
630 1360 902 1412 recederet.
969 1359 1021 1411 ld
1055 1358 1369 1411 manifestius
1409 1359 1677 1411 ostendunt
1703 1359 1951 1429 subjectae

132 1445 504 1510 similitudineS,
543 1445 717 1515 quibus
744 1446 958 1516 ejusdem
994 1444 1201 1497 unitatis
1236 1444 1590 1498 necessitatem
1627 1446 1779 1497 multo
1808 1464 1952 1516 aper-

131 1531 229 1584 tius
254 1531 439 1602 ingerit
476 1531 734 1601 inquiens:
779 1533 1102 1601 Quicumque
1141 1539 1299 1584 extra
1337 1534 1478 1585 lianc
1515 1534 1723 1584 domum
1761 1551 1952 1602 aynum

131 1621 434 1678 cornederit,
455 1622 726 1686 profanus
753 1626 848 1670 est.
906 1620 970 1670 Si
994 1622 1111 1688 quis
1138 1622 1191 1670 in
1219 1620 1338 1670 Noe
1366 1638 1495 1671 arca
1521 1638 1626 1670 non
1648 1623 1839 1687 fuerit,
1859 1638 1951 1688 pe-

131 1704 256 1754 ribit
281 1741 470 1754 .....
542 1703 669 1754 Non
707 1706 832 1754 novi
883 1703 1132 1764 Vitalem,
1180 1706 1455 1756 Meletium
1489 1724 1714 1773 respuo,
1761 1708 1951 1773 iynoro

137 1789 434 1842 Paulinum.
497 1789 820 1860 Quicumque
847 1796 1014 1841 tecum
1051 1809 1159 1842 non
1185 1792 1422 1859 colavit,
1457 1793 1694 1859 sparyit3
1732 1791 1835 1842 hoc
1861 1798 1952 1851 est,

132 1879 223 1945 qui
256 1876 455 1928 Christi
478 1894 584 1927 non
613 1883 716 1936 est,
755 1874 1076 1928 Antichristi
1101 1883 1195 1928 est.
1249 1875 1477 1929 Tandem
1509 1875 1766 1948 proposita
1802 1875 1952 1927 trium

134 1961 471 2033 hypostaseon
497 1962 788 2031 quaestione
822 1962 1117 2015 solutionem
1156 1963 1280 2033 petit
1308 1982 1337 2015 a
1362 1961 1582 2016 Damaso
1599 2002 1612 2028 ,
1653 1981 1745 2015 nec
1773 1981 1872 2014 non
1899 1972 1952 2014 ut

134 2048 227 2099 sibi
254 2048 526 2118 significet,
567 2066 771 2116 quocum
799 2066 864 2100 ex
893 2048 991 2101 illis
1027 2049 1186 2100 tribus
1213 2049 1511 2102 Antiochiae
1537 2050 1712 2101 debeat
1738 2067 1953 2102 commu-

137 2133 319 2185 nicare.
371 2131 565 2184 Similia
592 2141 738 2200 urget
765 2133 911 2202 epist.
944 2134 1026 2186 16.
1068 2134 1128 2184 ad
1154 2135 1372 2186 eumdem
1401 2133 1722 2200 Pontificem,
1762 2154 1831 2188 ex
1859 2155 1952 2205 qua

135 2219 252 2271 haec
278 2226 470 2270 tantum
499 2217 766 2282 exscribe,
796 2218 970 2286 quihus
997 2237 1046 2270 n.
1078 2221 1128 2271 ’2.
1157 2219 1208 2270 in
1235 2229 1341 2271 tres
1368 2229 1539 2290 partes
1566 2221 1826 2273 discissam
1851 2242 1953 2275 me-

137 2321 334 2356 morans
359 2302 727 2355 Antiochenam
752 2301 1058 2369 Ecclesiam,
1087 2315 1273 2358 certum
1299 2325 1355 2358 se
1383 2325 1439 2358 ac
1467 2315 1621 2358 tutum
1647 2307 1699 2359 in
1727 2326 1786 2360 ea
1812 2318 1953 2379 parte

136 2390 418 2460 pollicetur,
460 2408 584 2457 quac
621 2388 841 2442 Damaso
881 2393 1085 2462 ejusque
1122 2392 1231 2445 fidei
1270 2393 1668 2446 adhaere-sceret.
1747 2396 1807 2446 Ιη
1845 2403 1952 2447 tres

130 2483 344 2542 partes,
378 2473 563 2544 inquit,
600 2478 766 2527 scissa
804 2479 1029 2530 ecclesia
1055 2481 1206 2530 adse
1232 2499 1428 2548 rapere
1467 2500 1544 2532 me
1564 2484 1814 2548 festinat,
1852 2501 1952 2532 mo—

133 2563 422 2613 nachorum
458 2565 604 2613 circa
643 2567 961 2615 manentium
999 2568 1220 2634 antiqua
1246 2570 1300 2617 in
1325 2586 1405 2618 me
1440 2571 1612 2636 surqit
1637 2571 1948 2619 auctoritas.

138 2648 252 2714 Eyo
279 2650 487 2698 iuterim
513 2649 756 2699 clamito.-
789 2650 852 2700 Si
875 2654 993 2719 quis
1019 2652 1308 2704 cathedrae
1339 2654 1494 2704 Petri
1502 2658 1782 2725 junyitur,
1809 2674 1952 2706 meus

138 2738 230 2783 cst.
285 2733 552 2792 Meletius,
588 2733 820 2794 Vitatis,
858 2736 1123 2787 Paulinus
1155 2739 1252 2788 tibi
1289 2740 1512 2790 haerere
1546 2759 1601 2791 se
1638 2736 1823 2791 dicunt
1850 2778 1861 2789 .
1894 2779 1906 2790 .
1939 2780 1949 2790 .

142 2817 384 2868 Obtestor
411 2817 812 2870 Beatitudinem
837 2827 1005 2880 tuam,
1030 2829 1090 2872 ut
1111 2823 1241 2871 mihi
1268 2823 1458 2874 litteris
1485 2827 1603 2883 tuis,
1629 2827 1780 2892 apud
1803 2844 1953 2892 quem

138 2906 190 2952 in
223 2904 383 2973 Syria
411 2905 628 2955 debeam
653 2909 1070 2966 communicare,
1106 2909 1387 2976 siquifices.
1439 2906 1555 2960 Etsi
1579 2927 1700 2962 vero
1728 2910 1951 2978 quaestio

135 2988 194 3040 de
221 2988 426 3041 vocibus
452 2988 600 3040 trium
627 2989 994 3062 hypostaseon,
1032 3010 1159 3060 quae
1196 3011 1304 3045 cum
1342 2994 1550 3046 laudatis
1579 2995 1829 3048 monachis
1864 3015 1952 3068 po-

135 3072 379 3127 tissimum
406 3093 435 3127 a
459 3074 769 3148 Hieronymo
795 3076 1096 3143 habebatur,
1141 3079 1381 3132 modicum
1407 3098 1437 3132 a
1460 3081 1710 3134 nonnullis
1738 3082 1823 3134 fiat
1839 3122 1852 3147 ,
1892 3101 1950 3135 eo

142 3159 269 3226 quod
302 3177 358 3212 re
395 3177 566 3214 omnes
602 3163 870 3217 catholicos
906 3164 1230 3229 convenisse,
1274 3167 1395 3218 solis
1436 3178 1599 3220 autem
1636 3168 1832 3235 verbiS,
1870 3170 1951 3223 vel

140 3243 418 3314 suspicione
436 3245 744 3319 discrepasse
765 3250 1084 3316 existiment,
1105 3269 1230 3320 quae
1246 3261 1413 3305 tamen
1432 3253 1517 3307 ille
1534 3254 1588 3306 in
1605 3255 1815 3308 medium
1833 3275 1949 3327 pro-

137 3331 233 3382 fert
258 3348 347 3400 pro
374 3333 644 3385 asserenda
677 3336 1032 3389 communionis
1074 3346 1124 3390 et
1160 3337 1269 3390 fidei
1308 3341 1593 3394 necessaria
1627 3341 1815 3395 unitate
1841 3361 1948 3395 cum

141 3413 369 3468 Romana
395 3417 536 3482 sede,
573 3436 636 3472 ne
661 3421 770 3490 quis
796 3433 948 3476 extra
974 3422 1101 3476 hanc
1128 3423 1367 3477 unitatem
1394 3426 1650 3494 existenS,
1688 3427 1948 3482 Ecclesiae

139 3509 324 3568 petram
350 3504 657 3570 deseruisse,
693 3517 842 3560 extra
867 3511 1060 3561 domum
1089 3528 1269 3577 agnum
1308 3513 1589 3573 comedere,
1630 3532 1686 3566 ac
1711 3515 1947 3584 profanus

972 3654 1018 3689 ὅ·
