2320 3990
671 244 1318 303 ——101—

86 423 250 484 tione,
286 436 380 471 seu,
410 416 574 488 potius
599 426 669 468 ex
693 414 980 468 constitutis
1013 413 1213 467 laudato
1249 410 1411 482 capite
1447 408 1596 462 tertio
1624 407 1900 477 detegetur.

85 503 243 566 Plura
278 522 399 558 vero
438 502 483 556 si
517 501 768 555 desideres
782 540 797 565 ,
835 500 948 555 vide
973 516 1100 569 quae
1126 507 1303 552 contra
1334 496 1498 568 ipsam
1533 493 1900 550 distinctionem

84 591 240 644 fusius
265 590 576 644 disserentur
603 606 710 658 cap.
742 586 827 640 14.
855 586 903 654 5.
919 585 976 636 ,5.
1027 581 1108 636 De
1132 593 1343 652 utraque
1367 599 1518 654 porro
1545 580 1788 646 caritatis,
1814 597 1902 632 seu

87 675 470 740 communioniS,
509 693 565 727 ac
592 674 700 726 fidei
740 672 931 724 unitate
955 687 1066 723 cum
1090 667 1324 722 Romana
1360 668 1504 732 sede,
1544 667 1626 720 vel
1659 685 1770 719 cum
1797 663 1904 717 Ro-

86 760 584 816 manisPontilicibus
610 757 899 812 necessaria
921 755 1088 828 plures
1115 754 1397 807 traditionis
1422 762 1597 805 textus
1618 761 1903 822 suppetunt,

87 849 174 902 sed
209 847 430 919 plerique
447 887 461 913 ,
498 857 554 899 ut
578 844 790 918 patebit,
825 844 887 895 de
919 839 1208 894 necessaria
1242 840 1354 892 fidei
1386 838 1579 892 unitate
1616 839 1901 907 loquuntur,

89 934 160 986 uti
197 935 258 987 ad
292 935 416 987 hanc
447 932 711 1005 praecipue
742 926 1049 998 Evangelica
1096 926 1384 980 testimonia
1417 926 1729 978 referuntur:
1779 924 1902 976 adeo

88 1021 208 1073 haec
256 1020 550 1091 praesertim
596 1015 760 1069 unitas
810 1012 1045 1086 peculiari
1097 1023 1147 1065 et
1197 1013 1463 1084 praecipuo
1508 1010 1749 1082 primatus
1786 1012 1902 1082 jure

86 1115 356 1176 spectatur.

230 1191 280 1243 2.
319 1189 498 1260 Neque
523 1209 646 1244 vero
683 1190 778 1242 hac
814 1188 865 1240 in
892 1205 947 1239 re
973 1187 1251 1258 quempiam
1290 1186 1408 1239 illud
1433 1185 1787 1258 praejudicium
1813 1185 1904 1236 im-

88 1277 246 1348 pediat
262 1317 276 1342 ,
303 1295 398 1346 quo
425 1295 494 1330 ex
519 1277 784 1329 multorum
810 1273 1104 1346 praesertim
1134 1273 1535 1326 adversariorum
1571 1290 1721 1325 sensu
1746 1271 1905 1324 credi-

87 1372 195 1427 tur,
236 1362 495 1416 Romanus
523 1362 764 1415 Pontifex
805 1378 1004 1413 errasse
1044 1359 1332 1427 aliquande,
1371 1369 1420 1412 et
1456 1377 1630 1411 errare
1667 1376 1816 1429 posse
1852 1358 1902 1409 in

89 1448 197 1500 fide.
272 1448 427 1512 Vide,
467 1466 680 1517 quaeso,
717 1466 832 1498 num
856 1445 1140 1497 traditionis
1183 1443 1492 1508 testimonia,
1538 1463 1663 1513 quae
1711 1443 1905 1496 allaturi

91 1552 257 1586 sumus
274 1574 288 1598 ,
315 1535 366 1586 in
393 1533 643 1604 exigenda
668 1532 868 1586 omnino
894 1531 1086 1583 unitate
1111 1530 1222 1583 fidei
1259 1530 1474 1582 omnium
1503 1527 1904 1583 Christianorum

90 1638 197 1671 cum
222 1619 315 1672 fide
340 1618 600 1672 Romanae
626 1619 757 1672 sedis
784 1628 835 1671 et
859 1616 1204 1670 Romanorum
1230 1616 1529 1670 Pontificum
1566 1617 1667 1670 sint
1694 1618 1829 1670 clara
1856 1627 1904 1669 et

89 1704 460 1758 convincentia:
500 1714 551 1757 et
576 1722 690 1756 num
718 1703 1178 1756 animadversiones
1213 1703 1267 1754 in
1293 1704 1513 1755 eamdem
1551 1721 1656 1754 rem
1682 1703 1796 1755 inde
1822 1704 1905 1755 de-

88 1790 336 1843 ducendae
370 1791 471 1843 sint
495 1807 701 1861 prorsus
728 1788 980 1858 legitimae
1015 1797 1066 1840 et
1091 1787 1412 1841 manifestae:
1441 1797 1492 1840 et
1517 1788 1755 1857 siquidem
1784 1789 1905 1841 haec

89 1876 188 1928 sint
214 1877 478 1947 ejusmodi,
517 1876 575 1929 de
613 1895 707 1946 quo
746 1893 843 1926 uno
870 1875 962 1928 hoc
989 1874 1150 1946 capite
1177 1875 1400 1946 agimus:
1439 1884 1673 1943 sequetur
1712 1874 1904 1943 quidem

90 1963 255 2014 statim
273 2002 286 2026 ,
326 1981 412 2015 eos
438 1962 490 2014 in
517 1962 608 2014 fide
634 1979 726 2014 nec
751 1979 952 2014 errasse
968 2001 981 2026 ,
1018 1980 1109 2014 nec
1135 1979 1283 2032 posse
1309 1979 1509 2024 errare,
1538 1960 1826 2029 quibuscum
1852 1961 1904 2013 in

91 2050 279 2101 unitate
315 2048 426 2100 fidei
464 2048 824 2100 adhaerendum
851 2065 963 2099 esse
990 2047 1191 2099 traditio
1238 2047 1360 2099 adeo
1390 2057 1626 2099 constans
1654 2058 1702 2100 et
1729 2057 1904 2118 aperta

91 2134 277 2205 prodit:
304 2152 395 2185 nec
423 2134 551 2201 quod
577 2132 799 2183 nonnulli
825 2150 911 2183 eos
939 2151 1140 2185 errasse
1168 2132 1446 2200 aliquando,
1475 2151 1530 2184 ac
1558 2151 1705 2203 posse
1732 2152 1906 2186 errare

92 2219 403 2282 censuerint,
444 2228 529 2269 aut
562 2226 825 2270 censeant:
873 2217 1090 2270 movebit
1127 2217 1268 2281 illos,
1317 2217 1398 2286 qui
1435 2227 1602 2269 certae
1646 2219 1905 2271 traditioni

91 2323 262 2358 omnes
288 2301 545 2375 opiniones
573 2302 929 2373 subjiciendaS,
967 2304 1149 2354 nullam
1176 2304 1549 2374 praeferendam
1577 2316 1903 2374 cognoscunt.

90 2391 142 2443 Id
167 2409 357 2460 quoque
393 2390 558 2460 plures
595 2388 911 2442 adversarios
946 2389 1182 2460 pupugit,
1220 2389 1301 2458 qui
1330 2399 1597 2460 propterea
1634 2409 1697 2443 ne
1735 2401 1906 2444 tantae

92 2496 147 2530 ac
173 2487 272 2528 tam
300 2475 592 2528 manifestae
617 2474 872 2526 traditioni
900 2475 1225 2538 contrairent,
1253 2475 1385 2526 inter
1412 2475 1691 2528 Romanam
1719 2479 1903 2538 sedem,

90 2564 170 2615 vel
197 2563 485 2626 ecclesiam,
525 2560 584 2611 ad
610 2579 754 2629 quam
779 2560 1064 2612 traditionis
1100 2561 1388 2613 testimonia
1420 2571 1471 2614 et
1496 2563 1704 2615 unitatis
1732 2583 1905 2617 neces-

93 2648 289 2700 sitatem
327 2647 633 2699 referendam
671 2647 963 2716 opinantur,
1002 2665 1057 2699 ac
1092 2647 1226 2700 inter
1252 2646 1512 2700 Romanos
1539 2647 1812 2702 Pontifices
1840 2651 1904 2702 di-

94 2733 436 2802 stinguendum
458 2741 711 2802 putarunt.
752 2731 824 2783 At
842 2732 971 2784 sicut
996 2733 1118 2785 haec
1139 2733 1392 2786 distinctio
1422 2735 1480 2786 ad
1506 2737 1737 2787 tuendam
1766 2754 1903 2787 suam

93 2818 371 2888 opinionem
395 2817 618 2880 inducta,
645 2817 825 2886 partim
852 2835 919 2868 ex
948 2817 1121 2880 dictis,
1160 2818 1341 2886 partim
1369 2836 1438 2869 ex
1464 2820 1683 2871 dicendis
1711 2839 1905 2890 expun-

93 2905 255 2974 genda
280 2913 386 2967 est:
422 2902 494 2953 ita
518 2903 737 2971 objectos
764 2920 964 2955 errores
991 2902 1310 2971 quorumdam
1337 2900 1632 2956 Pontificum
1650 2945 1663 2969 ,
1702 2923 1771 2957 ex
1799 2907 1905 2976 qui-

92 2992 182 3042 hus
208 2990 377 3042 eadem
403 2987 567 3058 opinio
595 2987 860 3058 probabilis
886 2988 1046 3042 videri
1071 2988 1230 3060 potuit
1248 3027 1261 3051 ,
1301 2989 1381 3041 vel
1415 2989 1554 3042 falsis
1579 2994 1905 3062 praesumtio-

93 3077 236 3128 nibus
273 3075 426 3127 nixos
464 3092 576 3127 esse
612 3075 693 3128 vel
718 3093 819 3127 non
845 3075 1098 3146 pertinere
1137 3075 1195 3126 ad
1235 3093 1343 3127 eam
1371 3075 1537 3140 fidem,
1575 3097 1720 3147 quam
1758 3079 1902 3132 iidem

94 3160 362 3213 Pontifices
398 3178 466 3214 ex
501 3161 739 3231 primatus
779 3162 939 3214 officio
977 3160 1358 3233 proposuerint,
1400 3179 1458 3213 ac
1495 3163 1823 3231 declararint,
1850 3176 1905 3218 ut

93 3248 274 3299 fratres
301 3246 650 3299 confirmarent
689 3247 739 3298 in
779 3248 899 3312 fide,
939 3248 1277 3315 unitatemque
1316 3246 1426 3299 fidei
1462 3246 1514 3299 in
1540 3247 1771 3303 Ecclesia
1797 3261 1903 3306 tue-

94 3343 266 3385 rentur
301 3331 450 3403 (haec
475 3331 559 3383 illa
584 3342 688 3396 est,
727 3352 852 3402 quae
890 3353 996 3387 cum
1039 3333 1203 3403 exigit
1240 3333 1507 3397 unitatem,
1547 3344 1650 3387 tum
1671 3355 1808 3390 ·vero
1836 3357 1902 3391 ex

96 3415 284 3471 Christi
321 3417 578 3490 promissis
615 3419 675 3469 ab
714 3438 888 3473 errore
915 3421 1060 3473 debet
1087 3437 1200 3472 esse
1226 3417 1519 3490 immunis),
1558 3422 1682 3474 satis
1717 3423 1898 3493 patebit

98 3519 163 3552 ex
189 3502 248 3556 iis
265 3542 278 3565 ,
306 3522 431 3572 quae
457 3504 506 3556 in
534 3503 703 3556 ultimo
733 3506 871 3576 hujus
899 3506 1064 3577 operis
1093 3504 1251 3575 capite
1279 3505 1500 3576 pluribus
1526 3507 1845 3561 disserenum.
