2314 3984
945 203 1607 280 *γαθὸς-,-

349 371 640 436 lactantum
705 369 1543 442 Nonnullisollic'i'tiomffltss·
1579 378 1951 430 Beatitmlinis
1989 384 2201 431 cestrae

347 459 712 510 admonitione
731 462 1021 524 perc-epta,
1059 459 1233 510 modis
1267 460 1602 536 omniomi-*tw
1627 458 1981 534 yratnlantnr
2007 468 2198 518 inst-rn-

347 551 498 603 ctos,
529 545 817 612 datamque
845 544 948 596 sibi
981 547 1320 598 occasionem
1354 546 1624 616 yand‘enoe
1655 569 1770 620 qua
1799 552 1964 606 libere
1993 560 2045 604 et
2061 555 2199 622 [ἰών

345 631 585 691 cialiter,
612 634 945 701 suffraqante
973 635 1134 684 etiam
1159 629 1511 702 Apostolicae
1549 635 1691 688 sedis
1708 643 2068 701 auctoritate,
2096 641 2200 692 elo-

345 724 606 786 quantur,
646 725 700 770 et
730 719 942 781 asserat
973 723 1339 790 unmquis‘que
1377 723 1528 790 quod
1548 726 1750 776 credit.
1826 725 1986 780 Vides
2022 725 2198 780 Gallos

345 805 596 875 gaudere,
634 822 694 857 co
722 805 852 875 quod
878 823 1020 858 suam
1045 805 1189 860 fidem
1217 807 1466 874 eamdem,
1507 827 1596 862 seu
1637 813 1937 866 concordem
1967 833 2078 866 cum
2105 814 2202 867 fide

347 891 569 944 Romani
595 890 860 946 Pontificis
887 894 1319 965 recognoverint?
1371 894 1564 949 Idcirco
1603 910 1769 951 autem
1795 900 2043 971 gaudent,
2083 901 2199 971 quia

347 998 413 1033 ex
443 979 535 1034 hac
563 981 833 1034 concordia
859 1000 949 1035 seu
975 981 1171 1036 unitate
1198 1000 1322 1036 suae
1349 983 1462 1036 fidei
1489 1002 1597 1036 cum
1626 982 1862 1039 Romana
1888 1006 1999 1040 eam
2023 1006 2199 1043 veram

347 1086 461 1121 esse
489 1078 630 1122 certo
666 1069 1005 1141 perspiciunt3
1047 1089 1106 1123 ac
1141 1069 1351 1141 proinde
1391 1070 1576 1123 addunt
1614 1090 1763 1143 posse
1801 1091 2208 1145 unumquemque

347 1158 514 1210 libere
543 1164 595 1209 et
615 1159 948 1227 fiducialiter
977 1161 1160 1228 eloqui
1185 1165 1236 1210 et
1262 1178 1508 1211 asserere
1537 1162 1686 1228 qnod
1708 1164 1912 1223 credit3
1953 1181 2012 1215 ae
2040 1163 2084 1214 si
2112 1181 2201 1215 an—

343 1255 548 1314 tequam
584 1262 647 1297 ea
683 1246 952 1299 eoncordia
989 1253 1279 1309 constaret,
1319 1246 1379 1298 de
1415 1244 1637 1298 veritate
1675 1248 1811 1318 ejus,
1854 1249 1983 1318 quod
2023 1249 2198 1314 credit,

345 1331 543 1383 dubium
564 1335 738 1401 posset
756 1332 996 1384 incidere.
1039 1329 1215 1398 Quare
1234 1331 1533 1401 subjiciunt:
1563 1333 1866 1387 Doctrinae
1880 1344 2012 1403 post
2022 1337 2200 1389 Deum

343 1426 554 1471 vestrae
593 1419 750 1470 debe-t
782 1420 992 1488 Ῐῖιῖεῖίε,
1040 1425 1099 1470 nt
1134 1424 1444 1469 constanter
1485 1424 1694 1479 teneat,
1743 1423 1892 1488 quod
1927 1424 2196 1475 credebat.

351 1507 693 1568 Constanter,
720 1505 967 1575 inquiunt,
997 1506 1114 1576 quia
1139 1505 1202 1556 ob
1231 1503 1615 1557 consonantiam
1644 1524 1754 1558 cum
1780 1506 2094 1579 Apostolicis
2121 1510 2200 1561 lit-

345 1594 466 1647 teris
494 1595 625 1664 quod
651 1593 861 1664 quisque
900 1594 1166 1658 credebat,
1207 1601 1379 1645 certae
1419 1592 1694 1647 catholicae
1735 1593 1844 1647 fidei
1873 1613 1986 1647 esse
2025 1594 2200 1666 digno-

343 1682 517 1736 scitur.

492 1771 579 1825 78.
620 1769 673 1822 Id
699 1779 753 1821 ut
781 1771 917 1823 clare
940 1770 1272 1840 intelligatur,
1302 1771 1574 1822 notandum
1603 1770 1798 1840 quidem
1827 1780 1906 1824 est
1935 1771 2199 1824 universa-

342 1858 403 1909 lis
429 1854 692 1910 Ecclesiae
725 1858 1050 1911 traditionem
1089 1876 1159 1910 ex
1196 1856 1415 1909 omnium
1455 1857 1813 1910 catholicarum
1851 1857 2197 1911 Ecclesiarum

342 1946 394 1998 in
434 1964 584 1998 unam
625 1946 948 2015 eamdemque
993 1945 1272 1998 doctrinam
1317 1945 1714 2016 conspirantium
1762 1946 2036 2000 traditione
2081 1966 2199 1999 coa-

342 2034 552 2086 lescere.
607 2031 744 2085 Num
771 2051 894 2086 vero
925 2033 986 2085 ad
1013 2033 1435 2104 dignoscendum,
1471 2042 1639 2084 utrum
1679 2031 1844 2102 aliqua
1880 2033 2085 2085 traditio
2114 2052 2198 2086 ca-

341 2120 527 2173 tholica
554 2120 638 2185 sit,
669 2139 778 2173 cum
805 2118 1025 2172 omnium
1053 2118 1398 2174 Ecclesiarum
1425 2119 1701 2172 traditione
1730 2121 2034 2173 conferenda
2061 2120 2195 2173 erit?

342 2206 556 2261 Minime
594 2206 837 2278 gentium.
915 2205 967 2259 Id
1009 2207 1143 2261 enim
1183 2209 1388 2279 longum
1435 2207 1586 2259 nimis
1627 2226 1685 2260 ac
1723 2209 1830 2260 fere
1867 2207 2195 2279 impossibile.

342 2293 587 2349 Sufficere
616 2305 783 2348 autem
811 2296 1077 2350 consulere
1103 2295 1429 2348 traditionem
1457 2294 1744 2348 Romanam
1772 2313 1842 2348 ex
1869 2313 1928 2347 eo
1967 2295 2199 2367 probavit

342 2382 398 2436 S.
427 2382 686 2449 Irenaeus,
715 2383 849 2454 quia,
879 2403 988 2437 cum
1016 2385 1078 2438 ob
1107 2382 1373 2455 primatum
1403 2385 1510 2455 ejus
1537 2382 1875 2455 potentiorem
1903 2401 2080 2435 omnes
2106 2401 2197 2435 un-

341 2472 487 2540 dique
526 2472 696 2524 fideles
733 2482 782 2524 et
819 2490 994 2523 omnes
1027 2469 1291 2523 Ecclesiae
1330 2471 1545 2522 debeant
1584 2489 1693 2522 eum
1734 2489 1794 2521 ea
1834 2470 2108 2522 convenire
2145 2469 2196 2520 in

339 2559 462 2623 fide,
502 2569 557 2610 ut
581 2566 722 2629 patet
762 2575 833 2609 ex
871 2557 1015 2609 dictis
1042 2556 1089 2624 ἓ.
1122 2555 1171 2607 l.
1214 2573 1524 2626 cognoscere
1551 2554 1838 2607 Romanam
1873 2556 2196 2609 traditionem

341 2664 400 2698 ac
427 2645 571 2698 fidem
598 2645 727 2697 idem
755 2643 854 2696 erit
882 2654 1030 2714 atque
1052 2661 1363 2714 cognoscere
1385 2643 1705 2695 traditionem
1736 2662 1793 2695 ac
1811 2643 1956 2695 fidem
1985 2644 2196 2696 aliarum

342 2733 562 2786 omnium
601 2731 756 2785 totius
793 2731 1024 2784 catholici
1062 2730 1199 2783 orbis
1225 2728 1602 2796 Ecclesiaruni,
1645 2750 1702 2784 ac
1729 2729 1939 2803 proinde
1965 2731 2194 2783 traditio-

342 2838 456 2873 nem
482 2820 725 2889 fidemque
753 2817 1068 2871 catholicam.
1115 2817 1248 2872 Hinc
1273 2818 1429 2890 igitur
1458 2819 1657 2890 signum
1684 2829 1734 2872 et
1761 2828 1883 2871 nota
1909 2837 2063 2872 verae
2089 2828 2196 2871 tra-

341 2907 545 2959 ditionis
575 2906 851 2960 catholicae
880 2902 1102 2977 (Confer
1129 2924 1284 2978 supra
1310 2924 1361 2957 n.
1390 2906 1512 2978 36.)
1542 2917 1620 2960 est
1648 2905 1983 2961 consonantia
2009 2916 2060 2958 et
2085 2906 2196 2957 uni-

343 3005 420 3047 tas
458 3013 567 3047 cum
605 2993 859 3047 Romana.
940 2990 1114 3060 Quare
1150 2992 1207 3044 S.
1249 2992 1594 3063 Hieronymus
1640 2993 1723 3044 lib.
1757 2992 1805 3044 1.
1855 2992 1905 3044 in
1941 2990 2197 3056 Rufinum,

341 3084 533 3136 Fidem
559 3102 708 3135 snam
738 3101 897 3152 quam
922 3084 1113 3133 vocat?
1133 3072 1312 3148 inquit.
1343 3081 1576 3140 Eamne,
1614 3099 1722 3149 qua
1751 3079 2002 3131 Romana
2026 3079 2199 3147 pollet

347 3172 631 3224 Ecclesia?
677 3167 746 3222 Et
785 3187 907 3222 mox
946 3187 1016 3222 ex
1053 3166 1321 3221 concordia
1361 3185 1470 3219 cum
1498 3165 1733 3219 Romana
1758 3166 1954 3219 intulit:
1998 3166 2060 3218 Si
2089 3167 2195 3218 Ro-

347 3278 559 3311 manam
585 3259 961 3327 respondebit,
990 3275 1119 3327 erqo
1145 3256 1406 3309 catholici
1429 3273 1624 3308 sumus.
1680 3254 1791 3308 Hoc
1831 3252 2067 3306 nimirum
2095 3253 2195 3306 dis-

347 3344 536 3397 crimen
574 3345 840 3399 intercedit
878 3344 1014 3397 inter
1048 3341 1608 3397 traditionem-aliarum
1635 3339 1982 3396 Ecclesiarum
2009 3349 2059 3393 et
2086 3338 2195 3392 Ro-

339 3451 387 3485 m
399 3450 574 3496 anam,
603 3434 734 3501 quod
759 3433 956 3486 illarum
984 3430 1208 3496 traditio,
1233 3439 1288 3482 ut
1315 3429 1562 3483 catholica
1589 3429 1680 3494 sit,
1710 3448 1821 3483 cum
1847 3428 2084 3482 Romana
2110 3427 2195 3479 de-

340 3521 425 3573 het
466 3520 774 3585 convenirc3
821 3530 871 3581 et
907 3519 950 3572 si
995 3538 1094 3590 qua
1128 3536 1230 3572 non
1266 3517 1566 3581 conveniat,
1616 3517 1763 3571 debet
1809 3516 1870 3570 ad
1909 3514 2193 3568 Romanam
