2314 3984
717 251 1364 311 ---1*79—-—-

135 424 389 489 smiipde
412 433 518 493 quo
533 420 663 475 nulli
665 429 825 474 antei
825 437 960 474 mres
986 435 1206 474 canones
1229 420 1573 484 decreverant,
1597 418 1686 472 sed
1700 419 1777 472 ad
1794 419 1946 492 depo-

133 510 375 565 §nouom
384 509 490 579 ejus
514 515 737 572 tantum,
779 522 888 559 cum
913 506 1191 561 canonibus
1212 511 1430 581 coutum-
1426 501 1618 568 ·,fuerit
1655 512 1729 556 ut·
1739 513 1945 559 servato

125 594 418 668 judiciorum
441 592 615 646 ordine
639 592 925 663 pertinaces
957 592 1030 646 in
1038 574 1258 645 haeresi·
1269 590 1596 661 deponantur.
1647 587 1744 644 Vis
1779 599 1945 644 autem

133 677 628 752 cogendiCaelestini
652 677 836 732 litteris
858 676 1100 732 attributa
1123 693 1224 729 non
1244 675 1423 728 modo
1406 675 1562 746 ipsius
1585 672 1945 746 depositionem

136 766 431 838 respiciebat
445 804 460 830 ,
487 765 575 817 sed
598 763 843 818 haeresim
866 762 1034 827 etiam,
1059 778 1204 831 quam
1229 759 1355 814 idem
1381 758 1626 813 Pontifex
1648 759 1720 812 ita
1744 759 1948 815 damna-

132 861 299 916 verat,
325 861 379 902 ut
403 850 500 903 nisi
523 851 607 904 ille
632 849 955 903 infradeccm
977 846 1082 899 dics
1106 845 1472 917 rescipisceret,
1498 846 1847 917 deponeretur.
1883 844 1946 899 -si

134 936 265 990 enim
288 933 560 990 Caelestini
585 932 1051 1004 litterae-synodum
1076 932 1322 1002 cogebant
1367 933 1429 984 ad
1454 931 1812 1003 depositionem
1835 930 1947 986 Ne-

135 1022 276 1075 storii
292 1061 306 1086 ,
332 1023 579 1093 cogebant
598 1019 748 1074 etiam
773 1017 836 1071 ad
859 1017 1187 1071 damnandum
1211 1020 1319 1089 ejus
1344 1034 1566 1071 errorem
1585 1017 1643 1071 <in
1668 1018 1779 1083 fide,
1806 1019 1944 1089 cujus

132 1124 280 1160 causa
304 1106 456 1177 ipsius
480 1104 718 1176 depositio
743 1103 1052 1175 praescripta
1076 1104 1255 1156 fuerat.
1318 1102 1454 1155 Num
1492 1105 1623 1156 forte
1660 1103 1772 1173 cogi
1806 1113 1945 1174 pote-

133 1200 244 1244 rant
268 1189 508 1262 Ephesini
532 1187 718 1242 Patres
744 1190 804 1242 ad
829 1189 1165 1261 deponendum
1191 1188 1516 1253 Nestorium,
1559 1188 1677 1257 quin
1717 1189 1776 1240 ad
1802 1207 1946 1242 erro-

132 1294 234 1329 rem
259 1274 580 1347 depositionis
607 1292 803 1328 causam
820 1275 1242 1346 proscribendum,
1270 1283 1320 1327 et
1345 1275 1406 1327 ad
1431 1274 1542 1327 fidei
1567 1275 1809 1327 unitatem
1836 1293 1944 1328 cum

134 1359 358 1413 Romano
383 1359 626 1413 Pontifice
652 1361 1020 1414 custodiendam
1045 1362 1380 1430 cogerentur?
1418 1359 1599 1412 Unitas
1626 1378 1748 1412 sane
1774 1360 1827 1415 in
1852 1361 1944 1413 fide

133 1445 288 1515 magis
314 1455 391 1498 est
414 1445 723 1510 necessaria,
761 1463 907 1515 quam
932 1446 983 1497 in
1009 1445 1332 1516 depositionis
1359 1445 1609 1500 sententia
1625 1484 1640 1511 ,
1678 1463 1804 1516 quae
1837 1463 1945 1499 cum

132 1530 191 1582 ad
215 1529 518 1600 disciplinam
544 1531 808 1601 pertineat,
836 1531 1076 1601 aliquibus
1103 1549 1455 1601 nonnunquam
1481 1533 1540 1585 de
1567 1531 1731 1584 causis
1757 1532 1945 1584 differri

134 1625 357 1687 poterat,
384 1615 455 1667 uti
479 1618 701 1686 profecto
726 1626 838 1688 post
874 1617 1209 1688 praescriptos
1248 1618 1414 1670 decem
1450 1616 1693 1671 Neston-io
1729 1618 1833 1670 dies
1861 1618 1947 1670 ali-

134 1699 346 1768 quandiu
370 1699 520 1752 dilata
550 1701 657 1754 fuit.

273 1784 361 1838 60.
411 1785 593 1854 Atqui,
619 1786 842 1856 inquient
881 1782 1187 1852 adversarii,
1213 1787 1334 1842 haec
1358 1787 1588 1841 Nestorii
1614 1806 1767 1842 causa
1793 1790 1947 1842 solius

131 1870 404 1925 Caelestini
429 1870 612 1923 litteris
637 1872 776 1924 finita
802 1890 902 1924 non
927 1873 1035 1938 fuit,
1064 1873 1150 1926 sed
1175 1875 1427 1944 generalis
1455 1874 1634 1945 synodi
1658 1872 1944 1946 Ephesinae

132 1957 358 2010 decreto:
386 1975 661 2026 novumque
687 1959 745 2011 de
770 1977 830 2011 ea
856 1977 1007 2011 causa
1033 1977 1249 2012 examen
1275 1960 1327 2012 in
1353 1961 1524 2014 eodem
1561 1961 1767 2013 concilio
1804 1962 1949 2013 insti-

133 2052 290 2094 tutum
315 2042 623 2095 assentiente
658 2043 764 2114 ipso
804 2042 1038 2095 Romano
1075 2043 1348 2110 Pontifice,
1393 2046 1596 2104 liberam
1624 2047 1946 2112 assentiendi,

131 2128 211 2179 vel
235 2127 554 2180 dissentiendi
574 2129 858 2181 facultatem
874 2129 1027 2181 fuisse
1045 2148 1165 2199 prae
1186 2148 1241 2182 se
1263 2131 1389 2181 tulit.
1418 2129 1557 2183 Haec
1582 2133 1627 2183 si
1651 2132 1723 2184 ita
1749 2143 1948 2198 essent3

135 2213 262 2283 male
297 2212 450 2282 igitur
486 2210 724 2282 Ephesini
761 2212 947 2266 Patres
986 2232 1042 2267 se
1079 2223 1293 2267 coactos
1331 2215 1582 2268 dixissent
1610 2218 1669 2269 ad
1694 2220 1948 2271 ferendam

137 2298 434 2350 sententiam
451 2337 466 2362 ,
493 2315 522 2349 a
548 2316 643 2367 qua
668 2298 875 2351 liberum
903 2299 1081 2351 fuisset
1117 2301 1369 2353 recedere.
1422 2297 1551 2367 Quid
1586 2302 1634 2354 id
1661 2305 1850 2356 auserit
1877 2307 1950 2356 af-

135 2383 366 2435 firmare?
418 2380 562 2449 Quod
587 2383 630 2435 si
654 2394 767 2454 post
792 2382 1069 2439 Caelestini
1108 2385 1302 2439 litteras
1339 2405 1369 2438 a
1403 2385 1595 2458 Cyrillo
1622 2390 1948 2458 exequutioni

134 2469 390 2519 mandatas
429 2470 487 2520 ad
524 2471 808 2538 generalem
846 2472 1088 2542 synodum
1129 2490 1279 2524 causa
1317 2473 1479 2525 delata
1515 2483 1620 2538 est,
1660 2474 1804 2545 idque
1842 2476 1949 2547 ipso

135 2552 442 2606 assentiente
469 2552 742 2620 Pontifice,
770 2555 853 2625 qui
878 2574 995 2609 suos
1022 2558 1215 2626 legatos
1241 2558 1300 2610 ad
1327 2576 1435 2610 eam
1463 2560 1707 2629 synodum
1733 2561 1948 2614 direxit:

136 2638 254 2688 nihil
277 2647 440 2690 tamen
467 2638 675 2692 liberum
703 2642 863 2710 quoad
875 2641 1167 2712 Apostolica
1193 2645 1394 2697 decreta
1419 2644 1544 2697 idem
1566 2645 1812 2699 Pontifex
1839 2665 1951 2700 esse

136 2723 320 2788 voluit3
349 2724 473 2775 unde
500 2723 587 2776 hos
614 2741 669 2777 se
695 2723 885 2795 (Epist.
915 2727 974 2778 ad
1011 2726 1136 2797 Syn.
1163 2726 1380 2798 EpheS.)
1427 2733 1722 2792 direxisse,
1756 2733 1826 2784 ait
1843 2772 1856 2796 ,
1895 2742 1954 2786 ut

134 2812 225 2867 iis,
261 2827 396 2876 quae
431 2816 690 2875 afflantur,
726 2814 994 2870 intersint,
1032 2820 1084 2862 et
1118 2832 1254 2880 quae
1289 2833 1322 2864 a
1360 2816 1509 2865 nobis
1548 2823 1707 2867 antea
1751 2825 1949 2871 statuta

133 2900 266 2953 sunt,
293 2901 631 2962 eoeequcmtm·
647 2914 664 2954 ,·
682 2896 931 2964 jussitque
961 2914 1064 2960 eoS,
1093 2895 1136 2948 si
1163 2915 1246 2949 res
1273 2897 1333 2948 ab
1362 2897 1603 2967 aliquibus
1629 2899 1680 2951 in
1707 2900 1953 2973 disceptaa

133 2978 316 3032 tionem
354 2988 647 3042 vocaretur,
687 2983 753 3032 cle
792 3001 973 3034 eorum
1010 2986 1280 3035 sententiis
1302 2986 1590 3054 jitdicare‚
1632 3006 1739 3038 non
1773 2991 1951 3041 subire

134 3071 393 3116 certamen
420 3060 752 3133 (Commonit.
780 3066 879 3118 dat.
909 3067 1169 3138 legatis.):
1208 3067 1432 3122 Concilio
1458 3070 1650 3139 quidem
1689 3091 1949 3127 assensum

136 3148 388 3216 praebuit,
424 3166 480 3201 ac
503 3149 555 3202 in
581 3169 639 3204 eo
666 3170 846 3205 novum
874 3171 1052 3206 causae
1079 3172 1294 3206 examen
1319 3155 1410 3206 fuit
1434 3155 1711 3209 institution
1741 3170 1860 3213 ante
1883 3162 1952 3213 le-

136 3242 367 3299 gatorum
393 3234 655 3291 adventum
681 3238 876 3291 actione
902 3239 1078 3311 prima.
1106 3239 1214 3292 Hoc
1235 3250 1395 3294 autem
1419 3241 1676 3294 concilium
1699 3245 1757 3295 ad
1778 3246 1952 3299 finien-

135 3317 245 3368 dam
272 3334 472 3370 causam
499 3319 722 3375 absolute
746 3334 798 3376 et
822 3342 912 3396 per
939 3342 994 3377 se
1020 3342 1118 3375 non
1139 3324 1292 3378 fuisse
1314 3327 1669 3392 necessarium,
1698 3330 1843 3383 sicuti
1863 3351 1951 3384 ne-

137 3418 230 3469 que
255 3404 595 3456 necessarium
620 3407 712 3458 fuit
733 3408 785 3459 in
827 3428 977 3462 causa
1005 3409 1390 3479 pelagianorum
1406 3451 1419 3475 ,
1454 3412 1548 3485 ipsi
1575 3414 1850 3468 adversarii
1878 3419 1952 3469 fa-

138 3486 234 3537 teri
261 3497 522 3556 coguntur.
577 3490 822 3544 Audiatur
858 3495 1134 3548 Bossuetus
1173 3494 1408 3564 (Deseris,
1452 3498 1573 3552 decl.
1613 3497 1750 3553 Cleri
1775 3500 1949 3555 Gallie.

1505 3598 1610 3649 12*
