2314 3984
916 177 1314 246 *254
1407 211 1579 222 ——--

313 342 363 397 A
397 343 784 405 RELIQ-Uls
800 390 804 393 .
821 342 1238 399 EGCLE-‚slls
1248 346 1804 409 „WREPARE
1811 354 1859 406 T
1893 356 1921 428 (
1935 353 2171 411 Romana

313 431 579 504 traditio),
632 430 726 483 ΙΝ
774 427 938 492 QUA
993 431 1296 487 OMNES>
1330 435 1750 506 UNWATEM
1795 443 1950 497 ,SER
1966 442 2174 498 VARE

310 516 653 572 DEBEAN
655 516 716 571 T.
768 515 831 572 Si
855 536 887 572 a
911 518 1270 575 catholicarum
1296 518 1953 586 Ecclesiatum22traditione
1977 531 2169 587 discre-

309 623 432 678 pare
457 622 562 659 non
586 613 757 678 potest
782 604 1025 663 Romana,-
1045 607 1284 676 traditio,
1323 609 1378 663 in
1404 629 1504 682 qua
1540 631 1717 671 omnes
1748 617 1934 674 debent
1957 636 2168 675 servare

308 691 588 760 unitatem3
637 691 865 748 Romani
903 703 1072 749 autem
1109 693 1418 762 Pontificem,
1468 700 1671 770 quoties
1690 703 1890 775 aliquid
1925 706 2169 760 definiunt

308 780 447 835 circa
472 780 619 835 fidem
634 819 650 847 ,
686 779 739 834 id
773 783 1041 854 proferunt
1076 802 1150 838 ex
1174 783 1235 839 S.
1263 783 1414 840 Petri
1449 786 1503 840 in
1540 787 1666 862 ipsis
1688 789 1945 862 loquentis
1982 774 2079 848 fide
2105 812 2166 848 ac

307 867 579 923 traditione
618 867 888 938 Romana3
926 870 981 925 in
1024 872 1228 927 dubium
1267 876 1504 930 revocari
1539 877 1767 950 profecto
1803 878 2009 950 nequit,
2047 880 2168 951 quin

306 955 404 1022 illi,
433 956 634 1026 quoties
660 957 904 1012 definiunt
930 978 1002 1014 ex
1023 961 1194 1019 ,officio
1221 962 1423 1033 aliquod
1449 964 1563 1018 fidei
1589 964 1800 1037 dogma,
1838 985 2166 1022 communem

307 1045 680 1100 Ecclesia‘rum
699 1049 866 1118 fidem
891 1068 963 1102 ex
989 1054 1257 1103 communi
1283 1054 1576 1106 traditione
1593 1061 1875 1122 promant.

451 1132 539 1187 28.
556 1140 562 1149 ‘
582 1131 764 1205 Neque
791 1154 915 1191 vero
943 1155 1012 1191 ex
1041 1138 1219 1193 eodem
1237 1138 1491 1193 Bossueto
1513 1157 1734 1212 reponas
1749 1138 1806 1194 S.
1823 1139 1973 1195 Petri
1998 1142 2163 1209 fidem,

303 1229 355 1272 et
382 1220 707 1276 traditionem
733 1222 1048 1292 Romanam,
1074 1244 1186 1279 cum
1213 1245 1312 1296 qua
1338 1245 1516 1281 omnes
1540 1225 1807 1283 Ecclesiae
1844 1229 2030 1283 debent
2054 1248 2166 1285 ser-

302 1324 427 1360 vare
453 1308 728 1375 unitatem,
755 1327 861 1363 non
885 1311 937 1363 id
961 1330 1079 1366 esse
1105 1310 1253 1383 (Lib.
1286 1314 1337 1366 1.
1364 1312 1578 1368 Defens.
1605 1333 1651 1368 c.
1682 1315 1769 1369 16.
1797 1314 1852 1368 in
1875 1315 2163 1389 Append.),

301 1396 449 1464 quod
471 1415 608 1450 unus
629 1401 781 1466 forte
811 1399 1112 1468 Pontifex,
1150 1401 1250 1452 sed
1273 1403 1423 1470 quod
1455 1403 1580 1470 ipsa
1608 1401 1936 1472 Pontificum
1961 1423 2164 1458 succes-

299 1485 379 1536 sio
408 1490 462 1537 et
484 1488 680 1548 serieS,
721 1493 774 1539 et
797 1487 1082 1541 Ecclesiae
1111 1488 1395 1542 Romanae
1422 1489 1795 1542 Ecclesiaram
1829 1496 2019 1546 matris
2039 1512 2165 1563 per-

291 1578 462 1640 petua
490 1579 543 1626 et
565 1580 821 1627 constans
863 1582 915 1628 et
935 1580 1097 1646 firma
1117 1580 1397 1646 professio
1428 1596 1541 1647 pro
1569 1585 1718 1631 certo
1750 1581 1885 1650 fidei
1909 1582 2162 1652 dogmate

298 1663 559 1722 tennerit,
597 1663 877 1724 docuerit,
910 1667 1228 1733 praedicat.-
1266 1664 1316 1718 id
1343 1664 1563 1719 enimin
1602 1665 1943 1720 conditionem
1982 1667 2162 1721 recidit

298 1748 446 1819 paulo
474 1747 767 1803 dissimilem
793 1751 1142 1821 praecedenti,
1169 1752 1407 1805 nimirum
1434 1752 1803 1807 adhaerendum
1830 1754 1971 1820 fidei,
2011 1773 2162 1827 quam

299 1833 564 1889 Romanus
590 1833 841 1890 Pontifex
867 1838 1146 1893 definiendo
1182 1839 1451 1912 proponit,
1491 1840 1536 1893 si
1563 1859 1634 1894 ex
1670 1841 1765 1896 fide
1801 1861 1859 1896 ac
1884 1841 2160 1895 traditione

296 1923 450 1978 totius
490 1923 643 1978 seriei
680 1942 884 1978 suorum
921 1928 1373 1999 praedecessorum
1411 1946 1523 1981 eum
1549 1929 1730 1982 docere
1766 1930 1910 1982 fidem
1939 1939 2157 1983 constet.

294 2011 436 2067 Haec
475 2022 643 2065 autem
683 2012 900 2066 conditio
941 2033 1051 2068 cum
1089 2035 1250 2086 aeque
1289 2035 1346 2070 ac
1372 2017 1682 2088 praecedens
1717 2016 1896 2071 iisdem
1919 2017 2159 2088 periculis

295 2111 444 2171 atque
470 2100 798 2154 incommodis
835 2101 903 2154 sit
929 2103 1184 2166 obnoxia,
1222 2104 1400 2157 iisdem
1438 2103 1854 2176 responsionibus
1893 2103 2159 2166 evertitur,

295 2199 346 2242 ut
373 2187 657 2243 conferenti
682 2188 891 2260 patebit.
938 2187 1076 2243 Num
1102 2190 1181 2245 vis
1209 2190 1441 2246 coactiva
1467 2201 1518 2245 et
1545 2191 1730 2245 efficax
1758 2191 1819 2244 ad
1845 2209 2157 2246 conservan-

292 2279 406 2331 dam
430 2276 484 2331 iu
511 2286 621 2330 tota
645 2274 881 2330 Ecclesia
906 2277 1021 2331 fidei
1046 2278 1293 2333 unitatem
1318 2279 1555 2352 primatui
1581 2277 1855 2336 Pontificio
1884 2275 2154 2332 a‘Christo

291 2366 499 2431 tributa,
527 2364 623 2418 toti
649 2364 803 2419 seriei
830 2383 1138 2419 smnmorum
1158 2365 1484 2434 Pontificum,
1511 2387 1614 2421 non
1639 2387 1764 2423 vero
1794 2367 1996 2422 cuilibet
2013 2365 2155 2419 Pon-

289 2454 411 2508 tificl
437 2471 685 2507 concessa
710 2453 838 2506 fuit?
890 2452 1082 2508 Nonne
1107 2455 1239 2508 sicut
1264 2455 1512 2526 primatus
1549 2456 1755 2509 cuilibet
1782 2454 2047 2525 competit,
2083 2454 2156 2506 ita

291 2551 343 2596 et
370 2541 575 2594 cuilibet
602 2540 882 2593 asserenda
908 2550 987 2592 est
1013 2559 1074 2594 ea
1097 2541 1177 2595 vis
1204 2541 1452 2613 primatus
1473 2541 1718 2613 propria?
1751 2538 1943 2595 Nonne
1968 2542 2152 2594 bonum

289 2626 515 2698 unitatis}
539 2645 699 2698 aeque
749 2627 840 2680 sub
886 2628 1108 2697 quolibet
1143 2626 1423 2694 Pontifice,
1471 2647 1530 2682 ac
1567 2629 1659 2681 sub
1698 2637 1810 2681 tota
1845 2627 2152 2683 Pontificum

287 2717 610 2770 successione
637 2716 862 2769 eamdem
888 2714 992 2770 vim
1019 2716 1300 2771 coactivam
1327 2716 1566 2788 requirit,
1602 2734 1666 2770 ne
1694 2716 1739 2768 si
1764 2716 1913 2770 liceat
1938 2717 2030 2770 sub
2058 2717 2154 2771 hoc

289 2805 372 2859 vel
396 2804 481 2858 illo
510 2802 765 2856 Pontifice
803 2821 835 2855 a
861 2803 956 2856 fide
993 2822 1062 2857 ex
1091 2804 1339 2876 primatus
1379 2804 1542 2858 officio
1582 2813 1634 2858 et
1668 2805 1732 2858 ob
1759 2804 2006 2858 unitatem
2033 2823 2155 2858 con-

285 2892 587 2948 servandam
614 2891 878 2963 proposita
903 2891 1177 2945 dissentire
1198 2902 1509 2946 memoratae
1530 2892 1835 2946 conditionis
1856 2902 2151 2965 praetextu,

285 2982 399 3035 fidei
422 2981 594 3034 unitas
619 2978 962 3044 discindatur,
1002 2988 1053 3032 et
1079 2979 1374 3035 haeresibus
1414 2990 1564 3050 atque
1602 2979 1959 3034 schismatibus
1986 2979 2150 3032 aditus

284 3079 483 3142 pateat,
525 3069 587 3121 ob
615 3086 744 3137 quae
770 3065 1086 3139 impedienda
1110 3068 1243 3121 bono
1270 3067 1481 3120 unitatis
1506 3066 1754 3138 primatus
1779 3065 2070 3132 institutuS,
2098 3077 2151 3120 et

285 3158 486 3211 cuilibet
511 3155 752 3211 Pontifici
791 3155 1064 3209 attributus
1091 3153 1220 3207 fuit?
1270 3152 1431 3207 Haec!
1454 3172 1608 3226 porro
1636 3153 1854 3208 conditio
1871 3193 1885 3219 ,
1924 3173 2052 3225 quae
2080 3173 2151 3208 ex

284 3245 640 3299 nonnullorum
675 3262 908 3298 errorimi
934 3241 1267 3296 Pontificibus
1303 3241 1660 3295 attributorum
1698 3242 2006 3315 praejudicio
2045 3243 2150 3296 ori-

284 3333 456 3403 ginem
476 3333 627 3398 ducit,
655 3333 808 3386 multo
830 3329 1148 3386 manifestius
1169 3329 1450 3402 disjicietur
1465 3328 1615 3402 (Vid.
1634 3329 1935 3402 praesertim
1955 3349 2007 3382 n.
2024 3329 2143 3401 18.)

285 3419 449 3490 capite
477 3421 726 3489 sequenti,
754 3421 838 3474 ubi
862 3421 924 3475 de
949 3417 1305 3474 infallibilitate
1333 3417 1620 3470 eorumdem
1647 3415 1950 3471 Pontificum
1976 3416 2029 3469 in
2057 3417 2143 3470 de-
