2320 3990
980 255 1157 267 -—-
1251 225 1644 286 iao-*-

384 393 698 467 potissimum
725 393 838 447 fidei
863 410 974 446 cum
998 391 1146 448 Petri
1173 395 1268 450 fide
1292 395 1863 468 cuiquenecessariam,
1891 408 1947 451 ιιι
1975 397 2044 451 sit
2068 399 2120 452 in
2146 395 2248 453 Ec·
2308 463 2312 467 .

385 483 567 549 clesia,
595 479 1008 535 manifestissime
1034 484 1286 555 praefert:
1326 486 1539 556 cumque
1562 487 1687 542 haec
1713 486 1859 541 Petri
1885 487 2248 559 praerogativa

385 569 446 621 ad
481 568 753 640 primatum
790 568 1080 642 pertinenS,
1131 571 1183 625 in
1226 590 1552 627 successores
1589 575 1700 646 ejus
1736 593 1848 629 cum
1883 574 1992 647 ipso
2029 573 2248 647 primatu
2301 618 2310 631 .

385 655 679 724 transierit,
714 657 846 712 idem
882 658 1148 714 dicendum
1185 662 1246 717 de
1284 662 1378 717 fide
1418 676 1770 716 successorum
1809 661 1974 717 Petri.
2027 660 2246 735 Idipsum
2299 647 2314 672 ⁰*

385 744 582 814 quidem
611 744 742 798 aliud
767 746 990 819 ejusdem
1016 747 1280 804 Ambrosii
1305 748 1651 804 testimonium
1687 749 1929 804 insinuat.
1985 749 2246 804 Unitatem
2308 783 2320 812 ·:

383 833 578 887 scilicet
604 834 827 906 ejusdem
868 834 982 889 fidei
1009 853 1120 890 cum
1146 837 1240 890 fide
1268 835 1506 891 Romana
1534 838 1659 891 adeo
1686 839 2029 893 necessariam
2056 840 2246 905 habuit,

386 929 438 972 ιιι
466 929 623 974 extra
649 920 777 975 hanc
804 923 1056 978 neminem
1085 943 1297 998 sperare
1321 943 1471 999 posse
1499 927 1712 979 salutem
1741 925 2072 982 affirmaverit
2091 926 2175 978 lib.
2195 926 2244 979 l.
2295 952 2320 970 .-

385 1008 444 1061 de
470 1006 677 1062 Poenit.
708 1028 751 1064 c.
783 1011 834 1066 7.
890 1011 1014 1065 Non
1044 1014 1241 1068 habent
1267 1018 1432 1076 enim,
1458 1013 1620 1086 inquit
1637 1055 1650 1081 ,
1695 1001 1852 1068 Petri
1878 1016 2246 1078 hereditatem,

385 1100 478 1167 qui
506 1098 665 1151 Petri
699 1097 817 1171 (ΑΙ.
849 1100 1012 1154 minus
1039 1102 1198 1168 bene,
1228 1102 1435 1175 sedem)
1469 1106 1634 1174 fidem
1672 1123 1780 1156 non
1821 1104 2047 1166 habent,
2088 1123 2247 1172 qaam

386 1189 552 1256 impia
580 1189 844 1242 divisione
871 1191 1203 1261 discerpunt.
1260 1188 1495 1245 Celebris
1522 1210 1719 1263 quoque
1758 1200 1838 1245 est
1863 1190 1951 1243 illa
1977 1190 2246 1242 multorum

384 1292 475 1327 ore
501 1284 553 1328 et
580 1276 944 1347 approbatione
972 1278 1267 1332 circumlata
1293 1289 1344 1333 et
1358 1279 1634 1333 Ambrosio
1663 1289 1866 1334 asserta
1892 1277 2149 1331 sententia
2177 1295 2247 1331 ex

383 1360 467 1412 lib.
497 1360 550 1414 3.
591 1363 660 1415 de
693 1364 1059 1416 Sam-amentis
1099 1384 1142 1418 c.
1174 1366 1223 1420 7.
1300 1369 1362 1418 In
1401 1369 1642 1420 omnibus
1679 1371 1839 1435 cupio
1879 1370 2032 1435 sequi
2066 1367 2249 1418 Eccle-

383 1451 518 1501 siam
560 1449 884 1503 Romanam.
948 1448 1075 1504 Cum
1116 1452 1251 1505 enim
1293 1452 1386 1507 hoc
1422 1470 1548 1525 opus
1587 1451 1645 1507 S.
1689 1451 1994 1517 AmbrosiO,
2030 1452 2249 1506 vetustis

381 1554 578 1607 quoque
604 1537 858 1592 codicibus
887 1547 938 1592 et
965 1541 1255 1594 auctoribus
1284 1541 1708 1614 suffragantibus,
1737 1540 1889 1594 fuerit
1915 1542 2247 1615 adscriptum3

385 1626 507 1679 haec
534 1626 798 1699 praeclara
825 1628 1108 1694 sententia,
1151 1648 1278 1699 quac
1314 1630 1524 1683 unitatis
1553 1629 1770 1683 studium
1810 1648 1919 1682 cum
1949 1631 2122 1683 eadem
2149 1628 2250 1684 Ec—

383 1713 539 1766 clesia
566 1714 755 1768 eximie
782 1734 905 1786 prae
931 1733 986 1768 se
1020 1717 1147 1782 fert,
1190 1718 1412 1788 ejusdem
1441 1715 1498 1771 S.
1528 1716 1769 1771 Doctoris
1798 1716 2002 1770 nomine
2030 1717 2244 1790 allegata

384 1801 657 1855 invenitur.
711 1800 768 1856 S.
799 1801 991 1856 Petrus
1019 1802 1298 1859 Damianus
1335 1805 1387 1858 in
1416 1806 1631 1879 epistola
1660 1805 1720 1857 ad
1748 1803 2139 1858 Hildcbrandum
2169 1825 2250 1859 re-

384 1889 546 1942 citans
585 1908 697 1943 eum
736 1909 1052 1956 sermonem,
1094 1912 1239 1962 quem
1279 1893 1331 1946 in
1360 1891 1591 1947 Concilio
1631 1894 1692 1947 ad
1719 1892 2132 1947 Mediolanenses
2158 1893 2248 1948 ha-

385 1977 517 2044 buit,
547 1978 659 2031 culn
685 1978 824 2051 ipsos
852 1977 1119 2034 Romanae
1148 1980 1421 2047 ecclesiae,
1462 2001 1491 2035 a
1519 2000 1618 2052 qua
1644 1981 1983 2048 dissidebant,
2023 1983 2247 2037 studeret

384 2065 659 2138 subjicere,
707 2067 909 2122 eosdem
947 2068 1099 2121 etiam
1137 2079 1287 2139 atque
1323 2069 1474 2122 etiam
1523 2070 1584 2122 ad
1620 2068 1669 2122 id
1705 2068 1899 2142 impulit
1938 2069 2248 2123 sanctissimi

383 2154 647 2207 Ambrosii
684 2155 763 2207 sui
795 2153 1036 2227 Episcopi
1077 2157 1340 2228 exemp10,
1380 2156 1463 2227 qui
1502 2161 1557 2210 in
1593 2158 1834 2210 omnibus
1874 2162 2027 2228 sequi
2061 2178 2116 2212 se
2142 2178 2248 2212 ma-

380 2245 609 2310 ·qistram
646 2251 889 2297 sanctam
918 2245 1222 2298 Romanam
1245 2249 1538 2315 profitetur
1575 2247 1874 2298 ecclesiam.
1953 2245 2249 2319 Arnulphus

387 2329 656 2384 historicus
695 2329 1099 2386 Mediolanensis
1138 2333 1328 2386 saeculi
1355 2331 1452 2385 XVI.
1496 2334 1614 2388 licet
1658 2332 1711 2386 in
1752 2332 2039 2387 Romanam
2079 2335 2248 2389 sedem

386 2437 488 2471 non
514 2419 643 2473 bene
681 2420 922 2486 affectus,
964 2420 1092 2475 hanc
1127 2430 1299 2474 tamen
1337 2440 1448 2474 cum
1487 2441 1549 2476 ea
1587 2422 1974 2476 consensionem
2010 2442 2248 2477 necessa·
2299 2410 2303 2417 ¹

384 2506 513 2558 riam
541 2525 856 2577 agnoscenS,
895 2509 958 2560 ob
997 2509 1360 2562 necessitatem
1397 2509 1593 2579 quidem
1632 2509 1844 2561 unitatis
1885 2509 1995 2562 fidei
2023 2519 2249 2564 statuen-

388 2594 501 2646 dam
528 2594 622 2647 hoc
649 2594 996 2648 testimonium
1033 2614 1283 2669 expresse
1320 2595 1578 2669 producit,
1619 2605 1668 2648 ct
1696 2595 1923 2668 explicat
1962 2596 2041 2649 his
2077 2597 2248 2651 verbis

390 2680 506 2753 (lib.
535 2681 588 2735 3.
618 2680 754 2735 Hist.
785 2681 992 2737 Mediol.
1023 2703 1066 2738 c.
1102 2684 1237 2755 15.·).
1297 2686 1452 2738 Haec
1481 2688 1619 2737 enim
1646 2687 1901 2746 dicentes,
1927 2705 2035 2737 non
2064 2688 2248 2738 adver-

320 2791 322 2794 *
390 2790 570 2823 samm·
597 2772 772 2832 vobis,
813 2791 844 2824 o
873 2777 1114 2826 seniores
1146 2774 1411 2836 Romani,
1448 2793 1565 2826 eum
1595 2776 1849 2843 magister
1887 2781 2073 2826 noster
2104 2776 2253 2826 dieat

394 2857 728 2912 Ambrosias:
794 2860 966 2930 Capio
1006 2865 1061 2913 in
1105 2862 1347 2915 omnibus
1389 2862 1693 2914 Romanam
1733 2864 1887 2932 sequi
1926 2862 2246 2914 Ecclesiam.

402 2947 680 3001 Vobiscum
708 2951 845 3000 enim
871 2951 1165 3011 credimus,
1202 2950 1470 3002 vobiscum
1496 2957 1718 3002 cunctas
1754 2950 2007 3000 haereses
2035 2947 2249 2999 abdica-

386 3055 518 3089 mus.
572 3032 767 3102 Quodsi
804 3035 958 3089 libros
997 3039 1064 3089 de
1097 3037 1466 3088 Sam-amentis
1504 3054 1534 3088 a
1560 3034 1617 3088 S.
1646 3034 1924 3088 Ambrosio
1963 3033 2249 3104 abjudican-

389 3124 478 3177 dos
506 3123 805 3191 existimes3
843 3123 997 3178 fateri
1023 3133 1194 3177 tamen
1221 3140 1433 3176 necesse
1459 3131 1567 3188 est,
1608 3131 1957 3195 pervetustum
1995 3139 2109 3175 esse
2136 3121 2248 3174 illo-

388 3231 495 3265 rum
524 3222 800 3278 auctorem,
829 3212 912 3284 qui
939 3210 1203 3265 Ambrosii
1228 3209 1463 3282 vestigiis
1488 3210 1760 3275 insistenS,
1788 3210 1840 3263 in
1868 3229 1975 3263 rem
2005 3228 2248 3282 praesen-

390 3309 490 3352 tem
517 3300 708 3354 veteris
734 3301 1023 3354 traditionis
1051 3301 1178 3354 alius
1204 3297 1353 3352 testis
1382 3298 1604 3352 accedet.

536 3389 625 3442 27.
662 3387 803 3444 Inter
829 3388 1094 3443 Ambrosii
1121 3406 1278 3461 opera
1300 3385 1548 3440 insertum
1575 3386 1760 3459 legitur
1782 3384 2065 3441 Concilium
2085 3385 2246 3456 Aqui-

390 3474 605 3546 lejense,
633 3477 762 3545 quod
789 3476 1117 3531 Ambrosium
1142 3474 1461 3551 praecipuum
1499 3475 1868 3530 moderatorem
1895 3473 2082 3527 habuit.
2136 3471 2247 3526 Hoc

391 3571 558 3617 autem
585 3560 870 3618 Concilium
891 3585 1073 3634 prope
1100 3584 1172 3618 ecc
1198 3564 1437 3616 omnibus
1470 3567 1773 3633 provinciis
1808 3562 2247 3617 Occidentalibus
