2320 3990
673 245 1319 303 --145--

90 416 254 471 udss·
281 424 333 469 et
353 414 650 469 Bachiarius
688 414 851 484 quarti
889 415 1075 468 saeculi
1110 414 1325 486 scriptor
1351 411 1711 483 ἰιιΔροΙορία
1735 411 1910 466 seu-li-

90 503 216 557 bello
249 499 775 571 fidei-‚edito-primum
814 519 844 554 a
880 500 1322 555 Muratoriomtom.
1343 499 1412 552 Q.
1437 496 1839 559 Aneodota,.du‘n
1860 515 1910 550 ·a

91 587 345 644 Canonico
384 584 660 649 Francisco
699 584 877 640 Florio
908 585 1267 640 in-Bmhiarii-
1300 583 1555 657 opusculis
1593 584 1907 642 cathedram

67 676 249 728 ‘Petra'
283 673 674 744 interpretatur,
723 673 826 726 Ιιοι·
848 655 963 732 esi,
999 674 1175 725 sedem
1210 673 1357 740 fidei.
1398 669 1690 735 -ffl'andems
1715 669 1909 728 walia

86 769 401 832 praeteream
417 797 430 822 ‚
458 777 567 812 cum
592 755 651 811 S.
679 755 974 828 Fulgentius
997 756 1052 809 in
1077 756 1204 810 libro
1229 757 1295 810 de·
1315 755 1576 810 Trinitate
1599 756 1660 810 ad
1682 754 1907 811 Felicem

86 845 135 898 N
140 847 339 899 olanum
363 845 498 898 illam
524 843 668 896 fidem
692 852 955 908 memorat,
979 860 1118 912 quae
1138 861 1308 912 usque
1332 862 1475 897 nunc
1491 861 1598 911 per
1622 845 1904 896 successio-

88 952 210 985 nam
245 935 434 985 seriem
469 933 524 982 in
562 930 819 983 cathedra
845 929 1002 981 Petra·
1022 947 1039 966 ·‘
1058 926 1309 997 Apostoli
1338 929 1574 990 Romae,
1596 931 1695 982 :vel
1726 926 1911 983 Anao-

88 1020 270 1079 chiae,
295 1021 352 1070 in
375 1018 636 1071 cathedra
655 1015 842 1066 Marci
865 1015 1240 1084 Evanyelistae
1263 1018 1320 1067 in
1345 1013 1717 1075 Alexandria,
1741 1018 1807 1069 in·
1821 1035 1906 1069 ca-

85 1105 278 1155 thedra
303 1104 532 1155 Joanm's
558 1101 934 1168 Evanyelistae
959 1101 1180 1169 Ephesi,
1206 1103 1263 1152 in
1288 1100 1551 1152 cathedra
1562 1100 1757 1154 Jacohi
1777 1102 1904 1154 Hie-

84 1189 384 1257 rosolymae
406 1187 480 1238 ab⁴
500 1189 740 1255 ipsarum
764 1187 1052 1255 Episcopis
1085 1187 1484 1255 praedicarar3⁴
1506 1185 1772 1240 cathedrae
1814 1187 1904 1239 uti-

84 1291 176 1343 que
202 1290 382 1324 nomen
409 1271 471 1323 ad
493 1271 636 1324 fidem
662 1290 807 1341 quam
834 1269 1069 1344 Episcopi
1095 1272 1302 1336 docent,
1330 1269 1704 1324 evidentissime
1728 1273 1901 1324 refert.

84 1358 238 1428 Igitur
263 1358 392 1427 quod
417 1357 490 1409 ait
512 1356 854 1429 Hieronymus
874 1362 1043 1430 junqi
1078 1359 1366 1410 cathedrae
1395 1357 1552 1409 Petra·
1587 1356 1788 1427 proprie
1826 1369 1905 1410 cst

77 1444 223 1514 jungi
249 1442 504 1496 doctrinae
529 1443 669 1506 fidei,
697 1461 823 1511 quae
850 1461 881 1495 a
907 1442 1152 1495 Romanis
1178 1441 1508 1494 Pontificibus
1534 1439 1680 1494 Petri
1705 1461 1905 1511 succes-f

86 1529 280 1581 soribus
306 1528 547 1594 traditur3
588 1538 639 1581 et
664 1538 902 1598 quotquot
927 1527 1114 1582 Patres
1139 1528 1382 1582 unitatem
1407 1545 1516 1580 cum
1551 1527 1643 1581 hac
1669 1529 1904 1583 cathedra

0 1605 1 1674 J
84 1614 420 1668 necessariam
446 1614 783 1678 affirmarunt,
821 1615 1060 1668 unitatem
1100 1633 1208 1668 cum
1247 1614 1338 1667 fide
1374 1614 1433 1665 ah
1460 1613 1581 1684 ipsis
1616 1615 1799 1668 tradita
1819 1617 1905 1669 do-

84 1708 290 1753 cuerunt
314 1699 669 1751 necessariam.

221 1784 309 1838 37.
362 1781 464 1836 Sed
489 1793 545 1836 ut
570 1785 632 1836 ad
657 1783 755 1836 alia
789 1782 1088 1856 Hieronymi
1126 1785 1414 1838 testimonia
1449 1786 1774 1858 progrediar,
1801 1806 1902 1840 non

84 1889 137 1923 se
163 1871 337 1934 solmn‚
364 1870 452 1922 sed
463 1869 865 1923 Alexandrinam
891 1870 1040 1924 etiam
1066 1868 1348 1924 Ecclesiam
1376 1872 1435 1924 de
1461 1871 1551 1925 hac
1577 1871 1767 1925 unitate
1793 1873 1905 1927 fidei

82 1975 190 2010 cum
217 1956 451 2009 Romana
474 1956 710 2010 cathedra
732 1957 998 2027 gloriatam
1023 1957 1186 2028 prodit
1210 1956 1354 2028 epist.
1370 1957 1458 2010 63.
1489 1958 1550 2010 ad
1577 1956 1905 2028 Theophilum

83 2061 131 2095 n.
161 2043 212 2095 2.
267 2039 395 2094 Cum
421 2042 610 2095 scilicet
635 2041 947 2114 Hieronymo
969 2082 983 2108 ‚
1023 2043 1106 2112 qui
1142 2062 1172 2095 a
1204 2041 1416 2097 Joannis
1453 2043 1902 2115 Hierosolymitani

83 2126 424 2180 communione
450 2126 728 2180 desciverat
763 2127 815 2180 in
850 2127 1162 2198 Origeniana
1200 2147 1378 2193 causa,
1419 2130 1599 2199 objecti
1636 2131 1849 2184 fuissent
1875 2150 1906 2182 a

84 2212 363 2283 Theophilo
393 2212 524 2264 sacri
550 2229 796 2278 canoneS,
824 2214 906 2283 qui
930 2212 1179 2285 Episcopo
1207 2232 1381 2267 omnes
1409 2215 1683 2268 adhaerere
1708 2217 1903 2284 jubent,

83 2299 204 2351 nihil
242 2298 371 2350 aliud
408 2298 663 2368 respondit
699 2297 797 2350 nisi
833 2317 888 2352 se
926 2298 1215 2352 meminisse
1255 2301 1555 2352 Romanam
1575 2303 1736 2370 fidem
1763 2301 1904 2371 Apo-

79 2388 267 2438 stolico
295 2404 388 2437 ore
418 2386 719 2444 laudatam,
745 2390 893 2456 cajus
938 2405 993 2438 se
1031 2404 1143 2438 csse
1172 2390 1499 2455 participem
1525 2386 1905 2441 Alexandrina

77 2474 348 2540 yloriatar
365 2471 624 2522 Ecclesia.
653 2465 842 2535 Quibus
856 2470 1074 2523 indicare
1083 2472 1299 2537 volebat,
1312 2490 1366 2526 se
1381 2473 1607 2541 quamvis
1621 2483 1904 2544 separatum

78 2557 192 2609 fidei
218 2574 370 2609 causa
396 2556 456 2608 ab
482 2553 733 2626 Episcopo
758 2554 1243 2628 Hierosolymitano‚
1270 2558 1459 2611 unitmn
1485 2569 1654 2612 tamen
1669 2575 1780 2612 esse
1793 2559 1905 2612 fidei

83 2640 362 2704 Romanae,
392 2645 534 2711 cujus
560 2642 799 2694 unitatem
817 2642 1171 2695 Alexandrina
1193 2643 1430 2698 Ecclesia
1455 2644 1804 2716 depraedicat,
1831 2645 1904 2696 id-

81 2744 174 2794 que
201 2726 456 2789 sufficere,
483 2736 538 2777 ut
563 2745 618 2779 se
644 2726 753 2795 quis
779 2728 1072 2781 catholicum
1098 2739 1343 2798 praestet.
1372 2727 1685 2783 Catholicam
1711 2730 1906 2799 quidem

83 2810 224 2862 fidem
238 2827 268 2861 a
281 2809 374 2862 fide
387 2809 649 2863 Romanae
659 2811 903 2865 ccclesiae
913 2831 1014 2864 non
1027 2813 1251 2882 potuisse
1263 2814 1478 2882 disjungi
1491 2824 1593 2867 tam
1612 2832 1905 2884 persuasum

80 2894 390 2965 Hieronymo
415 2895 523 2960 fuit,
550 2905 606 2948 ut
631 2896 757 2949 libro
774 2896 821 2951 l.
851 2898 904 2950 in
918 2896 1154 2950 Rufinum
1179 2915 1230 2949 n.
1248 2896 1300 2949 4.
1315 2907 1504 2962 notam,
1520 2917 1618 2967 qua
1630 2898 1906 2970 distingua-

79 2990 161 3031 tur
186 2980 428 3034 catholica
455 2982 600 3047 fides,
637 2982 764 3035 hanc
799 3000 914 3036 esse
953 2981 1255 3046 constituat,
1292 3001 1563 3051 quaerere,
1587 2994 1771 3037 rutrum
1796 2984 1904 3038 Ro-

80 3083 228 3118 mana
253 3066 346 3130 sit,
372 3084 548 3121 necne.
599 3070 786 3120 Fidem
811 3089 961 3122 suam
987 3088 1144 3139 qaam
1169 3073 1355 3121 vocat?
1401 3071 1604 3122 Eamne
1620 3108 1634 3133 ,
1661 3090 1768 3139 qua
1797 3072 1903 3123 Ro-

78 3169 237 3202 mana
255 3154 432 3218 pollet
458 3157 710 3215 ecclesia,
744 3173 815 3207 an
850 3158 974 3216 illa,
1010 3175 1145 3224 qaae
1183 3158 1238 3206 in
1283 3155 1530 3224 Oriyenis
1555 3158 1904 3210 voluminibus

76 3239 407 3289 continetur?
462 3241 527 3291 Si
552 3241 851 3293 Romanam
875 3243 1239 3310 responderit,
1279 3260 1406 3310 erqo
1433 3242 1689 3294 catholici
1711 3261 1901 3298 sumas.

74 3319 204 3374 Hinc
230 3322 425 3374 effluxit
450 3325 745 3379 catholicam
772 3327 917 3381 fidem
946 3326 1182 3399 peculiari
1206 3336 1328 3378 nota
1366 3326 1462 3379 dici
1488 3327 1814 3390 Romanam,
1853 3339 1904 3382 et

80 3407 376 3460 Romanam
400 3407 521 3462 item
548 3411 786 3482 appellari
809 3412 1087 3468 Ecclesiam
1113 3411 1422 3476 catholicam,
1448 3412 1776 3467 oblunitatcm
1804 3414 1901 3466 sci-

76 3491 190 3544 licet
212 3493 352 3558 fidei,
380 3513 524 3564 quam
551 3513 660 3548 cum
685 3497 776 3551 fide
812 3497 1077 3552 Romanae
1114 3497 1245 3550 sedis
1278 3497 1516 3551 universa
1550 3497 1789 3553 Ecclesia
1814 3517 1901 3570 pe-

135 3598 179 3632 P.
199 3597 352 3635 Baller.
371 3599 419 3635 de
437 3601 616 3637 Primatu
635 3606 708 3637 etc.
1530 3599 1598 3651 10
