2320 3990
928 229 1148 247 x—-
1241 197 1368 257 114
1460 231 1634 239 -—--

380 365 630 424 Ecclesia·
658 365 788 421 Dixi
803 366 971 419 multo
982 367 1171 435 mimis,
1179 365 1304 436 qnia
1315 354 1473 432 inulto
1482 370 1649 441 magis
1665 368 1959 424 neccssaria
1971 378 2057 423 est
2067 368 2238 423 unitas

380 474 492 510 cum
504 471 695 510 summo
709 450 962 506 Pontifice
975 461 1152 506 centro
1166 452 1489 520 universalis,
1499 474 1652 526 quam
1670 475 1781 511 cum
1790 454 2045 529 Episcopo
2061 466 2238 511 centro

380 538 700 615 particularis
719 538 982 594 ecclesiae.
1010 536 1142 595 Cum
1155 540 1250 595 hoc
1265 540 1398 595 enim
1418 541 1712 614 particulari
1725 554 1902 600 centro
1925 554 2135 598 eatenus
2149 562 2238 598 ne-

381 627 604 683 cessaria
623 637 704 681 est
722 626 910 695 unitaS,
931 637 1182 699 quatenus
1201 630 1262 683 ab
1285 648 1346 684 eo
1377 640 1663 702 separatae,
1686 650 1721 685 a
1740 632 2016 687 catholicae
2045 650 2240 703 quoque

381 735 472 771 seu
497 715 802 772 universalis
826 714 1089 771 Ecclesiae
1115 726 1294 772 centro
1311 757 1325 783 ,
1366 716 1447 771 cui
1471 717 1581 789 ipse
1608 736 1720 772 cum
1745 737 1838 775 suo
1863 739 2023 793 grege
2059 719 2241 774 adhae-

2315 795 2320 801 .
2303 533 2320 766 ..enam-..n
2311 509 2320 519 ι

382 814 481 871 ret,
508 822 568 858 ac
593 803 804 876 proinde
831 804 893 858 ab
919 803 1032 878 ipsa
1057 804 1304 859 catholica
1329 802 1563 859 Ecclesia
1591 815 1857 878 separatus
1882 818 1992 862 est:
2034 808 2159 862 adeo
2189 817 2242 861 ut
2312 817 2320 853 ἐ

383 893 427 946 si
451 892 622 945 unitas
653 910 763 946 cum
790 910 985 946 summo
1010 890 1265 947 Pontifice
1303 892 1516 946 unitatis
1555 893 1830 948 catholicae
1870 905 2047 950 centro
2075 895 2242 948 consi·
2318 938 2320 941 .

382 988 562 1045 steret,
591 977 715 1032 nihil
741 980 947 1035 obesset
972 981 1227 1054 separatio
1255 981 1316 1035 ab
1335 979 1622 1054 Episc0p03
1652 982 1782 1036 sieut
1808 1001 1836 1035 e
1864 992 2043 1035 contra
2069 982 2240 1036 unitas
2317 1003 2320 1011 ·

382 1086 491 1121 cum
521 1085 613 1120 suo
638 1064 892 1139 Episcopo
932 1068 1053 1122 nihil
1078 1069 1378 1141 prodesset,
1419 1068 1577 1122 sicubi
1603 1069 1858 1141 separatio
1889 1089 1918 1122 a
1945 1067 2088 1142 Papa
2115 1070 2243 1123 obti-

384 1165 550 1209 neret.
605 1151 897 1227 Cyprianus
936 1155 1134 1226 quidem
1171 1155 1381 1229 perinde
1417 1156 1762 1210 necessariam
1798 1156 1972 1210 babuit
1997 1157 2242 1211 unitatem

383 1263 494 1298 cum
521 1242 757 1297 Romano
785 1242 1063 1310 Pontifice,
1104 1263 1162 1298 ac
1187 1244 1359 1298 unitas
1400 1263 1509 1297 cum
1538 1243 1783 1298 catholica
1807 1242 2042 1299 Ecclesia
2067 1263 2244 1299 neces-

383 1330 523 1385 saria
557 1341 665 1397 est3
713 1330 895 1402 quippe
933 1331 1064 1400 quod
1101 1349 1204 1385 non
1241 1332 1391 1384 aliam
1428 1332 1571 1387 novit
1604 1330 1890 1386 Ecclesiam
1927 1332 2242 1398 catholicam,

385 1418 484 1472 nisi
509 1435 636 1488 quae
663 1436 829 1487 super
854 1436 1017 1470 umcm
1045 1418 1269 1470 Petrum
1290 1421 1595 1487 aedificata,
1621 1418 1781 1471 eidem
1802 1418 2061 1471 adhaeret.
2113 1418 2246 1473 Hinc

384 1506 629 1560 unitatem
655 1524 767 1559 cum
794 1502 1031 1558 Romana
1071 1506 1190 1559 sede
1228 1504 1385 1560 veluti
1410 1505 1657 1558 unitatem
1683 1505 1959 1559 catholicae
1985 1504 2245 1560 Ecclesiae

386 1593 595 1648 exhibet
632 1592 780 1665 epist.
816 1592 904 1646 45.
937 1594 998 1646 ad
1039 1592 1332 1648 Cornelium
1363 1592 1588 1667 Papam,
1628 1592 1712 1645 uhi
1739 1594 1799 1647 de
1839 1594 2011 1647 eadem
2051 1594 2246 1647 unitate

387 1681 626 1736 sollicitus
644 1721 658 1746 ,
698 1699 754 1733 se
781 1698 987 1733 curasse
1015 1680 1111 1746 ait,
1149 1693 1204 1734 ut
1241 1683 1313 1735 Te
1338 1685 1598 1751 conleyae
1623 1685 1825 1741 nostri,
1853 1689 1904 1733 ct
1928 1686 2244 1735 communio·
2316 1712 2319 1716 ·

387 1790 508 1823 nem
534 1777 695 1828 tuam,
721 1769 862 1820 idest
886 1768 1189 1822 catholicae
1215 1771 1499 1823 Ecclesiae
1525 1772 1782 1822 unitatem
1803 1772 2017 1837 pariter
2039 1777 2092 1821 et
2109 1773 2246 1822 cari-

386 1866 550 1912 tatem
580 1857 888 1926 probarent
918 1859 1149 1925 firmiter
1188 1877 1254 1910 ac
1293 1865 1548 1911 tenerent.
1615 1855 1842 1908 Rursum
1879 1856 2026 1927 epist.
2057 1856 2144 1909 52.
2186 1857 2247 1908 ad

388 1943 740 1999 Antonianum
779 1943 1180 1998 communionem
1223 1964 1333 1999 cum
1379 1945 1553 1999 eodem
1593 1942 1836 1997 Cornelio
1887 1942 1959 1996 ita
1997 1943 2245 2016 explicat:

396 2036 513 2087 Hoc
540 2041 618 2086 cst
642 2051 760 2085 cum
787 2033 1057 2084 catholica
1087 2034 1336 2086 Ecclesia
1365 2036 1778 2086 communicare.
1843 2027 1944 2097 Qui
1972 2051 2096 2103 ergo
2137 2051 2246 2084 cum

393 2122 624 2175 Romano
652 2118 903 2173 Pontifice
930 2138 1032 2172 non
1061 2120 1426 2185 communicat,
1456 2138 1547 2173 nec
1575 2116 1907 2172 communicat
1935 2138 2044 2171 cum
2071 2118 2248 2172 Eccle-

395 2403 534 2444 supra
575 2398 700 2442 quem
735 2385 931 2437 fundata
974 2387 1038 2426 est
1083 2383 1303 2438 Ecclesia,
1346 2386 1528 2436 deserit,
1575 2386 1622 2426 in
1671 2385 1869 2427 Ecclesia
1911 2397 2000 2426 csse
2039 2382 2252 2436 confidit?

392 2456 510 2497 Quae
541 2449 672 2489 verba
695 2446 731 2486 si
757 2447 966 2498 glossema
998 2445 1202 2498 quispiam
1236 2446 1338 2486 velit
1365 2446 1618 2498 Cyprianico
1652 2447 1788 2486 textui
1824 2447 2045 2494 insertum3
2073 2446 2248 2486 similem

391 2517 532 2552 tamen
583 2508 837 2547 sententiam
884 2506 970 2556 (uti
1013 2509 1130 2545 recte
1172 2507 1332 2546 monuit
1373 2507 1510 2547 editor
1553 2505 1876 2554 Benedictinus)
1923 2517 1975 2545 ex
2018 2506 2112 2546 aliis
2144 2507 2250 2546 locis

392 2570 576 2622 ejusdem
609 2566 752 2619 operis
782 2565 940 2613 eliciet,
974 2577 1066 2604 cum
1094 2565 1223 2613 illum,
1259 2576 1325 2608 eit.
1352 2577 1415 2617 gr.
1445 2567 1512 2617 qui
1544 2566 1596 2606 ab
1630 2578 1680 2605 ea
1712 2566 1875 2605 unitate
1908 2565 2084 2614 recedit,
2103 2565 2249 2605 baberi

392 2632 482 2671 vult
513 2633 723 2679 tamquam
755 2637 911 2665 ramum
943 2624 1109 2664 arboris
1136 2638 1161 2665 a
1187 2623 1331 2664 radice
1364 2629 1616 2678 separatum,
1650 2626 1718 2677 qui
1751 2638 1830 2664 nec
1857 2625 1910 2664 ad
1941 2625 2139 2673 radicem,
2172 2637 2249 2665 nee

394 2692 448 2731 ad
492 2690 686 2730 arborem
726 2686 902 2738 amplius
947 2686 1157 2737 pertinet;
1215 2686 1286 2725 ubi
1328 2686 1456 2726 arbor
1497 2698 1548 2726 ex
1586 2686 1784 2738 Cypriani
1823 2688 1961 2726 mente
2014 2685 2251 2726 Ecclesiam

391 2750 627 2804 significat,
675 2746 799 2787 radix
844 2749 1008 2794 autem,
1054 2745 1167 2786 unde
1213 2746 1379 2786 arboris
1414 2750 1457 2786 et
1499 2758 1705 2786 ramorum
1764 2746 1905 2786 unitas
1954 2744 2251 2796 proficiscitur,

394 2810 606 2866 significat
637 2808 870 2849 Romanum
902 2805 1176 2853 Pontificem,
1225 2819 1278 2846 ex
1310 2819 1390 2858 quo
1435 2808 1576 2846 unitas
1608 2806 1830 2847 Ecclesiae
1872 2805 2075 2856 originem
2117 2805 2249 2846 ducit.

393 2874 440 2915 Id
470 2871 632 2925 pariter
664 2868 854 2919 sequitur
887 2878 940 2906 ex
974 2861 1179 2918 Cypriani
1224 2867 1467 2919 principiis,
1514 2867 1662 2919 quibus
1694 2867 1812 2906 Petri
1843 2865 2071 2906 cathedrae
2113 2863 2250 2906 unita-

392 2937 447 2976 tis
483 2930 702 2973 Ecclesiae
744 2926 977 2967 catholicae
1025 2927 1231 2978 originem
1276 2929 1445 2967 asserit.
1524 2927 1603 2971 Qui
1645 2927 1755 2966 enim
1796 2926 1903 2966 hanc
1949 2925 2135 2972 deserit,
2179 2925 2251 2964 de-

395 3005 542 3035 serens
589 2989 793 3040 originem
824 2986 1003 3026 unitatis
1035 2986 1259 3026 Ecclesiae
1302 2987 1561 3033 catholicae,
1611 2998 1690 3025 nec
1721 2987 1922 3024 unitatem
1952 2984 2174 3024 Ecclesiae
2208 2997 2253 3024 se

394 3060 557 3101 tenere,
589 3062 670 3090 nec
701 3049 744 3087 in
767 3046 964 3087 Ecclesia
996 3057 1041 3084 se
1070 3058 1163 3085 esse
1195 3045 1409 3085 confidere
1439 3047 1594 3096 potest.
1658 3045 1807 3085 Verum
1841 3056 1891 3083 ea
1922 3044 2052 3083 verba
2083 3046 2143 3084 uti
2172 3045 2254 3096 Cy-

395 3113 588 3168 ptianica
619 3109 725 3149 satis
759 3107 1023 3148 vindicantur
1055 3117 1106 3145 ex
1139 3105 1301 3156 Pelagii
1331 3105 1381 3144 11.
1416 3105 1541 3156 epist.
1573 3104 1618 3143 2.
1651 3103 1706 3143 ad
1737 3103 1976 3156 Episcopus
2006 3105 2174 3152 Istriae,
2211 3108 2252 3144 et

395 3189 422 3215 a
454 3170 665 3214 nonnullis
698 3168 825 3208 etiam
857 3165 1075 3207 codicibus
1109 3165 1316 3216 antiquis,
1352 3177 1403 3204 ex
1436 3163 1584 3215 quibus
1618 3175 1668 3203 ea
1700 3164 1994 3214 praeferuntur
2027 3164 2068 3204 in
2102 3163 2252 3204 editio-

394 3235 516 3275 nibus
542 3228 738 3275 Manum,
768 3231 893 3278 atque
918 3225 1109 3272 Pamelii,
1137 3225 1455 3276 retinenturque
1481 3224 1523 3262 in
1551 3223 1646 3263 aliis
1665 3224 1896 3264 Gallicanis
1924 3224 2051 3264 etiam
2077 3223 2253 3275 Rigaltii

398 3296 576 3345 excepta
607 3289 852 3331 Baluziana.
915 3288 1042 3327 Certe
1076 3286 1185 3326 hunc
1214 3285 1351 3326 locum
1382 3284 1513 3324 veluti
1545 3283 1771 3335 genuinum
1804 3285 1848 3325 S.
1880 3283 2081 3336 Cypriani
2113 3284 2254 3324 lauda-

397 3355 460 3394 vit
492 3353 640 3392 clerus
673 3349 917 3390 Gallicanus
950 3350 1122 3388 coactus
1163 3346 1340 3387 Parisiis
1379 3356 1446 3386 an.
1482 3343 1615 3384 1682.
1650 3344 1692 3383 in
1732 3344 1889 3384 litteris
1931 3343 1985 3383 ad
2016 3343 2254 3396 Archiepis-

398 3424 542 3466 copes,
573 3409 814 3462 Episcopus
843 3412 927 3448 etc.
960 3407 1174 3449 scribens:
1207 3404 1415 3448 Fidenter
1442 3415 1539 3446 cum
1571 3404 1619 3443 Β.
1653 3404 1876 3457 Cypriane
1901 3403 2254 3455 pronuntiamus,

400 3485 516 3524 etam,
549 3471 626 3524 qui
657 3468 903 3510 cathedram
937 3469 1078 3518 Petri,
1110 3477 1245 3519 super
1275 3477 1407 3520 quam
1431 3464 1627 3515 fundata
1659 3468 1723 3506 est
1758 3463 1969 3514 Ecclesia,
2002 3463 2175 3514 deserit,
2206 3463 2254 3502 in

401 3532 593 3578 Ecclesia
622 3539 711 3571 non
744 3539 847 3571 esse.
