2314 3984
727 281 894 289 ————-
985 247 1112 307 355
1202 280 1371 288 -—-—

142 427 289 487 atque
323 433 629 487 cognoscere
659 415 807 468 nimis
845 426 979 469 esset
1015 417 1216 486 longum
1251 425 1304 469 et
1335 415 1444 469 fere
1466 413 1826 486 impossibile)3
1865 417 1954 469 sed

141 502 266 555 satis
290 519 403 555 esse
428 501 694 555 crediderit
717 521 864 555 unam
891 501 1152 555 Romanae
1177 498 1436 554 Ecclesiae
1459 499 1603 553 fidem
1628 518 1950 572 cognoscere,

141 605 267 658 quae
302 605 411 640 cum
448 588 556 640 sola
589 606 679 660 per
704 607 759 642 se
783 598 926 642 tanta
947 587 999 642 vi
1022 586 1249 659 praedita
1283 585 1350 640 sit
1373 595 1578 658 propter
1596 591 1952 656 potentiorem

132 676 610 744 principalitatem,
633 675 762 728 idest
785 674 979 727 ratione
1002 673 1244 744 primatus
1268 681 1323 724 ut
1347 672 1572 725 omnibus
1595 670 1838 726 Ecclesiis
1863 691 1952 727 ne-

139 759 420 814 cessitatem
457 760 664 812 unitatis
698 771 748 814 et
785 776 1059 814 consensus
1090 758 1338 829 imponatr,
1374 758 1464 812 hac
1488 777 1588 810 una
1613 758 1705 812 fide
1730 763 1949 830 cognita,

138 846 342 898 aliarum
382 846 599 899 omnium
635 847 953 901 consentiens
987 844 1191 897 traditio
1218 853 1268 897 et
1290 845 1410 898 fides
1447 844 1592 899 simul
1616 845 1947 915 cognoscitur.

138 931 256 984 Non
296 951 417 1004 ergo
453 933 553 987 vim
587 934 796 1004 cogendi
831 949 1005 986 omnes
1042 931 1103 983 ad
1125 930 1368 984 unitatem
1390 929 1628 984 Irenaeus
1651 931 1857 984 deduxit
1881 951 1950 986 ex

136 1019 343 1071 istarum
369 1037 643 1084 consensu,
680 1037 824 1089 quem
850 1036 942 1071 nec
965 1016 1219 1086 inquirere
1243 1035 1335 1070 nec
1361 1034 1664 1088 cognoscere
1689 1035 1813 1088 opus
1838 1037 1950 1073 esse

136 1104 348 1175 putavit3
376 1106 462 1158 sed
487 1106 615 1159 hunc
637 1123 934 1158 consensum
960 1121 1030 1156 ex
1054 1102 1105 1157 vi
1131 1102 1355 1156 coactiva
1379 1100 1644 1155 Romanae
1667 1102 1779 1156 fidei
1803 1114 1950 1174 atque

135 1190 375 1261 primatus
401 1191 661 1256 deducenS‚
685 1191 787 1245 vim
810 1209 900 1262 per
925 1208 981 1243 se
1006 1188 1332 1242 sufficientem
1359 1188 1420 1240 ad
1444 1187 1757 1259 obligandmn
1778 1208 1949 1244 omnes

136 1275 230 1346 ipsi
255 1274 516 1330 Romanae
551 1277 662 1330 fidei
698 1286 749 1330 et
772 1275 1004 1348 primatui
1030 1274 1274 1327 attribuit.
1326 1273 1456 1326 Hinc
1481 1276 1670 1327 frustra
1696 1275 1822 1330 hunc
1845 1275 1951 1330 Irc-

136 1363 249 1415 naei
275 1363 431 1415 locum
457 1363 599 1416 nobis
625 1372 931 1432 extorquere
958 1361 1212 1425 nituntur,
1249 1360 1332 1429 qui
1369 1360 1535 1413 dicunt
1571 1361 1791 1414 eumdem
1816 1363 1949 1433 loqui

136 1448 194 1500 de
223 1446 452 1501 Romana
475 1447 732 1512 Ecclesia,
772 1465 861 1500 seu
895 1447 955 1500 de
986 1445 1248 1500 Romanae
1289 1445 1551 1499 Ecclesiae
1586 1447 1856 1503 traditione
1891 1469 1950 1504 ac

135 1534 255 1598 fide,
289 1553 389 1587 non
425 1536 484 1588 de
520 1535 612 1587 fide
637 1532 980 1586 Romanorum
1007 1532 1332 1598 Pontificum,
1368 1550 1461 1585 nec
1500 1533 1558 1586 de
1583 1533 1948 1590 definitionibus

135 1620 344 1672 istorum
380 1621 432 1672 in
463 1620 675 1674 materia
699 1621 824 1674 fidei.
878 1618 1124 1690 Quidquid
1149 1619 1281 1673 enim
1307 1618 1618 1672 auctoritatis
1656 1620 1708 1672 in
1743 1622 1948 1676 unitatis

137 1707 316 1758 bonnm
343 1705 601 1760 Romanae
626 1705 885 1760 Ecclesiae
921 1707 1003 1760 vel
1036 1705 1148 1758 fidei
1185 1705 1418 1757 tribuitur
1452 1714 1657 1777 propter
1689 1714 1950 1775 potentio·

138 1813 245 1844 rem
265 1797 746 1862 principalitatem,
783 1811 871 1846 seu
897 1801 1098 1863 propter
1122 1791 1416 1862 primatum,
1454 1791 1535 1860 qui
1558 1791 1611 1843 in
1636 1792 1814 1844 bonum
1843 1796 1950 1846 uni-

136 1880 255 1931 tatis
291 1880 381 1931 fuit
411 1879 668 1932 institutus
707 1898 736 1931 a
763 1877 965 1932 Christo
983 1918 996 1943 ,
1026 1877 1253 1949 pertinet
1289 1878 1347 1929 ad
1374 1876 1633 1929 Romanos
1658 1876 1950 1946 Pontifice8‚

138 1966 188 2016 in
215 1966 386 2034 quihus
429 1976 617 2018 tantum
653 1965 838 2018 residet
875 1965 1117 2036 primatus
1153 1964 1234 2016 vis
1269 1973 1319 2016 et
1345 1964 1644 2030 auctoritas3
1682 1975 1732 2017 et
1767 1966 1949 2020 idcirco

141 2049 400 2104 Romanae
425 2049 684 2104 Ecclesiae
723 2052 867 2115 fides,
905 2069 1014 2103 cum
1053 2069 1148 2119 qua
1185 2068 1253 2103 ex
1278 2048 1476 2102 Irenaei
1514 2050 1738 2103 doctrina
1777 2071 1948 2106 omnes

141 2136 407 2189 convenire
433 2147 483 2190 et
507 2137 808 2190 concordare
833 2155 1039 2190 necesse
1066 2145 1144 2188 est
1166 2145 1368 2206 propter
1400 2134 1690 2205 primatum,
1729 2138 1824 2189 alia
1849 2158 1949 2191 non

140 2231 305 2290 potest
329 2222 564 2293 intelligi,
593 2223 689 2275 nisi
713 2223 859 2287 fides,
900 2241 1043 2292 quam
1069 2220 1341 2274 Pontifices
1359 2223 1474 2291 jure
1500 2222 1740 2292 primatus
1764 2224 1816 2275 in
1841 2226 1950 2277 uni-

139 2307 257 2359 tatis
307 2309 485 2360 bonum
520 2309 784 2374 definiunt,
835 2319 887 2360 ut
923 2309 1034 2362 fidei
1083 2308 1322 2361 unitatem
1370 2308 1421 2359 in
1453 2317 1559 2360 tota
1591 2306 1820 2363 Ecclesia
1868 2331 1950 2364 cu-

138 2393 370 2444 stodiant.

279 2477 456 2547 Neque
482 2498 602 2534 vero
629 2482 691 2532 ob
718 2482 1064 2533 adstruendam
1092 2499 1161 2533 ex
1184 2481 1292 2552 ipso
1313 2479 1593 2533 S.lrenaeo
1622 2483 1950 2537 conditionem

138 2582 407 2618 consensus
431 2565 636 2636 ingeras
661 2566 771 2631 illa,
810 2585 937 2636 quae
962 2566 1090 2620 idem
1115 2565 1330 2619 Sanctus
1368 2576 1482 2638 post
1507 2576 1750 2620 assertam
1778 2587 1952 2622 neces-

137 2650 333 2703 sitatem
370 2651 575 2704 unitatis
614 2671 723 2704 cum
761 2651 994 2706 Romana
1018 2651 1248 2706 Ecclesia
1284 2653 1455 2705 statim
1493 2653 1718 2723 subjicit:
1760 2657 1818 2706 ln
1846 2676 1950 2725 qua

138 2757 340 2806 semper
369 2739 432 2789 ab
460 2740 570 2799 his,
597 2742 688 2807 qui
711 2746 834 2790 sunt
855 2741 1119 2807 undique,
1144 2747 1457 2791 conservata
1485 2747 1562 2791 est
1585 2759 1676 2799 ea,
1713 2760 1846 2808 quae
1874 2751 1952 2794 est

137 2825 200 2875 ab
240 2823 540 2892 Apostolus,
588 2827 807 2877 traditio
817 2844 835 2886 ,-
882 2824 1086 2896 perinde
1133 2842 1190 2876 ac
1229 2824 1272 2876 si
1307 2823 1382 2875 his
1425 2824 1594 2877 verbis
1639 2824 1949 2895 significetur

138 2909 418 2962 Romanam
443 2910 582 2963 fidem
609 2911 717 2964 ideo
745 2911 954 2981 exigere
978 2910 1219 2962 unitatem
1257 2911 1318 2962 ab
1346 2910 1600 2972 omnibus,
1638 2910 1750 2978 quia
1776 2929 1947 2965 omnes

136 2999 365 3066 nandique
390 2995 930 3061 confluentesRomam‚
958 2996 1171 3049 omnium
1196 2995 1536 3049 Ecclesiarum
1564 3013 1860 3048 consensum
1888 3001 1946 3050 ad

135 3100 244 3134 eam
258 3084 541 3135 attulerunt.
570 3079 695 3149 Quis
721 3092 886 3136 autem
908 3082 1032 3135 hanc
1052 3083 1515 3153 interpretationem
1531 3082 1591 3134 ab
1610 3081 1754 3134 obvio
1769 3084 1947 3136 verbo-

135 3186 244 3219 rum
269 3186 419 3221 sensu
444 3179 493 3223 et
511 3188 540 3222 a
559 3179 800 3222 contextu
822 3169 1031 3222 alienam
1052 3169 1236 3238 poterit
1262 3169 1576 3239 approbare?
1603 3166 1793 3233 Verba,
1821 3188 1946 3238 quae

136 3254 276 3306 unice
293 3254 494 3307 tradunt
511 3255 651 3308 fidem
666 3254 1007 3327 Apostolicam
1028 3263 1375 3306 conservatam
1402 3254 1462 3306 ab
1484 3253 1710 3306 omnihus
1735 3257 1946 3327 undique

137 3338 353 3392 fidelibus
379 3339 431 3391 in
458 3338 717 3394 Romanae
740 3341 1064 3412 Apostolicae
1087 3338 1347 3393 Ecclesiae
1372 3340 1488 3403 fide,
1515 3339 1728 3392 omnium
1755 3342 1944 3411 quidem

136 3421 471 3479 Ecclesiarum
498 3426 871 3480 consensionem
899 3438 948 3480 et
974 3426 1214 3479 unitatem
1251 3444 1359 3479 eum
1383 3426 1475 3479 fide
1501 3424 1731 3480 Romana
1759 3439 1944 3482 certam

1495 3511 1602 3566 23*
