2314 3984
724 259 1368 320 *rw-...-

143 428 813 489 manumittimus&
858 430 920 482 ad
965 426 1148 486 th'um
1185 424 1689 487 Thessalonicensem
1733 425 1871 478 uum.
1903 427 1951 479 l.

142 516 480 589 hpomlicam
503 515 680 569 sedem
715 516 990 568 consultam
1027 514 1225 587 prodit,
1250 508 1442 586 quippe?
1463 527 1629 583 quant
1646 515 1955 566 constat-dv:

136 607 386 674 „qu-atione
406 609 598 670 petrae
624 604 887 670 spiritalis
913 602 1269 671 damjejus
1286 599 1490 653 scilicet
1505 598 1619 652 fidei
1643 607 1818 670 petrae
1832 621 1860 664 ,τ
1873 598 1953 652 cui

141 695 289 742 totam
315 687 592 742 Ecclesiam
629 705 699 740 ex
735 675 1263 741 institutionechnsti
1295 684 1446 741 inniti
1479 694 1530 738 et
1555 684 1955 739 incumberet»-

142 784 410 838 cesse‘est‚
437 784 492 826 ut
517 773 872 845 explicavimus
897 771 1117 845 pluribus
1138 789 1183 824 c,
1214 772 1297 824 12.
1326 771 1372 838 §.
1406 772 1452 824 l.
1476 807 1480 810 >
1599 771 1602 776 ’

957 886 1004 953 ξς
1055 881 1128 935 Χ.

149 975 307 1028 Pelagii
340 978 616 1029 Caelestiique
649 969 800 1018 tutos.
847 972 1156 1024 Argumentum
1187 973 1358 1013 ductum
1390 985 1440 1013 ex
1472 975 1650 1025 antiquo
1682 981 1796 1014 more
1824 973 1954 1023 subji-

315 1037 454 1078 ciendi
485 1034 897 1088 operasptaemttm
927 1033 1167 1084 dogmatica
1201 1033 1423 1073 Romanae
1452 1033 1567 1072 sedis
1592 1031 1771 1080 judicio.

283 1105 369 1159 56.
409 1105 599 1159 Mirum
622 1104 830 1175 cuipiam
856 1102 1120 1168 videbitur,
1145 1121 1224 1154 me
1250 1103 1312 1154 ob
1340 1103 1652 1156 statuendam
1678 1104 1954 1158 necessita-

144 1191 470 1244 tem-unitatis
497 1190 607 1243 fidei
642 1207 752 1243 cum
788 1189 882 1243 fide
906 1187 1250 1242 Romanorum
1275 1186 1574 1242 Pontificum
1590 1228 1604 1253 ,
1645 1190 1865 1259 allegare
1893 1209 1953 1243 ea

142 1275 421 1331 testimonia
458 1276 817 1330 haereticorum
853 1284 971 1328 ante
997 1274 1453 1328 condemnationem
1479 1275 1740 1346 producta,
1779 1275 1953 1344 quibus

144 1362 286 1415 iidem
321 1372 431 1434 post
469 1361 923 1415 condemnationem
961 1370 1010 1412 et
1036 1362 1166 1414 facto
1203 1371 1252 1412 et
1290 1360 1490 1430 scriptis
1518 1362 1950 1414 contradixerunt.

144 1448 214 1499 At
239 1465 301 1500 ne
326 1448 418 1500 hoc
444 1448 840 1500 testimoniorum
865 1463 1023 1516 genus
1050 1444 1291 1498 imbecille
1319 1447 1566 1510 credatur,
1592 1445 1709 1499 illud
1734 1446 1955 1499 animad-

143 1534 430 1586 vertendum
457 1543 553 1598 est,
580 1534 707 1603 quod
732 1551 810 1597 ea,
837 1549 960 1602 quae
986 1531 1078 1602 ipsi
1107 1541 1223 1584 ante
1249 1532 1711 1586 condemnationem
1737 1543 1786 1586 et
1812 1544 1955 1587 ante—

143 1636 289 1687 quam
324 1619 383 1672 de
420 1617 650 1672 Ecclesia
682 1620 1016 1690 pellerentur,
1056 1619 1271 1671 confessi
1308 1629 1452 1683 sunt,
1492 1637 1561 1672 ex
1595 1619 1866 1672 traditione
1903 1629 1951 1672 et

142 1703 382 1756 communi
410 1704 760 1756 catholicorum
786 1722 938 1756 sensu
971 1705 1172 1755 fuerunt
1199 1723 1474 1775 expressa,
1511 1706 1622 1756 dum
1661 1706 1953 1758 catholicam

142 1789 210 1841 illi
235 1798 447 1842 mentem
473 1798 726 1858 gererent,
753 1789 1119 1857 catholicosque
1137 1806 1192 1841 se
1213 1790 1453 1843 exhibere
1474 1799 1523 1844 et
1542 1792 1758 1861 probare
1782 1793 1954 1844 catho-

142 1875 246 1928 licis
281 1875 481 1928 vellent.
544 1873 715 1943 Itaque
752 1874 989 1945 ejusmodi
1026 1874 1244 1945 ipsorum
1278 1875 1564 1929 testimonia
1600 1877 1951 1930 catholicorum

142 1979 339 2014 sensum
377 1971 427 2013 et
462 1959 660 2031 praxim
708 1961 1043 2030 praeferentia
1089 1961 1296 2012 maximi
1330 1962 1555 2015 facienda
1591 1972 1732 2027 sinit,
1776 1964 1952 2032 quihus

81 2040 85 2046 ’
142 2065 261 2100 sane
286 2065 387 2099 non
406 2046 773 2110 contradixere,
801 2046 898 2099 nisi
916 2056 1174 2117 postquam
1196 2046 1470 2100 aRomana
1489 2049 1605 2101 sede
1626 2049 1953 2113 condemnati,

144 2142 355 2185 mentem
381 2142 431 2184 et
455 2131 717 2184 veritatem
743 2131 1031 2184 catholicam
1058 2142 1324 2196 exuerunt,
1352 2142 1497 2201 atque
1523 2134 1808 2187 deseruere.
1846 2134 1954 2188 Ne-

146 2236 238 2286 que
265 2217 393 2270 enim
433 2216 816 2268 existimandum
844 2226 920 2268 est
947 2214 1171 2269 Luthero
1199 2236 1284 2269 ex.
1313 2237 1390 2288 gr.
1427 2218 1585 2288 magis
1622 2220 1952 2280 deferendum,

146 2322 251 2355 cum
279 2312 391 2374 post
426 2301 883 2354 condemnationem
910 2301 1125 2354 Romani
1152 2301 1412 2354 Pontificis
1447 2303 1709 2374 primatum
1749 2305 1843 2357 sihi
1877 2306 1954 2358 in-

146 2392 334 2441 sensum
360 2387 588 2457 negavit,
628 2405 769 2456 quam
796 2405 903 2440 cum
935 2387 1066 2440 illum
1095 2398 1211 2441 ante
1239 2390 1698 2443 condemnationem
1724 2409 1794 2444 ex
1821 2411 1954 2444 com-

144 2474 277 2526 muni
311 2473 550 2526 catholico
586 2490 738 2525 sensu
774 2475 1028 2544 professus
1063 2484 1158 2527 est.
1211 2474 1262 2526 Id
1289 2475 1481 2544 quidem
1518 2495 1609 2529 nec
1637 2477 1953 2531 adversarios

145 2561 274 2630 ipsos
292 2558 514 2628 judicare
539 2558 748 2611 suadent
774 2558 855 2611 illa
881 2560 1130 2629 cujusdam
1154 2559 1416 2632 Anonymi
1441 2561 1585 2613 nobis
1611 2561 1662 2613 in
1690 2562 1779 2615 hac
1806 2581 1956 2616 causa

143 2644 404 2696 contrarii:
442 2642 653 2712 (Traite
690 2644 748 2695 de
785 2644 1036 2697 l'autorite
1072 2647 1135 2697 du
1171 2644 1340 2716 Pape)
1393 2649 1677 2700 Methodzcs
1709 2653 1954 2716 priorum

151 2731 578 2796 Refer-matorum
616 2735 667 2779 et
701 2738 1061 2796 armamentum
1098 2735 1277 2799 mayni
1304 2735 1565 2799 ponderis
1600 2736 1851 2786 adversus
1880 2739 1954 2802 ip-

146 2834 249 2866 sos.
289 2815 682 2881 Disputationis
708 2815 859 2864 initio
887 2819 1120 2881 confessi
1143 2823 1264 2866 sunt
1279 2817 1490 2883 Papam
1516 2836 1625 2868 esse
1653 2838 1953 2885 supremum

153 2900 351 2951 Christi
383 2901 661 2958 viem-ium,-
701 2916 798 2948 nec
832 2904 941 2971 eJus
979 2903 1345 2952 anctoritatem
1385 2904 1436 2951 in
1463 2903 1674 2953 dubium
1701 2922 1954 2956 revocare

144 2992 458 3052 coeperunt,
491 2987 596 3035 nisi
628 3002 741 3035 cum
778 2992 963 3036 contra
999 2989 1143 3053 ipsos
1170 2988 1432 3054 definivit,
1464 2990 1693 3054 perinde
1720 3009 1784 3040 ac
1809 2993 1952 3060 siju-

145 3073 252 3122 dea·
278 3073 486 3122 desinat
521 3072 851 3139 essejudex,
888 3090 1004 3122 cum
1041 3074 1293 3123 adversus
1333 3074 1565 3140 aliquam
1598 3081 1806 3140 partem
1843 3094 1952 3127 sen-

146 3158 358 3207 tentiam
388 3158 731 3222 pronuntiat,
767 3157 854 3207 vel
887 3175 952 3208 ac
982 3160 1030 3208 si
1063 3160 1286 3217 veritas,
1323 3176 1435 3208 cum
1472 3160 1802 3212 incommoda
1841 3179 1953 3213 esse

146 3242 349 3306 incipit,
370 3243 562 3292 veritas
589 3243 812 3309 amplius
838 3261 944 3293 non
970 3245 1054 3294 sit.
1096 3239 1238 3308 Quae
1256 3259 1501 3312 peraeque
1519 3243 1572 3294 in
1599 3261 1704 3295 rem
1728 3255 1952 3298 nostram

146 3323 355 3387 faciunt,
395 3333 447 3375 ut
471 3325 754 3379 testimonia
778 3346 868 3397 pro
896 3328 1083 3379 unitate
1109 3328 1219 3379 fidei
1257 3328 1317 3379 ab
1355 3327 1620 3380 haereticis
1655 3329 1775 3400 ipsis
1807 3330 1950 3382 initio

147 3410 383 3477 producta
408 3409 611 3462 maximi
639 3411 860 3465 habenda
886 3415 1176 3477 credantur,
1205 3431 1296 3465 nec
1322 3431 1390 3464 ex
1414 3412 1495 3478 iis,
1521 3432 1647 3484 quae
1673 3425 1782 3486 post
1809 3416 1951 3467 dere-

149 3492 308 3546 lictam
333 3492 595 3548 Ecclesiae
619 3494 856 3549 unitatem
882 3498 1104 3563 edidere,
1131 3498 1459 3551 infirmentur.
