2314 3984
933 189 1598 248 ——348—

337 359 572 414 cietatem
598 350 798 430 se'mper
823 358 1036 431 accepit,
1062 366 1118 411 ut
1143 358 1254 432 ipse
1278 357 1514 415 Nicolius
1541 363 1722 416 statuit
1747 363 1834 417 lib.
1854 362 1902 416 l.
1947 366 2036 418 De
2062 369 2197 420 unit.

338 447 550 501 Eccles.
579 464 623 499 c.
642 445 693 498 5.
723 455 774 498 et
799 445 1143 516 sequentibus.
1183 444 1328 501 Haec
1350 446 1523 518 itaque
1549 449 1774 521 opinatio
1799 470 1975 506 veram
2002 450 2199 508 Christi

336 533 622 588 Ecclesiam
659 542 890 587 statuens
930 543 1087 588 extra
1122 544 1319 607 petram
1366 553 1397 588 a
1431 531 1639 589 Christo
1669 538 1915 609 positam,
1956 550 2007 594 et
2045 551 2200 595 extra

337 621 738 676 communionem
776 640 880 674 non
917 622 1076 675 solmn
1111 621 1478 689 immediatam,
1527 641 1706 678 verum
1732 625 1884 679 etiam
1911 628 2198 694 mediatam,

337 730 448 765 cum
474 710 712 764 Romana
748 710 867 764 sede
894 708 1198 765 Romanove
1223 709 1476 765 Pontifice
1502 711 1657 764 totius
1685 712 1894 767 unitatis
1920 716 2199 770 catholicae

337 810 514 853 centro
543 800 827 864 collocanS,
866 798 989 851 nulli
1016 799 1379 854 catholicorum
1414 799 1620 872 probari
1646 800 1863 871 poterit,
1902 803 2200 855 verendum-

336 907 431 958 que
459 898 539 942 est
563 887 818 953 maxime,
859 905 924 940 ne
951 888 1045 941 hac
1072 888 1246 942 eadem
1273 888 1473 941 ratione
1511 887 1757 941 haeretici
1783 897 1934 958 atque
1961 888 2202 942 schisma-

335 976 425 1030 tici
451 975 684 1030 similiter
711 976 1012 1041 abutantur,
1048 986 1104 1029 ut
1130 995 1250 1030 suos
1278 995 1475 1048 quoque
1503 985 1676 1029 coetus
1705 994 1733 1028 a
1760 975 1906 1030 nobis
1934 987 2200 1050 separatos

336 1083 426 1136 per
454 1065 810 1130 anathemata,
851 1083 978 1135 quae
1005 1065 1065 1117 ab
1093 1064 1218 1138 ipsis
1254 1084 1357 1119 non
1397 1065 1764 1138 approbantur,
1803 1083 1979 1119 veram
2007 1062 2203 1119 Christi

335 1151 621 1207 Ecclesiam
649 1172 790 1219 esse,
819 1163 871 1206 et
896 1152 949 1205 in
975 1152 1100 1225 ipsis
1129 1153 1288 1206 adhuc
1314 1172 1416 1206 non
1442 1153 1633 1218 minuS,
1662 1171 1811 1223 quam
1837 1151 1890 1204 in
1917 1152 2063 1205 nobis
2091 1151 2201 1205 Ro-

336 1260 487 1294 mana
521 1241 871 1295 communione
908 1239 1220 1305 fruentibUS,
1259 1259 1435 1294 veram
1471 1240 1767 1294 catholicam
1801 1240 2201 1294 communionem

337 1328 553 1401 reperiri
579 1329 905 1382 contendant.
958 1326 1070 1380 Hac
1095 1326 1252 1397 igitur
1279 1326 1536 1381 sententia
1563 1328 1852 1392 eliminata,
1888 1328 2201 1397 quorundam

336 1414 661 1482 Sanctorum,
682 1415 764 1486 qui
786 1425 1012 1487 tempore
1025 1414 1277 1468 Acaciani
1297 1413 1583 1467 schismatis
1604 1414 1881 1468 floruerunt
1899 1414 1954 1467 in
1969 1413 2202 1481 Oriente,

335 1504 583 1559 vindiciae
612 1504 711 1558 alia
737 1522 948 1577 prorsus
975 1503 1061 1557 via
1086 1503 1336 1557 ineundae
1363 1512 1510 1565 sunt,
1545 1521 1694 1573 quam
1721 1503 1847 1555 satis
1873 1503 2203 1574 probabiliter

335 1592 607 1646 indicatam
635 1592 727 1646 hac
752 1592 804 1645 in
830 1591 1179 1665 Appendicula
1206 1591 1468 1657 existimo,
1490 1601 1546 1643 ut
1566 1609 1629 1644 ne
1649 1601 1819 1645 tamen
1846 1610 2027 1663 negem
2055 1592 2203 1645 aliam

337 1682 470 1734 forte
496 1681 887 1754 probabiliorem
927 1690 978 1733 et
1003 1680 1256 1735 veriorem
1284 1680 1447 1751 quoad
1483 1680 1754 1733 nonnullos
1782 1677 2003 1734 Sanctos
2032 1680 2203 1734 afferri

337 1769 592 1842 potuisse,
620 1769 664 1823 si
691 1788 867 1824 omnes
894 1787 1028 1823 nunc
1055 1769 1301 1823 obscurae
1327 1769 1449 1824 facti
1475 1768 1883 1824 circumstantiae
1908 1777 2160 1841 paterent.
