2320 3990
1006 180 1626 238 *ης-...-

387 353 680 410 sententia,
727 368 792 402 ac
820 351 1116 418 primatum
1155 369 1183 402 e
1221 352 1703 416 radice-evellere,
1741 361 1820 415 et,
1853 360 1914 406 ut
1949 355 2062 408 dici
2095 358 2249 416 solet,

383 440 746 508 printoyenito
794 437 1112 492 hereditatis
1144 444 1364 507 partem
1406 441 1562 493 dare.
1635 443 1746 495 Hic
1782 440 1923 495 enim'
1959 446 2141 512 ayitur
2180 446 2248 496 tle

387 527 668 586 doctrina,
696 543 833 594 quae
862 544 933 578 ex
960 528 1291 579 revelatione
1318 529 1591 591 dimanat,
1613 542 1724 583 non
1751 537 1927 584 autem
1954 532 2021 582 cle
2049 532 2247 583 doct-ri.-

386 633 458 665 ua
485 614 804 666 eruditionis
843 620 896 665 et
932 615 1267 678 litterarum,
1305 634 1442 686 quae
1481 616 1662 668 studio
1700 626 2070 688 comparatur.
2126 620 2246 689 Eyo

387 709 561 754 autem
588 705 837 754 existimo
859 702 1012 754 haud
1028 704 1252 756 attribui
1261 723 1428 774 posse
1448 705 1506 757 S.
1528 704 1708 757 Paulo
1727 708 2022 772 primatum
2049 708 2248 759 doctri-

386 810 490 844 nae
507 793 681 860 primi
699 792 945 860 yeueris,
981 810 1081 844 neo
1119 794 1349 846 alterum
1387 790 1716 864 (eruditionis
1745 810 1803 845 ac
1830 792 2117 847 litterarum
2142 794 2247 866 pri-

387 877 603 952 matum)
644 881 950 948 computari
985 880 1180 934 debere
1221 884 1530 951 quicquam,
1569 882 1694 933 dum
1731 866 2112 935 consideratur
2129 887 2247 952 pri-

385 975 558 1020 matus
585 965 956 1037 Apostolious,
993 972 1086 1038 qui
1122 990 1156 1022 a
1191 970 1407 1022 Christo
1445 972 1718 1022 institutus
1750 973 1878 1039 fuit.
1931 967 2003 1022 Et
2027 989 2145 1042 pag.
2174 970 2247 1024 96

386 1075 448 1110 ea
473 1055 791 1121 testimonia,
820 1055 997 1126 quibus
1025 1054 1082 1109 S.
1112 1055 1304 1111 Paulus
1331 1058 1383 1111 in
1412 1058 1558 1131 epist.
1588 1058 1640 1111 ἱ).
1671 1057 1732 1110 ad
1759 1054 1883 1111 Cor.
1914 1077 1958 1111 c.
1991 1058 2077 1110 11.
2106 1077 2243 1112 vers.

386 1144 437 1198 5.
469 1144 564 1198 ait:
595 1145 864 1197 Emistimo
894 1148 1031 1198 euim
1057 1148 1200 1198 nihil
1222 1167 1303 1198 me
1329 1150 1499 1199 minus
1516 1149 1717 1216 fecisse
1739 1167 1772 1199 a
1792 1150 1999 1218 maquis
2015 1146 2246 1216 Aposto-

387 1235 480 1296 lis3
519 1242 570 1286 et
596 1251 639 1286 c.
672 1232 758 1285 12.
787 1251 923 1287 vers.
957 1233 1042 1286 ll.
1099 1235 1260 1287 Nihil
1292 1238 1430 1287 euim
1457 1238 1629 1287 minus
1649 1237 1740 1303 fui
1766 1235 1831 1287 ab
1860 1238 1956 1297 iis,
1996 1238 2090 1305 qui
2124 1243 2247 1288 sunt

386 1341 555 1391 supra
581 1323 796 1373 modum
823 1320 1107 1390 Apostoli,
1144 1321 1217 1375 sic
1245 1322 1472 1394 explicat
1500 1321 1834 1390 Quesnellus:
1874 1325 1959 1375 En
1986 1331 2103 1376 tout
2127 1326 2243 1376 cela

387 1410 622 1479 l'eyalite'
646 1427 713 1461 ne
740 1411 974 1480 reyarde
992 1413 1359 1479 precisemeut
1385 1430 1486 1480 que
1515 1408 1875 1478 l’Apostolat,
1913 1430 2022 1462 uon
2062 1413 2111 1463 le
2132 1415 2247 1480 pri-

386 1500 563 1550 maute'
600 1499 667 1549 (le
707 1495 1055 1567 l’Apostolat.
1109 1495 1267 1551 Idest:
1308 1499 1369 1550 In
1411 1499 1493 1550 liis
1522 1499 1764 1551 omuibus
1793 1500 2096 1568 aequalitas
2137 1518 2244 1551 nou

383 1589 609 1655 respicit
624 1589 858 1656 proprie
885 1589 993 1638 uisi
1018 1584 1425 1656 Apostolatum,
1452 1607 1559 1639 uon
1588 1593 1762 1638 autem
1781 1590 2078 1654 primatum
2105 1586 2247 1657 Apo-

385 1677 638 1727 stolatus:
668 1672 755 1745 (S.
782 1673 920 1744 Aug.
948 1683 1102 1726 tract.
1128 1675 1214 1727 12.
1242 1674 1295 1726 in
1322 1673 1403 1727 Jo.
1433 1693 1484 1725 11.
1502 1674 1552 1725 5.
1584 1683 1634 1725 ct
1660 1672 1744 1725 lib.
1766 1673 1814 1727 7.
1846 1673 1906 1726 de
1931 1674 2068 1746 bapt.
2099 1693 2142 1727 c.
2163 1675 2243 1746 l.)

386 1782 531 1834 quem
570 1762 766 1832 quidem
799 1766 1091 1831 primatum
1120 1760 1506 1831 Apostolatus,
1545 1771 1595 1813 et
1622 1765 1996 1831 principatum
2023 1760 2245 1815 Sanctus

386 1869 582 1922 quoque
608 1849 929 1922 Augustinus
969 1848 1026 1904 S.
1055 1849 1216 1904 Petro
1256 1869 1505 1922 expresse
1539 1849 1781 1904 vindicat.
1834 1848 1912 1902 Ita
1940 1846 2245 1916 Quesnellus

379 1944 672 2009 primatum
687 1937 1056 2009 Apostolatus‚
1084 1949 1133 1993 et
1159 1939 1428 2012 primatum
1454 1958 1556 1992 non
1585 1939 1745 1992 solum
1772 1943 2131 2001 auctoritatis,
2159 1941 2246 1993 sed

387 2029 539 2081 etiam
567 2028 880 2091 doctrinae,
921 2028 1076 2081 solius
1104 2026 1252 2081 Petri
1277 2027 1531 2100 proprium
1568 2037 1618 2081 et
1644 2027 1966 2099 personalem
1994 2028 2243 2099 agnoscit,

385 2134 454 2168 ex
491 2135 587 2186 quo
627 2115 793 2186 aliqua
818 2115 1089 2187 peculiaris
1126 2125 1356 2187 potestas
1392 2134 1482 2168 seu
1499 2115 1784 2186 jurisdictio
1813 2115 2033 2186 ejusdem
2058 2115 2247 2187 prima-

383 2214 462 2257 tus
500 2202 706 2275 propria
739 2202 827 2255 uni
861 2201 1022 2255 Petro
1061 2202 1332 2256 tribuenda
1369 2201 1452 2255 sit.
1517 2201 1660 2256 Haec
1696 2201 1854 2254 fusius
1892 2202 2138 2274 exposui,
2192 2214 2245 2256 ut

384 2293 547 2365 palam
575 2291 689 2356 fiat,
730 2290 883 2344 etiam
910 2289 1113 2357 Gallos,
1153 2301 1333 2345 contra
1361 2309 1485 2361 quos
1515 2290 1677 2344 acturi
1703 2308 1900 2355 sumus,
1945 2309 2244 2361 agnoscere,

383 2380 781 2453 jurisdictionem
808 2379 1080 2452 primatus,
1121 2397 1460 2449 quaecumque
1488 2377 1576 2430 illa
1603 2377 1695 2442 sit,
1736 2396 1851 2430 esse
1878 2378 2062 2431 debere
2089 2379 2246 2431 solius

383 2469 615 2542 primatis
642 2467 899 2540 propriam
925 2477 977 2520 et
1003 2467 1342 2540 personalem,
1370 2466 1424 2519 in
1452 2485 1551 2537 qua
1576 2465 1685 2538 ipse
1713 2465 1773 2518 ab
1803 2465 1916 2518 aliis
1938 2485 2040 2518 nou
2062 2466 2247 2539 depen-

384 2558 527 2622 deat,
558 2557 644 2610 sed
672 2555 758 2608 alii
783 2555 881 2627 ipsi
907 2555 1122 2621 subsint,
1150 2555 1226 2607 uti
1249 2555 1333 2609 vel
1358 2553 1415 2608 S.
1446 2553 1662 2608 Paulum
1687 2554 1741 2607 in
1768 2573 1830 2607 ea
1856 2551 1913 2607 S.
1941 2551 2100 2608 Petro
2130 2556 2246 2608 sub-

375 2648 565 2717 jectum
594 2655 643 2699 et
670 2643 1050 2697 subordinatum
1077 2644 1233 2698 fuisse
1261 2646 1502 2698 fatentur.

530 2734 583 2786 4.
627 2730 775 2800 Quod
814 2742 980 2785 autem
1016 2733 1285 2805 personale
1322 2732 1375 2785 in
1411 2731 1572 2785 Petro
1610 2731 1704 2784 fuit
1739 2732 1939 2785 ratione
1979 2729 2244 2803 primatuS,

384 2822 514 2875 idem
553 2822 606 2874 in
645 2821 1024 2874 successoribus
1062 2823 1168 2893 ejus
1197 2820 1448 2874 Romanis
1476 2819 1838 2885 Pontificibus,
1876 2819 1930 2871 in
1967 2837 2091 2888 quos
2118 2818 2245 2871 idem

384 2910 627 2982 primatus
652 2908 801 2963 Petri
829 2928 941 2963 cum
967 2909 1143 2962 eadem
1162 2908 1514 2980 jurisdictione
1539 2908 1807 2973 transivit,
1834 2907 2104 2979 personale
2132 2924 2246 2958 esse

385 2997 673 3063 dicendum,
708 2997 923 3051 inficiari
960 3006 1128 3070 potest
1165 3015 1331 3050 nemo.
1399 2995 1533 3048 Hinc
1559 2995 1697 3046 nulla
1729 2995 1892 3064 major
1928 2994 1984 3047 in
2009 2993 2245 3048 Ecclesia

384 3085 604 3139 turbatio
633 3086 888 3152 efferbuit,
927 3103 1077 3156 quam
1115 3104 1226 3139 cum
1261 3085 1324 3137 ob
1351 3083 1668 3138 diversorum
1704 3081 2003 3136 electionem
2029 3081 2245 3135 Pontifi-

386 3193 497 3227 cum
530 3175 698 3247 plures
735 3176 795 3229 de
823 3174 1132 3229 Pontificatu
1158 3171 1395 3226 Romano
1431 3172 1754 3225 decertantes
1791 3168 2043 3224 incertum
2069 3171 2246 3224 redde-

387 3262 535 3327 bant,
564 3262 762 3316 cuinam
789 3271 1100 3336 competeret
1131 3261 1376 3334 primatus
1402 3260 1456 3312 in
1490 3258 1734 3313 universa
1758 3255 2016 3324 Ecclesia,
2064 3258 2147 3329 qui
2174 3258 2245 3310 di-

387 3349 490 3404 vidi
515 3349 649 3402 inter
675 3351 845 3422 plures
883 3351 1073 3423 nequit.
1126 3347 1240 3404 Soli
1263 3349 1419 3422 igitur
1444 3347 1632 3412 Petr0,
1671 3355 1722 3399 et
1758 3346 1854 3399 soli
1892 3363 2245 3400 successorum

387 3440 496 3510 ejus
523 3456 775 3510 personae
799 3439 873 3492 ita
899 3440 1111 3512 alligata
1148 3447 1228 3493 est
1262 3436 1471 3512 propria
1495 3436 1741 3509 primatus
1769 3434 1990 3506 dignitas
2018 3443 2070 3487 et
2087 3433 2246 3505 juris-

387 3526 563 3591 dictio,
611 3536 664 3579 ut
709 3527 829 3579 nulli
876 3528 959 3580 alii
1004 3526 1258 3601 Episcopo
1296 3524 1726 3599 praestantiorum
1765 3521 1882 3575 licet
1929 3521 2146 3586 sedium,
2196 3531 2247 3574 et
