2320 3990
678 223 1291 282 *97*

76 399 241 453 lim-2.
264 396 324 450 de
349 393 555 450 Consid.
595 411 708 466 cap.
734 394 787 449 8.
842 396 913 447 Et
930 397 1079 464 forte
1096 396 1409 463 praesentes
1447 391 1612 442 ceteri
1634 389 1890 443 condisci-

67 484 190 553 puli
225 490 404 543 erant,
441 499 558 534 cum
595 483 919 534 committens
953 483 1074 541 ani,
1116 482 1371 533 unitatem
1407 476 1800 529 commendaret
1833 478 1889 527 in

74 588 176 622 ano
209 588 372 638 yreye
412 575 463 620 et
494 570 550 620 in
586 587 692 620 uno
723 575 968 636 pastore.
1030 563 1181 619 Licet
1219 581 1341 633 ergo
1378 563 1430 615 in
1454 559 1689 615 Ecclesia
1724 562 1891 633 plures

72 663 301 726 pastores
335 653 464 719 sint,
516 663 566 707 et
604 653 652 706 hi
689 653 880 723 quidem
918 651 1020 704 dati
1056 648 1348 713 Ecclesiae,
1398 658 1452 699 ut
1487 646 1590 700 suis
1626 648 1805 717 quique
1840 647 1892 726 in

0 764 1 789 z
74 739 379 793 dioecesibus
406 757 606 792 suarum
631 738 795 794 ovium
819 737 1060 790 unitatem
1086 734 1378 789 contineant
1403 742 1552 804 atque
1577 733 1890 799 custodiente,

0 823 1 826 ’
73 843 198 877 imus
224 836 392 879 tamen
418 825 605 879 Petrus
639 835 690 878 et
727 839 1044 878 successores
1082 822 1190 892 ejus
1219 819 1438 872 Romani
1463 817 1738 872 Pontifices
1776 830 1891 871 sunt

73 911 156 963 ille
182 929 398 964 summus
423 922 792 983 pastui-,quem
819 910 879 962 ad
903 908 1056 963 totius
1082 905 1344 961 Ecclesiae
1368 903 1609 958 unitatem
1636 905 1891 959 vindican—

75 997 185 1049 dam
213 1007 359 1068 atque
386 996 775 1052 conservandam
801 995 1028 1049 omnibus
1055 1012 1157 1047 non
1182 1005 1283 1046 tam
1309 991 1511 1055 ovihuS,
1548 1009 1695 1060 quam
1721 1001 1891 1063 pasto-

74 1081 209 1134 ribus
234 1083 498 1154 praecipuo
527 1085 642 1154 jure
679 1083 955 1153 praelatum
992 1079 1089 1134 SS.
1118 1079 1304 1134 Patres
1342 1086 1611 1130 testantur.
1663 1076 1782 1129 Non
1810 1095 1891 1130 so-

74 1167 170 1218 lum
197 1167 327 1220 enim
354 1186 512 1238 agnos
538 1167 696 1222 Petro
732 1168 1024 1221 commissos
1064 1166 1494 1227 animadvertunt,
1531 1182 1702 1217 verum
1740 1164 1890 1216 etiam

72 1271 210 1316 oveS,
237 1272 330 1323 quo
357 1253 556 1307 nomine
583 1255 642 1307 ab
672 1254 817 1324 agnis
844 1253 1076 1306 distincto
1103 1262 1333 1325 pastores
1361 1249 1722 1320 significantur.
1750 1249 1892 1302 Hinc

71 1335 128 1390 S.
155 1338 325 1392 Bruno
364 1339 602 1392 Astensis
636 1339 837 1392 homilia
869 1339 924 1391 in
960 1339 1134 1407 vigilia
1169 1338 1283 1390 festi
1320 1334 1376 1389 S.
1405 1334 1549 1388 Petri
1590 1336 1684 1387 ait:
1727 1337 1891 1387 Prius

74 1443 267 1492 aynos,
304 1427 495 1477 deinde
532 1444 651 1476 oves
692 1429 741 1476 ei
774 1428 1052 1484 commisit,
1091 1427 1217 1492 quia
1252 1442 1359 1475 non
1395 1423 1562 1474 solum
1591 1430 1892 1490 pastorem,

74 1512 168 1561 secl
182 1518 457 1578 pastorem
485 1518 768 1579 pastorum
807 1529 921 1563 cam
947 1513 1233 1562 constituit.
1292 1510 1479 1560 Pascit
1502 1510 1666 1576 iyitur
1698 1509 1892 1561 Petrus

74 1615 267 1663 agl-nos,
284 1600 467 1664 pascit
491 1604 541 1648 et
566 1616 715 1658 oves3
734 1601 916 1665 pascit
934 1599 1106 1666 filios,
1135 1599 1319 1665 pascit
1343 1602 1396 1647 et
1416 1601 1610 1646 matres
1623 1613 1640 1655 ,-
1678 1598 1819 1663 reyit
1843 1603 1893 1646 et

73 1681 334 1741 sabditos,
374 1688 426 1732 ct
442 1684 748 1748 praelatos.-
788 1686 1015 1734 omnium
1041 1686 1205 1750 iyitur
1223 1687 1419 1748 pastor
1447 1688 1550 1739 est,
1587 1683 1713 1748 qaia
1731 1699 1891 1748 prae-

69 1773 151 1826 ter
178 1785 343 1834 aynos
383 1774 434 1818 et
458 1786 578 1819 oves
605 1770 659 1819 in
687 1769 933 1820 Ecclesia
968 1769 1109 1819 nihil
1132 1774 1225 1819 est.
1281 1762 1443 1832 Quam
1470 1764 1771 1817 sententiam
1801 1784 1894 1818 ex-

72 1851 201 1922 cepit
226 1852 374 1904 etiam
400 1851 676 1906 Bossuetus
714 1853 765 1904 in
794 1854 1232 1905 Meditationibas
1272 1869 1420 1922 super
1445 1849 1776 1922 Evangelimn
1815 1852 1892 1904 die

72 1937 157 1991 70.
176 1976 190 2002 ,
229 1947 280 1990 et
304 1938 356 1989 in
382 1955 612 1992 sermone
638 1939 807 1991 habito
837 1940 897 1992 ad
926 1937 1064 1992 Cleri
1092 1937 1343 1991 Gallicani
1370 1935 1592 1990 Comitia
1619 1956 1700 1990 an.
1733 1938 1890 1991 1681.

71 2023 152 2074 ubi
179 2023 328 2075 etiam
355 2025 620 2091 observat,
649 2045 736 2079 eos
752 2066 766 2091 ,
804 2025 886 2095 qui
904 2034 1156 2094 pastores
1182 2033 1302 2078 sant
1327 2026 1496 2077 relate
1523 2027 1597 2076 ad
1614 2026 1893 2092 populum,

72 2112 238 2161 relate
276 2113 350 2162 acl
376 2112 596 2162 Petrum
632 2132 751 2164 oves
789 2131 916 2164 esse.
969 2111 1099 2163 Hinc
1125 2120 1317 2179 pastor
1346 2119 1628 2179 pastor-am
1667 2113 1894 2161 omnium

77 2193 333 2246 Romanus
360 2194 603 2248 Pontifex
629 2197 807 2249 dicitur
833 2216 862 2249 a
888 2196 944 2248 S.
962 2196 1222 2249 Bernardo
1240 2195 1351 2266 (lib.
1369 2196 1419 2245 2.
1437 2196 1495 2247 de
1511 2193 1715 2247 Consid.
1734 2213 1776 2246 c.
1789 2194 1892 2265 8.),

74 2283 172 2333 alii
188 2289 437 2350 pastores
456 2287 872 2351 particularium
896 2303 1134 2352 yreyam.
1187 2281 1318 2335 Vide
1359 2299 1550 2350 quoque
1589 2278 1646 2332 S.
1673 2278 1894 2351 Epipha-

74 2366 206 2418 nium
234 2368 429 2420 haeres.
460 2368 544 2422 75.
568 2369 624 2421 in
651 2369 828 2435 Aerio,
858 2379 907 2422 et
936 2370 1391 2438 Reformatorium
1418 2367 1468 2420 in
1499 2363 1727 2419 Concilio
1757 2364 1893 2419 Con-

73 2453 339 2505 stantiensi
365 2471 408 2506 c.
436 2454 487 2506 6.

213 2539 300 2592 61.
342 2537 480 2592 Haec
508 2551 669 2594 autem
699 2544 1058 2614 praerogativa
1085 2561 1235 2614 supra
1262 2559 1434 2595 omnes
1464 2558 1623 2611 agnos
1651 2550 1701 2593 et
1726 2550 1896 2612 pasto-

74 2626 154 2676 res
179 2625 313 2695 ipsos
339 2625 424 2677 uni
450 2643 640 2679 summo
666 2629 858 2698 pastori
884 2628 1042 2681 Petro
1083 2648 1140 2682 ac
1175 2628 1549 2681 suecessoribus
1576 2629 1682 2698 ejus
1708 2627 1895 2679 tributa

73 2710 162 2760 fuit
191 2727 221 2761 a
247 2707 451 2762 Christo
488 2712 540 2763 in
574 2713 761 2765 bonum
783 2715 1018 2779 unitatiS,
1055 2715 1106 2766 in
1145 2734 1291 2784 quam
1331 2733 1439 2767 cum
1479 2731 1625 2765 mnne
1651 2713 1894 2784 primatus

67 2798 149 2864 jus
175 2795 297 2866 ipsis
333 2796 560 2847 collatum
587 2797 825 2862 vidimus,
861 2800 940 2852 xis
977 2800 1147 2867 utique
1182 2800 1436 2867 cogendae
1470 2798 1679 2849 unitatis
1717 2798 1893 2867 negari

73 2881 257 2932 eisdem
284 2881 483 2949 nequit,
525 2900 623 2950 qua
649 2900 756 2934 cum
782 2883 905 2954 ipsis
933 2884 1204 2936 cohaerere
1230 2883 1375 2935 debet
1412 2883 1674 2935 universus
1702 2881 1894 2936 Christi

71 2984 219 3036 grex.
293 2965 349 3017 In
387 2985 482 3035 quo
517 2969 738 3038 profecto
775 2988 931 3040 grege
982 2988 1089 3021 cum
1129 2968 1396 3021 inferiores
1433 2986 1624 3037 quoque
1663 2979 1893 3040 pastores

72 3062 320 3121 tamquam
347 3050 492 3105 Petri
526 3071 646 3107 oves
684 3072 753 3107 ex
779 3053 1013 3107 Bossueti
1054 3053 1340 3123 loquutione
1380 3053 1758 3121 contineantur3
1799 3056 1893 3126 ipsi

75 3137 262 3207 pariter
298 3137 402 3189 suis
440 3156 548 3190 cum
586 3140 824 3211 gregibus
862 3141 913 3192 in
951 3140 1142 3192 unitate
1181 3139 1326 3192 Petri
1367 3139 1540 3192 summi
1579 3141 1797 3211 pastoris
1837 3159 1894 3193 ac

72 3240 411 3275 successorum
450 3223 603 3294 ipsius
641 3227 822 3279 debent
859 3226 1166 3290 consistere,
1203 3235 1257 3277 ut
1285 3225 1385 3277 sint
1410 3226 1514 3296 ejus
1551 3227 1726 3292 ovilis,
1766 3229 1893 3297 quod

74 3305 305 3360 Christus
342 3308 430 3360 suh
466 3310 635 3362 eodem
674 3329 771 3363 uno
810 3322 1014 3384 pastore
1054 3332 1213 3364 antem
1248 3311 1482 3364 instituit.
1543 3310 1663 3365 Non
1701 3313 1799 3366 alia
1833 3314 1891 3365 de

73 3409 224 3456 causa
249 3393 454 3463 quaevis
479 3391 709 3448 Ecclesia
733 3415 880 3450 unum
908 3398 1037 3453 ovile
1065 3407 1167 3461 est,
1195 3397 1291 3448 nisi
1319 3397 1433 3467 quia
1459 3407 1537 3450 est
1555 3403 1772 3468 pastori
1796 3418 1891 3451 sao

73 3496 211 3546 yrea·
237 3481 561 3541 adhaerens,
599 3490 654 3531 ut
691 3499 760 3534 ex
786 3481 1045 3555 Cypriano
1085 3482 1304 3535 diximus
1344 3501 1451 3554 cap.
1482 3483 1646 3536 ll.-n.
1675 3486 1725 3538 2.
1780 3482 1890 3535 Nec

130 3567 185 3601 P.
218 3567 367 3605 Bauer.
401 3570 449 3605 de
479 3570 656 3606 Primatu
689 3575 764 3607 etc.
1514 3571 1544 3622 7
