2320 3990
687 254 863 263 ——-—
963 235 1081 272 XXV

165 401 204 453 ξ.
237 396 354 440 XV..
381 394 451 437 De
473 390 704 450 synodicis
726 388 1057 446 'Episcoporum
1081 384 1261 428 Galliae
1283 388 1333 426 et
1353 378 1600 425 {tanseat
1616 379 1667 421 S.
1691 378 1807 445 Leo-

104 471 204 501 nem
218 453 481 500 Pontificem
497 456 654 496 contra
669 448 893 505 Eutychis
914 445 1153 490 haeresium
1175 443 1254 486 *De
1273 440 1564 510 Theodoreto
1575 438 1813 510 Episcopo

106 514 333 572 Cyrensi‚'
353 518 401 556 et
422 510 616 555 Maximo
634 508 922 553 Antiocheno.
969 502 1294 549 Testimonium
1324 499 1620 544 vetustissimi
1648 498 1812 542 Sacra·

105 579 351 620 mentorum
375 571 476 615 libri
490 570 725 614 Ecclesiae
740 569 964 611 Romanae
967 592 1280 606 ...........
1293 594 1297 598 .
1300 589 1668 602 .............
1708 573 1810 616 pag.
1843 555 1930 600 203

169 665 210 716 §-
244 662 361 705 XVI.
410 658 691 702 Testimonia
714 658 762 699 S.
778 653 952 698 Gelasii
970 653 1150 707 Papae,
1183 663 1239 692 ex
1262 647 1411 690 libello
1437 646 1544 689 fidei
1570 660 1598 689 a
1618 647 1666 688 S.
1694 647 1813 689 Hor-

110 721 248 765 misda
272 721 328 764 ad
345 718 601 762 Orientales
621 716 753 759 misso
765 749 776 767 ,
809 719 858 756 et
872 727 898 755 a
913 717 1011 755 tota
1026 709 1233 752 Ecclesia
1249 713 1434 763 recepto
1445 741 1455 759 ,
1487 720 1543 748 ex
1557 705 1813 749 Justiniano

108 782 402 836 Imperatore,
435 772 852 826 Avito'Viennensi,
882 769 1136 827 Epiphanio
1165 765 1682 821 Constantinopolitano,
1713 765 1816 808 Ste-

109 841 252 897 phano
271 839 492 890 Larissae,
505 836 668 878 Menna
679 829 1190 887 Constantinopolitano,
1207 832 1252 869 et
1270 826 1515 869 Profuturo
1532 825 1812 868 Bracarensi.
1847 823 1937 866 ⁴208

173 930 214 982 ἓ.
248 926 388 969 XVII.
436 921 716 967 Testimonia
738 935 794 962 ex
818 919 994 962 summis
1011 916 1306 960 Pontificibus
1323 914 1550 970 Gregorio
1566 914 1597 958 1.
1618 918 1663 956 et
1679 914 1734 955 II.
1763 929 1817 957 ex

113 986 359 1030 venerabili
374 984 520 1036 Beda,
553 997 607 1024 ex
632 982 828 1024 Auctore
857 979 1008 1036 operis
1026 975 1245 1029 Carolini,
1277 975 1506 1017 Hadriano
1530 974 1586 1022 1.‚
1618 973 1818 1027 Alcuino,

115 1048 162 1090 S.
190 1044 447 1102 Nicephoro
476 1037 997 1096 Constantinopolitano,
1039 1035 1280 1080 Theodoro
1310 1033 1515 1087 Studita,
1553 1032 1745 1077 Nicolao
1770 1034 1818 1089 1.,

115 1111 162 1148 et
175 1105 413 1155 Hincmaro
430 1100 652 1144 Remensi.
695 1099 767 1141 Ex
794 1097 860 1140 his
886 1096 1081 1154 antiquis
1106 1093 1362 1138 traditionis
1387 1098 1699 1150 argumentum
1716 1108 1820 1136 con-

116 1164 334 1215 cluditur,
367 1162 571 1217 subjecta
596 1158 1000 1212 animadversione,
1034 1171 1122 1213 qua
1148 1169 1235 1198 uno
1263 1154 1359 1197 ictu
1373 1153 1526 1211 plures
1544 1153 1824 1209 objectiones
1890 1203 1905 1209 ,

117 1239 171 1266 ex
189 1222 383 1280 antiquis
401 1234 635 1278 perperam
653 1219 861 1275 ingestae
879 1217 1122 1260 diluuntur.
1149 1243 1815 1257 .......................
1855 1211 1943 1256 213

835 1333 1060 1384 CAPUT
1099 1333 1222 1382 XIV.

181 1429 547 1474 Adversariorum
565 1427 880 1470 catholicorum
896 1424 1171 1478 testimonia,
1204 1423 1366 1481 quibus
1383 1422 1622 1481 utriusque
1639 1422 1827 1466 unitatis

123 1506 217 1533 cum
238 1491 434 1532 Romana
458 1487 565 1530 sede
590 1485 903 1530 necessitatem
919 1484 1113 1542 professi
1128 1489 1234 1526 sunt
1237 1512 1817 1526 ....................
1859 1480 1946 1525 224

185 1580 223 1631 §.
255 1578 288 1622 Ι.
336 1576 589 1618 Communis
613 1574 971 1618 adversariorum
994 1572 1206 1626 formula,
1239 1587 1326 1628 qua
1353 1578 1554 1615 centrum
1577 1571 1767 1615 unitatis
1783 1572 1830 1615 in

122 1637 319 1678 Romana
350 1634 457 1677 sede
483 1634 676 1690 positum
702 1638 972 1689 agnoscunt,
1004 1632 1227 1688 explicata
1252 1632 1520 1687 praesertim
1552 1646 1606 1673 ex
1639 1631 1830 1675 comitiis

125 1693 367 1737 Gallicanis
394 1694 496 1736 anni
529 1689 640 1733 1682
644 1720 1820 1735 ........................................
1863 1687 1950 1733 225

185 1786 224 1836 ᾖ.
257 1783 310 1823 11.
357 1780 634 1823 Testimonia
653 1779 893 1832 Gersonis,
925 1778 1177 1820 Cardinalis
1196 1777 1386 1831 Cusani,
1417 1778 1602 1821 Joannis
1629 1779 1684 1821 de
1702 1779 1830 1822 Pari-

124 1843 223 1895 siis,
251 1840 460 1896 Alphonsi
478 1839 686 1894 Tostati,
721 1846 767 1881 et
792 1838 920 1881 Petri
947 1838 1000 1880 de
1022 1839 1189 1880 Marca.
1215 1868 1820 1881 .....................
1864 1837 1951 1880 228

186 1933 224 1982 ξ.
252 1930 326 1971 111.
369 1927 646 1972 Testimonia
660 1942 714 1969 ex
731 1926 921 1970 comitiis
940 1926 1062 1969 Cleri
1080 1926 1303 1969 Gallicani
1319 1941 1534 1969 annorum
1555 1923 1681 1968 1579.
1704 1923 1830 1969 1650.

130 1987 254 2033 1653.
273 1994 320 2032 et
341 1985 478 2034 1663„
503 2016 1823 2030 .............................................
1865 1984 1953 2028 232

187 2072 227 2122 g.
258 2069 333 2110 IV.
382 2068 660 2111 Testimonia
685 2067 841 2110 Jacobi
867 2067 1058 2122 Benigni
1081 2067 1292 2109 Bossueti
1310 2067 1528 2124 Episcopi
1545 2067 1803 2111 Meldensis.
1866 2066 1954 2110 236

189 2159 228 2209 ᾖ.
263 2157 314 2196 V.
359 2154 600 2196 Refellitur
626 2154 855 2196 distinctio
871 2154 990 2195 inter
1006 2154 1170 2206 sedem,
1203 2154 1473 2208 cathedram,
1499 2156 1573 2197 vel
1587 2156 1835 2199 Ecclesiam

130 2216 368 2257 Romanam
383 2217 431 2256 et
445 2213 666 2256 Romanos
683 2212 923 2256 Pontifices
941 2213 995 2254 ab
1014 2212 1284 2254 adversariis
1300 2213 1500 2269 ingesta,
1521 2229 1663 2270 eaque
1680 2215 1836 2270 inepta

130 2273 382 2315 ostenditur
405 2272 451 2314 in
478 2273 707 2327 praesenti
732 2277 1016 2327 argumento,
1048 2272 1125 2314 ubi
1144 2271 1196 2313 de
1214 2272 1259 2314 vi
1278 2273 1482 2315 coactiva
1498 2272 1714 2329 primatus
1733 2289 1836 2331 pro-

129 2333 228 2388 pria
255 2338 302 2373 et
330 2331 551 2387 personali
579 2331 830 2372 eorumdem
847 2331 1113 2373 Pontificum
1142 2331 1305 2386 agitur.
1345 2332 1631 2375 Refelluntur
1657 2348 1836 2390 quoque

131 2391 217 2433 duo
247 2390 334 2432 alia
361 2389 721 2432 adversariorum
748 2389 939 2445 effugia,
972 2404 1053 2431 seu
1081 2389 1358 2433 conditiones
1388 2391 1527 2445 duae,
1566 2407 1678 2448 quas
1705 2394 1766 2436 illi
1791 2395 1836 2436 in

130 2449 377 2493 Pontificiis
405 2449 598 2491 decretis
626 2449 885 2504 dogmaticis
913 2448 1168 2505 requirunt,
1203 2455 1254 2491 ut
1279 2456 1442 2506 cogant
1469 2465 1618 2493 omnes
1649 2453 1703 2494 ad
1730 2453 1835 2496 fidei

130 2509 368 2561 unitatem,
414 2508 638 2560 nimirum,
685 2508 723 2550 si
763 2508 978 2563 ejusmodi
1019 2508 1201 2551 decreta
1242 2524 1296 2550 ex
1338 2510 1576 2552 cathedrae
1610 2512 1835 2555 Romanae

133 2568 356 2622 doctrina,
391 2582 443 2609 ac
466 2567 707 2609 traditione
732 2567 948 2610 communi
962 2568 1196 2610 Ecclesiae
1217 2568 1461 2612 catholicae
1480 2570 1603 2613 edita
1621 2572 1733 2626 sint,
1769 2574 1840 2615 vel

134 2627 171 2669 si
188 2627 297 2683 ipsis
320 2626 506 2669 accedat
523 2626 754 2669 Ecclesiae
771 2626 936 2670 tacitus
954 2627 1109 2669 saltem
1126 2642 1369 2671 consensus
1375 2659 1829 2674 ................
1870 2630 1958 2674 246

861 2728 1086 2777 CAPUT
1125 2731 1229 2778 XV.

193 2819 504 2869 Corollarium,
538 2833 625 2874 quo
654 2819 964 2872 constituitur,
998 2820 1105 2875 quid
1133 2835 1187 2861 ex
1213 2822 1496 2875 praestitutis
1518 2823 1748 2879 principiis
1770 2841 1836 2867 se-

135 2885 300 2934 quatur
328 2878 373 2920 in
401 2893 455 2921 ea
482 2877 766 2934 quaestione,
796 2892 902 2920 num
935 2877 1214 2933 dogmaticae
1245 2879 1540 2923 Romanorum
1573 2883 1839 2928 Pontificum

135 2937 415 2980 definitiones
439 2937 544 2979 fidei
568 2937 823 2979 infallibiles
851 2937 941 2979 siut
966 2944 1013 2980 et
1036 2938 1192 2980 haberi
1218 2938 1424 2982 debeant.
1471 2940 1842 2988 Adversariorum

132 2995 465 3039 incohaerentia
490 3001 656 3038 notata.
702 2995 996 3053 Antiquorum
1022 3011 1178 3039 sensus
1205 3012 1257 3040 ac
1274 2999 1526 3042 testimonia
1543 3001 1712 3045 Christi
1735 3019 1839 3060 pro—

135 3055 279 3098 missis
319 3055 483 3099 innixa.
544 3055 690 3098 Unum
725 3055 956 3111 negandae
988 3055 1319 3099 infallibilitatis
1351 3058 1707 3114 fundamentum,
1750 3078 1838 3119 quo

134 3114 381 3156 adversarii
404 3114 567 3156 fortius
587 3115 912 3170 impediuntur,
943 3130 967 3157 e
985 3116 1251 3172 praesumtis
1270 3117 1557 3174 quorumdam
1573 3121 1839 3166 Pontificum

135 3174 365 3216 erroribus
383 3173 561 3215 ductum
580 3174 827 3228 excutitur,
859 3182 994 3231 atque
1021 3174 1245 3230 disjicitur
1248 3207 1830 3224 ....................
1871 3181 1958 3225 264

194 3264 233 3314 §-
268 3261 299 3302 Ι.
347 3260 568 3317 Synopsis
595 3261 935 3318 principiorum,
976 3277 1090 3319 quae
1117 3263 1444 3320 praemisimus,
1489 3272 1536 3309 et
1561 3283 1838 3326 consequens

131 3319 374 3375 proximum
403 3334 457 3361 ex
483 3320 592 3375 ipsis
617 3321 812 3375 legitime
830 3321 1070 3364 deductum
1087 3323 1234 3379 quoad
1249 3323 1603 3370 infallibilitatem
1620 3329 1841 3372 Romano-

131 3393 224 3420 rum
241 3378 505 3421 Pontificum
520 3379 568 3421 in
585 3379 847 3423 definiendis
864 3382 1181 3424 controversiis
1207 3382 1328 3426 fidei.
1379 3384 1526 3435 Quam
1552 3386 1840 3433 incohaeren-

130 3443 199 3478 ter
215 3437 461 3480 adversarii
485 3438 707 3482 concessis
723 3439 915 3483 laudatis
934 3441 1167 3497 principiis
1183 3442 1519 3488 Pontificiarum
1537 3445 1841 3492 definitionum

127 3494 484 3540 infallibilitatem
533 3511 649 3554 quae
673 3513 727 3542 ex
754 3498 910 3542 iisdem
927 3499 1129 3557 legitime
1147 3501 1379 3558 sequitur,
1409 3504 1666 3550 inficientur
1665 3539 1829 3551 ......
1873 3508 1958 3550 264
