2320 3990
933 191 1601 282 *ηδ-η..

341 359 603 414 discet-nei
606 369 718 414 61111
730 399 744 425 ‚
773 357 977 428 quinam
1007 357 1238 412 Orientis
1261 357 1504 435 Episcopi
1527 363 1762 444 catholici
1790 374 1964 419 essent
1988 364 2205 437 fideique

341 447 587 502 unitatem
613 453 852 499 tenerent
878 463 990 499 cum
1017 434 1192 500 eodem
1217 445 1466 514 Damaso,
1492 466 1662 505 nonne
1689 470 1762 505 ex
1786 452 1933 506 dictis
1961 462 2116 508 antea
2142 473 2202 508 ac
2235 499 2238 503 .

338 535 643 610 praesertim
680 551 752 587 ex
786 532 1115 588 Antiocheno
1154 536 1289 590 facto
1327 535 1651 592 manifestum
1687 542 1801 594 est?
1863 539 1996 594 Hinc
2033 551 2202 595 autem

341 633 514 697 aperte
540 622 768 694 sequitur
795 620 1084 676 Romanam
1111 624 1280 678 sedem
1307 644 1411 679 non
1437 625 1604 680 minus
1631 628 2022 695 communioniS‚
2051 648 2200 700 quam

338 711 451 766 fidei
477 711 758 766 catholicae
786 720 1016 765 centrum
1043 712 1289 784 agnitam,
1318 723 1368 767 et
1395 733 1427 767 a
1453 713 1632 784 quovis
1661 715 1906 771 catholico
1934 728 2203 789 utramque

340 819 450 854 cum
478 819 540 854 ea
565 800 810 853 unitatem
837 817 954 853 esse
979 801 1268 854 tenendam.
1321 800 1506 874 Neque
1532 801 1586 855 in
1613 802 1727 875 lege
1753 800 1936 876 Magni
1963 805 2199 860 Theodo-

339 887 428 954 sii,
469 906 597 958 quae
622 887 799 961 incipit
833 889 1066 943 Cunctos
1085 891 1353 960 populos,
1396 890 1524 944 alius
1551 890 1774 964 ejusdem
1799 889 2058 965 Principis
2086 911 2201 947 sco-

336 994 428 1048 pus
454 975 573 1042 fuit,
601 976 702 1030 nisi
727 975 896 1030 unitas
923 976 1239 1051 potissimum
1265 978 1407 1044 fidei,
1446 990 1502 1033 ut
1528 998 1599 1034 ex
1629 979 1919 1035 Sozomeno
1957 981 2200 1053 colligere

338 1064 456 1119 licet
484 1063 599 1137 (lib.
630 1065 680 1120 7.
722 1084 766 1118 6.
795 1064 1044 1137 4.).111e
1079 1067 1141 1119 ad
1177 1066 1441 1141 imperium
1469 1067 1697 1123 Orientis
1735 1079 1969 1135 evectuS‚
2009 1070 2202 1143 baptis-

334 1163 470 1207 mate
496 1164 732 1226 percepto
761 1154 932 1208 statim
959 1155 1163 1227 pietatis
1192 1174 1251 1209 ac
1277 1156 1542 1229 religionis
1569 1156 1891 1230 praecipuam
1913 1176 2084 1211 curam
2111 1178 2201 1229 ge-

336 1260 486 1308 16113,
533 1253 588 1295 111
622 1252 783 1296 10111111
818 1242 1085 1298 Orientem
1124 1244 1282 1298 variis
1331 1245 1446 1299 fidei
1484 1245 1886 1300 dissensionibus
1931 1245 2196 1299 discissum

336 1340 441 1383 tute
468 1340 824 1402 componeret,
864 1350 1016 1383 umun
1044 1341 1237 1403 certum
1263 1334 1529 1404 exemplar
1563 1333 1941 1406 proponendum
1969 1334 2198 1404 agnovit,

336 1418 465 1489 quod
492 1437 668 1472 omnes
694 1427 802 1471 tute
831 1428 1185 1488 sequerentur.
1223 1417 1362 1472 Istud
1390 1430 1559 1474 autem
1587 1430 1741 1474 extra
1753 1419 2018 1473 Orientem
2045 1440 2200 1491 quae-

336 1525 456 1561 rens
482 1526 587 1560 non
615 1507 716 1560 alia
755 1507 815 1560 de
843 1525 998 1560 causa
1037 1525 1108 1561 ex
1141 1526 1244 1562 una
1270 1507 1508 1563 Romana
1546 1508 1766 1563 ecclesia
1800 1509 2060 1580 proponit,
2096 1510 2195 1563 nisi

334 1596 464 1667 quod
498 1596 646 1649 unius
673 1594 943 1649 Romanae
980 1595 1228 1650 ecclesiae
1265 1597 1410 1651 fidem
1448 1597 1694 1670 primatus
1733 1615 1886 1651 causa
1922 1597 2075 1651 totius
2117 1617 2199 1652 ca-

332 1685 551 1739 tholicae
576 1684 788 1738 unitatis
817 1694 1045 1738 centrum
1073 1685 1293 1750 sciebat,
1335 1705 1548 1755 quocum
1587 1685 1862 1740 convenire
1897 1703 2074 1738 omnes
2114 1704 2197 1739 ca-

336 1774 509 1827 tholici
535 1774 743 1838 debent,
783 1782 834 1827 et
870 1791 940 1827 ex
977 1792 1074 1843 quo
1112 1772 1165 1826 in
1203 1772 1422 1826 dissidiis
1459 1773 1597 1827 circa
1631 1773 1775 1827 fidem
1803 1772 2051 1826 catholica
2076 1773 2198 1828 fides

338 1863 682 1934 dignoscenda
721 1872 830 1928 est,
869 1871 922 1914 ut
949 1860 1290 1915 Gothofredus
1328 1861 1649 1932 quantumvis
1678 1861 2022 1915 heterodoxus
2050 1872 2197 1915 nota-

334 1952 433 2006 vit:
481 1954 575 2006 Sic
621 1955 761 2005 enim
807 1954 967 2004 etiam
1007 1953 1136 2004 olim
1171 1970 1383 2021 quoque
1420 1953 1678 2004 Irenaeus
1717 1950 2095 2020 Lugdunensis
2130 1954 2197 2004 de

331 2045 563 2112 ipsamet
588 2043 927 2094 sanctissima
964 2043 1018 2092 in
1042 2041 1152 2111 fide
1181 2040 1433 2092 Ecclesia·
1462 2040 1740 2101 Romana,
1774 2039 1959 2111 ltujm,
1998 2042 2197 2110 inquie-

333 2132 450 2191 bat,
491 2131 742 2198 caeemplo
777 2148 1009 2198 pravam
1045 2147 1250 2180 onmem
1287 2130 1635 2197 disciplinam
1668 2129 2044 2196 profliyamus.
2099 2125 2198 2180 Inl-

334 2228 540 2291 perator
565 2217 684 2271 licet
711 2215 1011 2270 catholicum
1046 2215 1258 2269 haberet
1284 2213 1695 2268 Alexandrinum
1720 2211 2024 2286 Episcopum
2042 2254 2055 2280 ‚
2095 2233 2196 2268 11011

331 2318 502 2360 tamen
530 2305 923 2360 Alexandrinae
950 2302 1218 2358 Ecclesiae
1257 2304 1403 2358 fidem
1440 2314 1697 2374 tamquam
1725 2302 1990 2375 exemplar
2014 2323 2196 2376 propo-

332 2397 463 2462 suit,
503 2395 591 2450 sed
628 2393 946 2460 Romanam,
985 2412 1134 2465 quam
1172 2411 1283 2447 cum
1321 2392 1451 2446 idem
1490 2390 1876 2446 Alexandrinus
1913 2389 2197 2465 Episcopus

333 2493 660 2555 sequeretur,
702 2482 978 2536 catholicus
1015 2491 1128 2535 erat
1167 2491 1217 2534 et
1257 2482 1553 2534 habebatur.
1608 2477 1738 2533 Cum
1773 2498 1897 2533 vero
1937 2481 2059 2534 fides
2087 2479 2197 2534 Ro-

331 2590 483 2626 mana
511 2572 612 2624 alia
637 2588 741 2623 non
778 2569 873 2635 sit,
913 2569 1012 2622 nisi
1041 2587 1102 2622 ea
1139 2587 1288 2639 quam
1314 2566 1579 2620 Romanos
1615 2564 1673 2619 S.
1702 2564 1895 2620 Petrus
1921 2567 2118 2634 docuit,
2147 2580 2197 2622 et

332 2679 480 2732 quam
508 2658 565 2714 S.
588 2657 735 2712 Petri
763 2675 1087 2711 successores
1115 2657 1176 2710 ab
1205 2676 1266 2711 60
1294 2666 1552 2728 acceptam
1579 2654 1760 2707 docent
1786 2664 1837 2708 et
1861 2656 2194 2727 profitentur3

332 2749 610 2803 Damasum
638 2757 741 2800 tum
768 2745 1026 2799 viventem
1052 2743 1336 2818 Imperator
1362 2743 1645 2798 nominavit
1685 2762 1746 2797 eo
1776 2743 1986 2797 consilio
2002 2784 2015 2810 ,
2051 2754 2106 2797 ut
2133 2745 2194 2798 ad

332 2839 438 2909 ejus
474 2837 620 2891 fidem
657 2845 708 2888 et
744 2833 1146 2887 communionem
1183 2843 1394 2887 cunctos
1443 2832 1651 2906 populos
1703 2831 1908 2904 speciali
1946 2832 2194 2904 primatus

329 2924 721 2999 praerogativa,
761 2922 814 2975 in
847 2920 1061 2974 unitatis
1087 2921 1260 2993 utique
1285 2922 1498 2987 bouum,
1539 2930 1837 2986 revocaret,
1877 2921 2194 2990 quemadmo-

330 3015 444 3067 dum
469 3013 699 3067 laudatus
726 3008 1068 3065 Gothofredus
1105 3009 1168 3060 ab
1208 3008 1517 3064 adversariis
1555 3026 1657 3060 non
1697 3007 2091 3061 contemnendus
2119 3010 2193 3062 fa—

331 3103 425 3156 teri
453 3101 640 3156 debuit.
695 3099 842 3154 Hanc
870 3098 1004 3153 enim
1030 3097 1166 3150 inter
1194 3106 1392 3150 ceteras
1419 3095 1686 3149 Romanae
1714 3094 1849 3148 sedis
1874 3097 2195 3168 praerogati-

331 3210 422 3245 vas
458 3209 529 3246 ex
567 3192 662 3244 hac
703 3188 817 3261 lege
851 3187 1102 3243 eruendas
1142 3194 1322 3256 quarto
1359 3185 1470 3238 loco
1510 3183 1706 3256 posuit,
1759 3203 2012 3237 summam
2050 3188 2192 3238 inter

334 3281 639 3350 Episcopos
670 3278 956 3348 Pontificis
982 3276 1220 3328 Romani
1245 3277 1560 3345 diynitatcm
1589 3280 1640 3326 et
1666 3276 2038 3327 auctoritatem
2066 3293 2192 3326 sem-

326 3386 432 3438 per
453 3369 657 3437 fuisse,
693 3374 854 3438 atque
882 3367 1006 3418 ideo
1036 3361 1189 3438 (nota
1215 3359 1660 3433 consequentiam)
1701 3363 1777 3414 ad
1810 3367 1922 3435 ejus
1954 3364 2117 3432 fidem
2141 3369 2193 3415 et

331 3458 751 3510 communionem
785 3457 1122 3524 potissimum
1155 3458 1526 3524 provocatum.
1596 3446 1725 3518 Quis
1759 3459 1875 3522 post
1910 3448 2040 3503 tanti
2073 3449 2189 3514 viri,

334 3544 417 3616 qui
453 3541 645 3598 nemini
684 3552 947 3614 suspectus
995 3559 1110 3596 6336
1144 3549 1338 3613 potest,
1387 3538 1757 3600 testimonium,
1798 3536 2191 3593 Theodosianae
