2314 3984
316 325 516 383 ratione
552 326 826 399 primatus„
856 325 1145 384 .‚-Promissa
1161 325 1565 408 wexffisshristi,
1605 347 1739 400 quae
1779 326 2162 401 explicavimus,

314 412 532 469 factas.
559 412 749 479 Petro,
785 422 837 468 et
861 414 1244 476 successorihus
1283 416 1403 487 ejus·
1419 425 1616 496 vaptata
1632 415 1904 473 traditione
1929 413 2162 478 Patrum,

314 502 399 573 qui
426 501 609 555 idcirco
631 499 916 556 Romanam
940 501 1087 556 fidem
1110 502 1379 561 immotam,
1395 512 1446 559 et
1470 503 1854 563 indefectibilem
1879 503 2161 567 adstruunt,

314 607 483 643 nonne
510 589 668 642 multo
696 589 978 646 evidentius
1015 590 1144 650 hanc
1180 589 1552 644 infallibilitatis
1587 591 1997 664 praerogativam
2024 590 2164 644 Pon-

312 676 480 730 tificiis
519 676 890 732 definitionibus
925 677 1219 733 vindicant?
1293 674 1427 746 Quid
1459 679 1522 732 ad
1560 667 1925 751 Theologicam
1960 679 2164 733 demon-

314 764 1047 829 strationem,constituendam
1073 765 1351 820 desiderari
1377 765 1590 839 amplius
1617 769 1818 838 potest?

459 854 550 910 47.
592 851 739 922 Quod
765 853 810 907 si
836 854 993 909 adhuc
1021 854 1303 910 adversarii
1331 853 1684 926 antiquitatem
1703 853 1986 915 laudanteS,
2013 871 2166 923 quae-

313 943 530 996 stionem
557 943 616 997 de
641 942 996 997 infallibilitate
1018 942 1323 998 Pontificum
1339 984 1352 1009 ,
1382 962 1510 1014 quae
1539 942 1668 1015 apud
1695 941 1928 1011 antiquos
1955 959 2025 995 ex
2050 960 2166 1014 pro-

312 1031 477 1103 posito
516 1031 710 1103 agitata
748 1049 851 1084 non
878 1032 1080 1103 legitur,
1107 1033 1286 1085 nolunt
1313 1031 1590 1096 discutere,
1620 1039 1949 1102 praetereant
1972 1048 2063 1102 per
2089 1049 2168 1083 me

311 1119 455 1186 licet,
484 1120 597 1172 dum
622 1119 675 1172 in
701 1119 854 1192 praxi
880 1138 968 1173 eos
995 1120 1272 1175 imitentur.
1327 1117 1544 1188 Quoties
1582 1117 1714 1172 enim
1752 1118 1918 1188 aliqua
1945 1117 2165 1172 definitio

312 1208 600 1279 dogmatica
626 1226 654 1261 e
681 1206 918 1260 Romana
945 1209 1063 1265 sede
1090 1208 1363 1271 emanavit,
1390 1208 1528 1260 illam
1554 1206 1726 1260 statim
1752 1225 1950 1278 semper
1978 1207 2038 1259 ab
2066 1204 2167 1259 Ec-

313 1295 467 1348 clesia
501 1304 554 1348 et
590 1296 650 1346 ab
677 1294 942 1348 Ecclesiae
979 1295 1096 1348 filiis
1131 1295 1586 1367 obsequentissime
1623 1301 1909 1365 susceptam
1936 1293 2166 1364 legimuS,

312 1400 475 1452 neque
495 1381 720 1454 potuisse
741 1401 1039 1452 quemquam
1059 1382 1119 1434 de
1142 1400 1202 1435 ea
1222 1382 1497 1453 ambigere,
1521 1390 1607 1433 aut
1626 1381 1786 1452 ipsam
1808 1380 1951 1449 quasi
1972 1380 2167 1434 dubiam

313 1470 541 1525 examini
567 1469 815 1542 subjicere
832 1510 845 1535 ,
885 1468 984 1522 nisi
1010 1471 1143 1522 forte
1170 1469 1231 1521 ad
1257 1469 1534 1522 monendos
1551 1508 1564 1533 ‚
1606 1477 1656 1521 et
1683 1467 2053 1522 convincendos
2082 1469 2168 1522 du-

311 1558 563 1624 bitanteS,
604 1567 658 1610 ut
687 1558 748 1610 ad
773 1558 1020 1611 unitatem
1048 1558 1270 1630 ejusdem
1295 1557 1410 1610 fidei
1437 1555 1697 1611 catholicis
1735 1557 1966 1610 omnibus
1993 1576 2169 1612 neces-

314 1647 502 1700 sariam
529 1656 924 1713 revocarentur,
966 1646 1284 1716 antiquorum
1322 1645 1570 1717 exemplis
1609 1644 1768 1698 fusius
1794 1646 2068 1718 propositis
2094 1646 2168 1700 vi-

315 1735 491 1789 dimus.
545 1733 687 1789 Haec
724 1735 895 1806 itaque
932 1735 1152 1787 illustria
1192 1745 1243 1788 et
1278 1733 1544 1788 notissima
1580 1733 1899 1804 antiquorum
1936 1736 2170 1807 exempla

313 1820 570 1876 imitantes
609 1825 775 1876 nost-ri
812 1824 1046 1878 catholici
1082 1823 1312 1893 doctique
1349 1822 1658 1887 adversarii,
1698 1822 1782 1892 qui
1810 1823 2032 1876 eamdem
2057 1822 2169 1875 fidei

314 1911 559 1965 unitatem
587 1930 697 1965 cuni
726 1910 992 1965 Romanae
1020 1912 1155 1965 sedis
1194 1912 1289 1965 fide
1326 1910 1523 1984 penitus
1551 1911 1891 1964 necessariam
1921 1921 2169 1982 coguntur

314 1999 481 2065 fateri,
509 1999 590 2065 iis,
619 2018 750 2070 quae
777 1999 1004 2065 edentur,
1032 1997 1319 2053 Pontificiis
1346 1998 1563 2054 decretis
1592 1998 1727 2052 circa
1752 1998 1866 2052 fidei
1893 1998 2170 2052 doctrinam

313 2098 541 2160 prompte
569 2089 922 2159 obsequentes,
951 2087 1119 2142 dicant
1141 2107 1251 2142 cum
1266 2087 1508 2141 Patribus
1531 2084 2024 2140 Calchedouensibus
2042 2086 2168 2159 (vid.

315 2196 421 2250 cap.
455 2177 540 2230 13.
570 2196 620 2229 n.
638 2177 790 2247 67.);
818 2176 1122 2230 Auatltcma
1151 2181 1216 2239 ei,
1244 2181 1337 2247 qui
1362 2197 1469 2230 uon
1499 2180 1576 2230 ita
1603 2178 1789 2229 credit.
1847 2177 2044 2229 Petrus
2063 2197 2170 2246 per

314 2265 386 2318 N.
417 2284 669 2318 summum
708 2267 1028 2338 Pontificem
1075 2268 1325 2336 loquutus
1363 2274 1454 2319 est.
1530 2264 1719 2318 Dicant
1770 2284 1878 2318 cum
1914 2263 1970 2317 S.
2010 2262 2169 2318 Petro

316 2350 643 2426 Chrysologo
674 2352 868 2427 (Epist.
900 2355 960 2408 ad
986 2352 1206 2426 Eutych.
1236 2354 1355 2410 Vid.
1387 2373 1495 2426 sup.
1527 2373 1634 2427 cap.
1668 2353 1753 2407 13.
1785 2372 1834 2405 11.
1866 2351 2016 2422 720:
2048 2354 2169 2417 His,

316 2462 453 2511 quae
482 2464 515 2495 α
543 2445 846 2495 beatissimo
878 2443 1042 2511 Papa
1071 2444 1354 2496 Romanae
1382 2446 1612 2496 civitatis
1641 2446 1849 2511 scripta
1878 2449 2027 2503 sunt,
2055 2442 2170 2493 obe-

315 2533 523 2582 dienter
551 2533 829 2591 attendas3
867 2533 1121 2599 quoniam
1147 2530 1222 2581 B.
1255 2531 1483 2591 Petrus,
1511 2534 1603 2600 qui
1627 2534 1682 2582 iu
1701 2531 1940 2598 propria
1968 2531 2092 2582 sede
2121 2538 2172 2582 et

313 2622 442 2670 vivit
467 2626 519 2670 et
535 2620 836 2688 praesidet,
855 2624 1110 2686 pra-estat
1135 2619 1511 2687 quaerentibus
1535 2621 1669 2689 fidei
1695 2620 1984 2670 veritatem.
2027 2613 2169 2684 Quod

315 2705 360 2759 si
387 2705 584 2775 quidam
606 2724 675 2758 ex
695 2705 975 2778 pertinacia
1000 2705 1238 2758 tumultus
1261 2705 1506 2771 excitent,
1536 2706 1704 2758 dicant
1726 2724 1835 2758 cum
1850 2703 2168 2777 Augustino:

318 2797 448 2848 lude
486 2798 756 2863 rescripta
794 2802 1077 2855 venerunt‚·
1117 2814 1282 2847 causa
1316 2797 1474 2864 finita
1515 2802 1616 2847 est:
1659 2797 1863 2847 utinam
1891 2814 2047 2847 error
2076 2796 2169 2847 ale?-

318 2885 535 2953 quando
557 2885 819 2953 finiatur!
865 2880 934 2935 Et
959 2881 1238 2948 rationem,
1277 2882 1321 2936 si
1346 2882 1534 2947 velint,
1575 2892 1776 2935 sumant
1815 2898 1884 2934 ex
1923 2880 2009 2934 illa
2036 2884 2170 2953 ejus-

320 2971 430 3023 dem
455 2968 734 3041 Augustini
761 2970 1044 3036 sententia,
1083 2990 1178 3041 qua
1215 2972 1274 3025 de
1302 2971 1522 3042 ejusdem
1561 2971 1694 3024 sedis
1731 2968 2054 3022 indefectibili
2083 2970 2168 3022 do-

320 3058 486 3111 ctrina
524 3058 654 3112 haud
694 3059 1040 3131 ambigendum
1075 3060 1376 3124 ostendenS,
1429 3058 1558 3110 dixit
1597 3056 1717 3129 (Ps.
1758 3066 1936 3109 contra
1974 3067 2167 3128 partem

320 3145 565 3220 Donati):
605 3149 732 3217 Ipsa
759 3156 838 3202 est
855 3156 1048 3218 petra,
1089 3168 1249 3219 quam
1287 3167 1393 3200 nou
1436 3149 1651 3198 vincunt
1677 3146 1940 3214 superbae
1969 3149 2167 3214 infero-

319 3255 437 3288 rum
457 3244 684 3306 portae:
711 3237 793 3291 vel
819 3254 889 3290 ex
914 3236 1015 3290 illis
1043 3234 1424 3290 concinentibus
1453 3231 1511 3286 S.
1541 3232 1843 3305 Hieronymi
1881 3231 2075 3305 (Epist.
2106 3235 2164 3286 ad

320 3321 655 3396 Damasum):
704 3327 882 3395 Super
925 3326 1066 3380 lianc
1098 3332 1315 3395 petram
1341 3324 1678 3392 aedificatam
1708 3323 2008 3374 Ecclesiam,
2034 3325 2163 3374 scio.

318 3409 407 3466 Ex
435 3430 530 3483 quo
560 3413 719 3484 repeti
746 3423 983 3486 poterunt
1022 3413 1173 3469 etiam
1209 3412 1294 3467 illa
1333 3411 1391 3464 de
1430 3409 1607 3481 quovis
1634 3409 1908 3475 I’ontifice,
1948 3428 2072 3479 quae
2110 3410 2166 3462 dc
