2314 3984
930 211 1592 270 ——2976—

333 399 458 436 vcro
475 422 489 448 ,
525 399 662 453 quae»
690 380 984 434 incumbunt
1017 379 1284 454 promissis
1299 380 1528 450 divinis,
1557 381 1670 437 Deo
1697 381 1824 436 satis
1849 379 2188 455 prospiciente

331 487 400 524 ‘ne
425 469 542 540 quid
567 466 760 522 erroris
786 468 998 541 obrepat
1013 507 1029 534 ,
1056 477 1108 523 et
1132 486 1198 522 ne
1224 467 1342 539 quid
1366 469 1653 538 omittatur,
1677 473 1762 526 vel
1786 470 1942 536 desit,
1969 469 2099 540 quod
2126 469 2186 526 ad

332 557 601 612 veritatem
629 556 1031 628 cognoscendam
1068 574 1128 610 ac
1153 555 1483 611 definiendam
1502 559 1824 629 requiratur.
1875 557 2010 612 Hinc
2035 556 2186 611 etiam

333 654 494 698 metus
521 645 694 698 eorum
719 644 1004 708 retunditur
1019 684 1034 711 ,
1077 644 1162 716 qui
1199 645 1371 699 dicunt
1403 663 1512 700 rem
1537 646 1738 719 plenam
1770 646 1981 720 periculi
2003 644 2187 699 infalli-

334 732 579 786 bilitatem
603 732 656 786 in
683 731 976 787 definiendis
1003 733 1371 790 controversiis
1397 733 1510 788 fidei
1534 733 1682 787 unius
1709 731 1972 798 Pontificis
2010 750 2187 806 perso-

334 840 430 875 nae
458 821 755 887 attribuere,
782 840 911 892 quae
936 840 1027 895 pro
1054 821 1220 893 aliquo
1246 821 1555 895 praejudicio
1579 822 1664 878 vel
1689 821 1871 875 affectu
1894 829 2070 893 posset
2095 820 2187 873 ali-

335 909 535 980 quando
561 908 849 982 opinionem
874 910 1040 964 minus
1064 929 1264 978 veram,
1292 929 1440 982 quam
1466 910 1519 963 in
1546 910 1765 963 animum
1790 908 2074 974 induxerit,
2101 926 2189 962 ve-

337 997 430 1050 luti
457 1006 650 1050 certum
676 998 859 1070 dogma
884 998 1108 1053 definire.
1161 999 1229 1053 Hi
1255 1001 1510 1073 profecte,
1548 999 1632 1071 qui
1667 999 1725 1052 id·
1751 998 1935 1052 timent
1960 997 2190 1052 conside-

336 1095 451 1139 rata
476 1085 623 1139 unius
650 1084 916 1142 Pontificis
941 1106 1193 1161 persona,
1233 1088 1550 1142 definitiones
1578 1086 1890 1159 dogmaticas
1917 1085 2189 1140 metiuntur

337 1173 554 1227 humano
581 1193 751 1243 more,
787 1194 882 1230 nec
917 1175 1145 1248 cogitant
1182 1176 1420 1249 dogmata
1443 1176 1556 1230 fidei
1581 1193 1696 1230 esse
1721 1194 1829 1228 rem
1857 1174 2101 1240 divinam,
2139 1184 2190 1227 et

334 1263 736 1316 infallibilitatem
773 1262 1123 1316 Romanorum
1161 1262 1464 1318 Pontificum
1505 1263 1688 1319 divinis
1726 1262 1990 1336 promissis
2028 1261 2188 1316 Petro

335 1349 482 1404 factis
508 1368 567 1403 ac
591 1350 865 1403 traditione
892 1351 1222 1403 confirmante
1249 1351 1312 1402 ad
1337 1368 1660 1404 successores
1687 1353 1796 1423 ejus
1821 1368 1924 1402 una
1949 1367 2062 1402 cum
2088 1349 2190 1420 pri-

337 1448 475 1491 matu
500 1437 743 1492 traductis
769 1436 945 1503 inniti,
985 1436 1303 1508 divinamque
1329 1437 1698 1511 providentiam
1722 1436 1880 1493 variis
1907 1446 1958 1490 et
1983 1436 2190 1490 occultis

338 1526 497 1580 modis
535 1545 686 1599 posse
726 1527 951 1592 efficere,
989 1535 1040 1580 et
1075 1527 1169 1598 (ne
1208 1524 1409 1580 divinae
1446 1525 1811 1598 promissiones
1849 1525 1952 1578 sint
1983 1523 2190 1597 irritae)

338 1626 478 1669 certo
505 1616 815 1677 affecturam‚
840 1624 897 1667 ut
923 1613 967 1668 si
994 1613 1079 1685 qui
1104 1612 1380 1668 Pontifices
1406 1632 1499 1686 pro
1527 1614 1694 1685 aliqua
1718 1613 2190 1688 praeoccupatione,

339 1714 424 1757 aut
451 1705 631 1758 affectu
668 1704 859 1759 vellent
894 1702 1078 1773 aliquid
1115 1703 1298 1756 falsum
1325 1701 1562 1768 definire,
1600 1702 1681 1756 vel
1707 1711 1902 1755 mutent
1927 1701 2191 1755 consilium

338 1792 747 1863 contrariumque
781 1791 1045 1857 definiant,
1089 1792 1172 1845 vel
1207 1810 1237 1845 a
1276 1790 1554 1844 definiendo
1594 1790 1929 1863 impediantur
1967 1790 2190 1854 omnino,

337 1881 419 1934 vel
446 1880 800 1934 contineantur
837 1880 972 1934 inter
997 1898 1171 1934 eorum
1196 1879 1513 1933 decretorum
1541 1878 1724 1933 limites
1741 1919 1755 1946 ,
1791 1897 1918 1950 quae
1945 1877 2190 1932 definitio-

342 1987 432 2023 nes
460 1988 561 2023 non
589 1979 722 2023 sunt.

1167 2085 1216 2154 §-
1255 2082 1370 2139 vu.

343 2205 567 2250 Quatenus
598 2205 872 2256 praesumpti
904 2207 944 2245 et
975 2201 1127 2253 objecti
1158 2213 1323 2242 errores
1355 2198 1607 2252 Pontificum
1637 2212 1726 2242 non
1757 2201 2007 2253 pertineant
2038 2201 2096 2241 ad
2118 2200 2190 2240 de-

332 2263 562 2315 finitiones
585 2263 711 2315 fidei.
774 2265 871 2307 Duo
903 2265 970 2306 vel
1002 2265 1090 2305 tria
1122 2263 1390 2310 molestiora,
1435 2275 1546 2316 quae
1577 2262 1815 2315 praecipue
1847 2265 2065 2314 tamquam
2100 2262 2188 2302 evi-

341 2326 539 2367 dentiora
572 2330 858 2379 opponuntur
889 2337 1081 2368 errorum
1107 2324 1248 2376 facta,
1281 2335 1479 2375 expresse
1499 2323 1718 2365 solvenda.
1771 2322 1962 2363 Primum
1989 2323 2040 2364 de
2061 2324 2192 2375 lapsu

1035 2388 1079 2430 S.
1113 2385 1232 2426 Petra·
1264 2386 1501 2436 exptosum.

488 2494 575 2548 26.
626 2494 722 2547 His
759 2494 1053 2565 praemissis
1097 2494 1322 2565 objectos
1371 2509 1576 2545 errores
1612 2491 1915 2545 Pontificum
1961 2491 2191 2563 disjicere

343 2599 444 2634 non
471 2580 665 2634 difficile
691 2581 858 2634 fuerit.
913 2580 1096 2635 Plures
1134 2599 1205 2635 cx
1238 2579 1335 2633 illis
1374 2597 1579 2633 errores
1605 2580 1725 2634 facti
1749 2581 2072 2652 praeferunt,
2111 2580 2192 2634 vel

336 2668 519 2741 judicia
555 2669 691 2722 circa
724 2688 971 2741 personas
1008 2679 1234 2735 tautum,
1278 2686 1349 2722 ex
1383 2667 1590 2738 quibuS,
1629 2669 1726 2723 etsi
1763 2687 1867 2722 non
1903 2667 2046 2740 pauci
2072 2686 2193 2721 con-

341 2777 470 2827 grua
495 2757 836 2829 explicatione
872 2759 934 2812 ab
974 2758 1167 2812 erroris
1204 2766 1327 2810 nota
1350 2755 1598 2810 vindicari
1637 2766 1850 2827 queant3
1889 2774 1997 2809 cum
2022 2765 2192 2810 tamen

343 2847 404 2899 ad
430 2844 743 2899 definitiones
770 2845 884 2899 fidei
909 2846 1112 2920 proprie
1139 2845 1300 2900 dictas
1327 2864 1645 2915 nequaquam
1671 2854 1902 2918 spectent
1918 2885 1931 2910 ,
1966 2844 2019 2897 in
2046 2863 2194 2916 prae-

344 2935 478 2989 senti
514 2933 866 2988 controversia
899 2952 994 2987 nec
1030 2933 1506 2988 commemoratione
1544 2933 1799 3004 indigent,
1849 2951 1947 2986 nec
1980 2951 2190 3003 respon-

346 3025 506 3078 sione.
559 3021 668 3076 Soli
695 3041 926 3088 erroreS,
953 3022 1038 3093 qui
1064 3021 1201 3077 circa
1224 3023 1369 3076 fidem
1395 3030 1740 3093 opponuntur,
1768 3020 1821 3072 in
1847 3038 1980 3086 rem,
2008 3020 2068 3072 de
2095 3038 2190 3090 qua

345 3112 565 3184 agimus,
606 3110 956 3165 considerandi
991 3119 1136 3177 sunt,
1178 3119 1230 3163 et
1267 3108 1510 3179 siquidem
1548 3108 1649 3174 illi,
1692 3108 1777 3179 qui
1804 3107 1986 3180 majori
2013 3119 2194 3162 conatu

345 3200 487 3271 quasi
522 3198 742 3253 omnium
789 3197 1153 3253 evidentissimi
1201 3197 1262 3250 ab
1302 3195 1610 3251 adversariis
1657 3195 1987 3269 ingeruntur,
2037 3197 2192 3269 inepti

347 3306 555 3361 prorsus
583 3298 633 3342 et
658 3287 836 3341 inanes
863 3285 1201 3341 demonstrari
1227 3294 1442 3356 queant,
1484 3283 1613 3337 haud
1641 3304 1766 3357 opus
1806 3284 1903 3339 erit
1929 3284 1982 3337 in
2010 3284 2193 3338 ceteris

346 3377 617 3430 levioribus
645 3387 695 3431 et
719 3374 1096 3442 infirmioribus,
1123 3374 1205 3446 qui
1224 3367 1417 3427 facilius
1438 3372 1695 3445 dijudicari
1717 3383 1980 3448 poterunt,
2007 3371 2192 3425 diutius

346 3463 592 3518 distineri.
646 3462 927 3536 Episcopus
954 3461 1257 3528 MeldensiS,
1295 3461 1377 3532 qui
1405 3460 1458 3513 in
1486 3462 1728 3535 ejusmodi
1767 3460 2025 3516 erroribus
2054 3460 2192 3513 colli-

346 3552 522 3623 gendis
550 3561 599 3605 et
627 3550 932 3605 inculcandis
968 3551 1202 3606 exactius
1239 3549 1514 3615 laboravit,
1554 3548 1782 3604 scribens
1811 3551 2191 3604 Meditationes
