2320 3990
706 190 1357 293 *1374—

124 408 468 466 uns-Eouesiis
510 405 621 478 pelli
658 405 828 477 jubet,
877 404 959 474 qui
997 403 1291 476 Theophili,
1341 402 1574 468 Arsacii,
1611 411 1672 455 ct
1707 401 1943 477 Porphy-

122 495 185 549 tii
210 493 602 549 communionem
652 500 961 546 recusarent.
1037 488 1220 543 Tertia
1255 488 1532 543 Theodosii
1559 487 1776 559 junioris
1792 529 1806 555 ,
1844 509 1941 560 qua

122 597 209 634 cos
246 577 472 632 similiter
513 578 573 630 ab
610 577 834 630 ecclesiis
873 576 1136 630 exturbari
1173 577 1306 641 vult,
1345 576 1429 646 qui
1464 593 1574 629 cum
1606 573 1805 630 Joanne
1830 576 1942 628 An-

123 665 352 719 tiocheno
401 664 493 735 (in
528 664 753 735 synodic.
791 664 1032 718 adversus
1072 660 1296 733 Traged.
1335 660 1534 715 Iraenei
1568 658 1611 714 c.
1643 661 1806 731 143.)
1851 682 1941 718 ne-

121 770 362 822 quaquam
401 750 837 804 communicarent.
913 748 987 799 At
1024 746 1121 799 alia
1161 765 1242 800 res
1282 756 1388 812 est,
1425 747 1469 799 si
1503 747 1562 800 de
1599 748 1942 803 communione

123 858 231 891 eum
268 837 522 891 catholicis
555 837 606 890 in
641 834 924 908 particulari
971 842 1178 904 agatur,
1226 833 1323 885 alia
1361 852 1483 887 vero
1521 832 1565 887 si
1599 834 1658 887 de
1697 834 1941 889 catholica

126 924 467 978 communione
511 922 785 977 universim
820 919 1146 973 discernenda
1189 937 1353 972 sermo
1393 920 1476 972 sit.
1529 919 1585 973 In
1620 920 1778 992 primo
1824 939 1943 975 casu

123 1010 398 1063 communio
425 1012 657 1081 cujusque
682 1006 910 1061 catholici
936 1003 1206 1078 Episcopi,
1233 1016 1382 1078 prout
1408 1006 1637 1078 specialis
1665 1008 1794 1061 ratio
1811 1048 1826 1073 ,
1863 1009 1943 1062 vel

123 1096 318 1149 occasio
343 1095 613 1158 incideret,
640 1093 865 1146 sufficere
890 1101 1116 1164 poterat:
1153 1103 1203 1146 et
1228 1092 1300 1145 ita
1323 1093 1375 1145 in
1400 1093 1561 1145 tribus
1587 1093 1792 1164 objectis
1820 1094 1943 1164 legi-

120 1183 240 1246 bus,
268 1199 354 1234 cur
379 1199 550 1234 eorum
575 1189 766 1233 tantum
792 1177 1152 1251 Episcoporum
1180 1180 1365 1232 mentio
1392 1179 1562 1243 lieret,
1590 1178 1822 1249 specialis
1849 1197 1942 1231 ex-

121 1267 222 1319 titit
247 1285 413 1320 causa.
452 1265 574 1319 Lex
600 1284 630 1318 a
654 1264 944 1318 Theodosio
971 1267 1159 1336 majore
1186 1276 1298 1338 post
1327 1264 1941 1336 Constantinopolitanam

123 1354 363 1424 synodum
390 1353 546 1418 edita,
574 1362 624 1405 et
649 1353 710 1405 ab
739 1352 909 1405 eodem
938 1352 1248 1423 subscripta,
1289 1354 1348 1405 ad
1376 1372 1599 1405 normam
1629 1353 1835 1404 canonis
1863 1371 1943 1405 se-

123 1439 265 1491 cundi
291 1439 470 1510 synodi
504 1439 722 1509 ejusdem
759 1448 942 1491 exacta
976 1438 1093 1503 fuit,
1130 1438 1182 1490 in
1209 1458 1303 1508 quo
1331 1439 1457 1492 sicut
1494 1458 1582 1510 pro
1611 1437 1941 1491 Orientalium

123 1534 312 1576 tantum
339 1524 660 1578 ecclesiarum
693 1524 934 1595 regimine
971 1526 1029 1578 de
1056 1524 1268 1595 quinque
1295 1524 1517 1579 Orientis
1542 1525 1814 1597 provinciis
1841 1536 1942 1579 sta-

123 1621 280 1662 tutum
306 1612 495 1675 fuerat,
534 1610 605 1663 ita
630 1610 712 1663 ille
739 1629 825 1663 eos
851 1621 1044 1664 tantum
1072 1613 1245 1664 harum
1271 1612 1639 1683 provinciarum
1664 1611 1942 1685 Episcopos

121 1693 390 1748 catholicos
415 1697 747 1748 recensendos
774 1697 946 1762 duxit,
989 1699 1302 1767 cum‘quibus
1329 1698 1781 1750 communicandum
1809 1710 1944 1752 esset

121 1782 179 1833 ab
206 1781 293 1846 iis,
322 1782 404 1851 qui
430 1779 685 1834 Ecclesias
723 1781 902 1834 ibidem
929 1782 1151 1853 recipere
1177 1792 1260 1835 aut
1286 1782 1506 1835 retinere
1531 1784 1745 1849 vellent,
1784 1796 1839 1838 ut
1863 1788 1942 1839 vel

121 1868 224 1939 ipse
249 1867 464 1922 Jacobus
492 1866 827 1921 Gothofredus
853 1868 1107 1921 observat.
1160 1867 1300 1921 Nihil
1326 1869 1439 1922 hinc
1467 1888 1588 1940 opus
1617 1881 1726 1923 erat
1754 1870 1943 1925 Roma-

122 1974 236 2006 num
260 1954 558 2027 Episcopum
583 1973 862 2008 memorare
878 1994 893 2019 ,
930 1957 1066 2026 cujus
1093 1965 1260 2009 tamen
1299 1956 1691 2010 communionem
1718 1959 1942 2012 nomina-

118 2052 198 2094 tos
225 2042 400 2094 ibidem
427 2041 712 2094 Orientales
738 2040 1014 2112 Episcopos
1046 2043 1213 2112 sequi,
1251 2052 1305 2094 ut
1331 2042 1431 2095 alia
1457 2043 1700 2096 anteriori
1727 2047 1942 2116 ejusdem

123 2126 443 2198 Imperatoris
495 2128 604 2197 lege
643 2137 839 2179 cautum
876 2129 1068 2190 fuerat,
1121 2129 1439 2198 exploratum
1477 2139 1601 2181 erat.
1688 2129 1853 2183 Porro
1889 2143 1943 2184 ut

122 2211 332 2265 Joannis
358 2211 661 2264 Antiocheni
701 2213 976 2265 communio
1005 2213 1278 2266 Theodosii
1307 2214 1523 2284 junioris
1552 2216 1661 2284 lege
1688 2218 1943 2290 praecipe-

124 2309 287 2363 retur,
316 2317 374 2350 ea
400 2299 662 2369 peculiaris
690 2299 862 2351 extitit
889 2300 1036 2364 ratio,
1065 2300 1193 2370 quod
1220 2299 1282 2351 iis
1308 2310 1499 2352 tantum
1527 2299 1758 2355 Nestorii
1784 2306 1943 2357 fauto-

123 2385 258 2436 ribus
296 2385 578 2456 proposita,
616 2403 703 2438 seu
745 2385 1054 2457 praescripta
1093 2396 1254 2450 esset,
1295 2387 1377 2456 qui
1413 2406 1519 2440 cum
1548 2389 1717 2441 eodem
1743 2389 1942 2444 Joanne

121 2472 180 2522 ad
207 2470 499 2523 catholicam
533 2480 586 2522 ut
614 2471 894 2523 Romanam
923 2472 1316 2525 communionem
1343 2492 1549 2527 reverso
1578 2477 1943 2531 communicare

125 2555 330 2626 amplius
357 2558 611 2610 nolebant.
666 2557 829 2610 Miror
856 2575 977 2610 vero
1007 2558 1153 2610 aliam
1181 2559 1388 2612 Arcadii
1415 2558 1741 2631 Imperatoris
1781 2564 1942 2634 legem

122 2642 343 2706 obtrudi,
380 2661 504 2711 quae
539 2643 590 2694 in
629 2643 893 2696 schismate
929 2655 1105 2697 contra
1143 2644 1199 2698 S.
1240 2645 1486 2699 Joannem
1525 2645 1943 2719 Chrysostomum

125 2725 353 2778 Romana
390 2729 729 2781 communione
767 2730 937 2780 fultum
974 2730 1076 2781 lata
1123 2732 1213 2782 fuit
1248 2733 1484 2785 adversus
1525 2733 1663 2797 illos,
1713 2736 1795 2803 qui
1835 2737 1944 2789 huic

125 2812 436 2863 sanctissimo
463 2814 571 2865 viro
599 2812 1199 2884 aConstantinopolitana
1227 2816 1342 2867 sede
1369 2817 1508 2885 pulso
1534 2828 1588 2868 ut
1615 2820 1943 2874 adhaererent

123 2906 437 2962 constanter,
467 2918 573 2950 cum
600 2899 814 2951 Arsacio
842 2900 1058 2970 ejusdem
1085 2900 1216 2952 sedis
1243 2900 1495 2965 invasore,
1525 2921 1630 2954 cum
1660 2903 1940 2977 Theophilo

124 2984 472 3036 Alexandrino
489 3023 502 3048 ,
532 2994 582 3036 et
607 2983 897 3056 Porphyrio
925 2985 1244 3039 Antiocheno
1261 3027 1274 3050 ,
1316 2987 1470 3039 eidem
1497 2986 1686 3043 Sancto
1714 2990 1940 3057 infensiS,

124 3070 483 3124 communicare
522 3071 816 3124 renuebant.
894 3070 1023 3125 Hinc
1060 3083 1222 3125 autem
1262 3092 1503 3142 quaenam
1540 3077 1768 3147 specialis
1808 3091 1942 3132 esset

127 3171 304 3218 causa,
342 3156 403 3207 ob
438 3175 581 3225 quam
619 3159 790 3210 horum
827 3158 973 3210 trium
999 3158 1362 3232 Episcoporum
1395 3163 1579 3214 mentio
1616 3163 1747 3216 facta
1774 3166 1940 3229 fuerit,

125 3239 435 3292 manifestum
462 3253 558 3295 est.
612 3242 716 3297 Cur
742 3263 863 3298 vero
894 3244 1153 3298 Romanae
1192 3246 1322 3298 sedis
1350 3250 1654 3313 communio,
1691 3269 1836 3320 quam
1863 3255 1941 3307 vel

126 3324 208 3377 isti
246 3324 302 3378 S.
342 3325 552 3380 Joannis
586 3327 935 3402 Chrysostomi
977 3333 1147 3384 hostes
1197 3332 1289 3384 sibi
1330 3332 1636 3388 retinendam
1671 3337 1938 3402 duxerunt,

126 3410 214 3464 hac
239 3412 290 3464 in
318 3431 467 3466 causa
502 3414 861 3478 inculcaretur,
898 3417 1016 3469 nihil
1057 3429 1182 3470 erat.
1238 3420 1308 3469 At
1334 3418 1384 3471 in
1411 3418 1643 3475 Gratiani
1670 3424 1780 3494 lege
1809 3444 1941 3477 com-

128 3499 402 3552 munionem
442 3519 547 3554 cum
586 3499 804 3556 Damaso
842 3503 1024 3558 idcirco
1073 3505 1224 3557 fuisse
1261 3507 1643 3578 praescriptam,
1691 3519 1741 3562 ut
1777 3529 1843 3563 ex
1884 3530 1941 3563 ea
