2314 3984
358 357 891 421 henas-dissentiendi-
915 354 1170 416 omnem
1185 359 1530 422 dimo
1546 363 1670 423 Non
1698 366 1799 422 alia
1824 366 1982 441 igitur.
2007 368 2217 424 libertas

358 448 412 505 in
437 446 656 505 recitato
669 441 867 503 neonis
893 453 1047 504 textu·
1071 445 1208 504 eirea
1233 463 1365 506 suno
1373 448 1702 522 mutinae
1727 452 2220 526 epistolas-examen

358 531 689 603 intelligenda
707 541 836 600 θεὶς
875 532 1180 605 nimiumque
1218 534 1326 605 ejus
1362 535 1894 608 vertissent-iteretur,
1931 542 2015 613 qui
2050 558 2123 597 ex
2157 561 2220 598 ea

358 621 592 678 libertate
618 620 875 680 examinis
902 622 971 680 ab.
993 640 1056 682 eo
1081 621 1313 681 concessi
1346 631 1547 682 tantum
1565 625 1916 697 imi-emedium
1944 639 1996 683 et
2023 629 2220 685 suasio·-

357 726 472 766 nem
509 707 856 767 dissidentium
871 749 885 776 ‚
934 709 1124 769 licitum
1169 709 1326 768 fuisse
1366 711 1922 789 colligemtzdubitare‚
1975 717 2221 788 aliterque

359 795 570 855 sentire.
622 794 772 855 Adeo
811 797 1017 868 quidem
1045 798 1170 858 haec
1195 798 1452 858 examinis
1489 799 1703 858 libertas
1738 802 1931 860 ineam
1951 805 2106 859 finem
2134 822 2218 860 as-

358 893 514 950 sarta,
543 883 759 942 unitatis
782 884 1146 947 necessitatem
1173 905 1277 947 non
1304 887 1547 955 destruit,
1575 898 1631 944 ut
1657 907 1921 947 assensum
1947 889 2220 946 unitatem·-

359 990 456 1043 que
493 972 837 1031 neeessariam
889 974 1059 1047 potius
1098 975 1355 1042 adstruat,
1407 985 1560 1046 atque
1595 987 1920 1050 praesumam
1974 977 2099 1036 dumx
2127 978 2222 1038 hoc

358 1078 580 1118 examen
606 1078 668 1114 eo
693 1061 922 1121 consilio
936 1081 1231 1121 concessum
1260 1064 1565 1131 affirmatur,
1603 1075 1659 1119 ut
1695 1066 1980 1122 dubitantes
2007 1065 2223 1122 aliterve

358 1149 639 1209 sentientes
665 1151 743 1207 ad
765 1154 1024 1210 unitatem
1043 1156 1204 1221 pacis
1233 1159 1287 1209 et
1305 1155 1439 1223 fidei
1465 1151 1757 1225 (catholicis
1782 1153 1957 1223 utique
1982 1171 2219 1209 necessa-

357 1236 513 1310 riam)
541 1245 890 1294 revocentur.-
918 1257 1053 1304 nam,
1081 1249 1137 1292 ut
1161 1239 1215 1297 in
1242 1239 1390 1312 epist.
1424 1240 1546 1295 101.
1578 1242 1640 1295 ad
1665 1239 1896 1297 Leonem
1925 1259 1968 1294 e.
1997 1239 2071 1306 3.,
2099 1259 2219 1296 con-

356 1326 521 1382 fessus
547 1334 628 1384 est
653 1324 926 1379 Anatolius
954 1323 1584 1398 constantinopolitanus,
1623 1329 1751 1399 apud
1775 1347 1923 1399 quem
1948 1346 2134 1382 novum
2158 1328 2218 1382 il-

357 1410 438 1470 lud
463 1428 715 1476 examen,
753 1411 816 1467 ad
843 1411 1216 1470 convincendos
1243 1413 1560 1485 ambigentes
1584 1412 1781 1469 Leonis
1817 1415 1977 1469 verba
2003 1423 2054 1469 et
2080 1432 2221 1469 men-

357 1508 459 1557 tem
485 1498 651 1556 minus
679 1509 1002 1570 assequutoS‚
1022 1501 1232 1573 jubente
1260 1501 1722 1560 coneilio-habitum
1749 1501 1871 1555 fuit:
1905 1503 2055 1572 Opus
2084 1510 2220 1564 erat,

356 1595 417 1641 ut
435 1591 488 1640 in
510 1595 692 1645 rectae
707 1590 842 1659 fidei
859 1596 1070 1645 vestrae
1091 1609 1302 1645 sensum
1329 1594 1562 1646 omnium
1586 1594 1899 1643 conveniret
1922 1592 2219 1660 intelliyen·

356 1680 458 1730 tia:
507 1674 592 1735 ubi
629 1694 739 1730 cum
778 1682 960 1730 rectae
997 1685 1205 1736 vestrae
1239 1681 1376 1747 fidei
1411 1677 1614 1734 nomine
1651 1677 1984 1748 dogmaticam
2024 1674 2220 1732 Leonis

358 1762 621 1836 epistolam
646 1762 912 1836 intelligit3
949 1773 1055 1821 tum
1090 1782 1213 1820 vei-0
1253 1782 1362 1818 cum
1390 1782 1451 1818 ea
1490 1764 1825 1821 conveniendi
1859 1764 2219 1819 necessitatem

358 1851 597 1909 omnibus
622 1849 909 1923 impositam
937 1852 1188 1923 agnoscit.

505 1939 592 1993 72.
632 1935 723 1995 Ex
749 1939 850 1992 hoc⁴
870 1957 1002 1997 novo
1031 1940 1271 1994 examine
1297 1938 1653 2013 Eutychianae
1682 1958 1866 1995 causae
1899 1941 1952 1994 in
1979 1950 2216 2006 tractatu,

357 2024 598 2099 quiapud
624 2025 924 2080 Anatolium
952 2023 1388 2084 calchedonensis
1416 2027 1617 2083 concilii
1635 2030 1785 2099 jussu
1813 2047 1921 2082 cum
1948 2027 2220 2082 dubitanti-

355 2114 447 2167 bus
475 2111 675 2169 habitus
712 2123 820 2179 est,
859 2124 912 2167 ut
950 2114 1001 2168 hi
1039 2115 1408 2172 adducerentur
1444 2115 1504 2168 ad
1534 2115 1753 2170 debitum
1780 2133 1838 2168 ac
1874 2115 2220 2169 necessarium

358 2217 647 2266 assensum,
676 2200 788 2272 quis
815 2211 954 2256 recte
981 2201 1294 2261 ratiocinans
1322 2202 1547 2275 legitime
1573 2202 1752 2257 inferri
1778 2220 1928 2275 posse
1955 2202 2219 2256 existimet

357 2288 644 2344 libertatem
683 2288 980 2345 dissensus?
1034 2290 1368 2356 Adversarii,
1408 2290 1494 2361 qui
1530 2289 1605 2343 ita
1630 2289 1864 2346 videntur
1905 2289 2220 2351 ratiocinari,

361 2376 647 2432 libertatem
704 2378 961 2435 examinis
1013 2379 1326 2435 confundunt
1373 2397 1483 2432 cum
1532 2377 1767 2432 libertate
1813 2396 2091 2432 consensus
2140 2377 2222 2432 vel

357 2464 636 2529 dissensuS,
667 2481 725 2518 ac
752 2465 796 2520 si
820 2455 924 2521 una
951 2465 1062 2520 siue
1089 2466 1254 2521 altera
1280 2477 1420 2522 stare
1447 2484 1549 2522 non
1577 2465 1756 2536 possit.
1811 2464 1988 2520 Multis
2015 2466 2076 2519 de
2103 2483 2219 2518 cau-

357 2551 428 2604 sis
456 2551 668 2606 liberum
702 2561 782 2603 est
818 2569 1004 2605 novum
1032 2569 1280 2617 examen,
1319 2552 1471 2606 immo
1512 2551 1807 2622 quandoque
1835 2551 1987 2606 etiam
2025 2561 2105 2606 est
2131 2570 2221 2606 ne-

360 2637 665 2703 cessarium,
704 2637 779 2693 uti
816 2656 927 2691 eum
970 2637 1139 2714 agitur
1174 2640 1235 2693 de
1262 2639 1469 2694 ferendo
1505 2637 1708 2711 proprio
1727 2638 1918 2709 judicio
1945 2658 2221 2712 expressa-

360 2745 455 2797 que
481 2726 845 2799 approbatione
872 2735 1022 2796 atque
1050 2727 1324 2793 sententia,
1353 2744 1482 2797 quae
1509 2726 1571 2779 ob
1600 2725 1820 2795 aliquam
1846 2724 2094 2779 rationem
2123 2726 2221 2779 uti-

360 2814 451 2880 lis,
503 2823 590 2868 aut
629 2811 923 2868 necessaria
963 2812 1225 2880 credatur,
1278 2833 1407 2886 quae
1447 2831 1572 2869 sane
1611 2813 1802 2883 absque
1842 2813 2132 2885 cognitione
2169 2822 2221 2867 et

359 2901 599 2959 examine
627 2917 811 2955 causae
838 2909 976 2955 recte
1002 2901 1127 2954 ferri
1153 2921 1255 2957 non
1281 2912 1467 2975 potest.
1520 2899 1654 2956 Hinc
1680 2900 1767 2955 illa
1794 2899 1994 2954 concilii
2020 2898 2089 2954 V.
2120 2909 2217 2954 act.

358 2989 411 3042 (3.
440 2988 621 3058 quibus
649 2987 926 3052 asseritur,
952 2988 1223 3058 generales
1250 2989 1476 3060 synodos
1504 3005 1678 3040 eamun
1706 2986 2060 3058 epistolarum,
2089 3004 2220 3055 quae

361 3076 424 3131 ab
450 3075 576 3148 ipsis
602 3075 913 3148 approbatae
937 3073 1141 3133 fuerunt
1167 3073 1268 3145 (T.
1282 3074 1334 3127 6.
1365 3070 1561 3128 Concil.
1591 3074 1686 3127 col.
1707 3072 1880 3145 1699,
1907 3074 2221 3141 comproba-

358 3167 558 3217 tionem
584 3183 693 3219 non
719 3163 1065 3232 simpliciter,
1091 3180 1191 3214 uec
1217 3164 1330 3218 sine
1358 3163 1704 3230 inquisitione
1726 3164 1955 3229 fecisse,
1988 3164 2096 3214 nisi
2114 3180 2221 3230 per

363 3255 542 3306 onmia
580 3250 952 3321 coynovissent
986 3266 1288 3304 consonare
1336 3265 1426 3303 eas
1467 3250 1803 3316 expositioni
1839 3268 1904 3301 ac
1939 3250 2221 3301 doetrinae

361 3346 671 3393 sanctorum
700 3338 958 3399 Patr-um,
991 3339 1068 3393 ad
1104 3354 1263 3407 quam
1299 3335 1523 3389 collatio
1557 3337 1715 3402 facta
1752 3342 1847 3388 est.
1901 3332 2023 3387 Non
2048 3343 2219 3387 tamen

361 3423 545 3479 idcirco
572 3424 656 3478 ubi
682 3443 871 3480 novum
897 3441 1149 3489 examen,
1175 3420 1461 3492 inquisitio,
1503 3430 1554 3474 et
1581 3420 1782 3476 collatio
1811 3439 1944 3476 nova
1969 3419 2108 3474 utilis
2135 3430 2221 3473 aut

362 3509 659 3568 necessaria
707 3510 1020 3577 instituunt-3
1068 3527 1270 3583 semper
1322 3508 1466 3564 adest
1518 3526 1802 3563 consensus
1839 3507 1920 3564 vel
1959 3507 2218 3562 dissensus
