2314 3984
824 296 995 305 --
1086 263 1219 322 387¹
1303 295 1475 304 -—-

301 439 440 479 buitur
481 434 902 487 rationeqirimatus,
945 435 1000 476 ad
1037 446 1256 488 personam
1294 434 1411 476 Petri
1451 437 1495 474 et
1524 440 1809 474 successorum
1850 433 1942 484 ejus
1971 445 2060 486 per-

300 497 422 537 tinet.
453 497 524 537 1⁷.
1640 522 1641 525 η
1720 519 1722 522 >

245 557 444 598 Centrum
472 554 643 595 unitatis
672 554 714 593 in
734 554 920 594 Romana
951 553 1051 593 sede
1081 553 1260 594 locatum
1291 563 1343 593 ex
1376 551 1528 592 celebri
1548 550 1858 593 Gallicanorum
1887 549 2060 590 formula

301 615 400 668 quid
430 613 595 654 inferat.
625 613 729 653 225.
774 613 1022 666 Explicatur
1051 625 1078 652 a
1107 613 1303 653 Fevreto.
1334 612 1438 655 232.
1469 611 1573 652 233.
1615 610 1763 662 Exigit
1793 611 2061 651 vimcoacti-

299 686 393 715 vam
422 672 474 713 ad
506 674 706 712 unitatem
747 684 839 713 cum
881 672 1026 712 eadem
1069 672 1170 711 sede
1214 676 1256 712 et
1286 672 1488 712 Romanis
1518 669 1803 711 Pontificibus.
1833 670 1940 711 226.
1979 681 2059 710 non

298 733 427 773 solius
455 732 772 781 communionis,
802 732 878 772 sed
908 733 1032 772 etiam
1063 730 1175 771 fidei.
1204 731 1310 771 226.

244 792 392 833 OEaues
419 792 545 842 regni
574 793 784 832 coelorum
813 791 940 831 Petro
970 791 1188 842 speciatim
1219 790 1400 830 traditae
1448 801 1567 841 quam
1590 788 1923 840 jurisdictionem
1953 787 2062 828 indi-

301 856 396 891 cent
434 852 633 903 primatus
673 851 907 903 propriam,
949 850 1016 889 cni
1057 854 1100 890 et
1138 851 1328 902 Apostoli
1370 850 1578 889 suberant.
1616 848 1690 887 88.
1720 848 1795 887 89.
1855 849 1941 887 Cur
1982 848 2059 887 soli

300 912 424 951 Petro
457 911 698 962 promissae.
729 910 832 950 231.
864 911 906 949 in
938 912 1051 948 nota.

242 972 286 1010 S.
320 970 559 1010 Columbani
599 970 802 1022 epistola,
852 972 895 1008 et
935 968 1140 1018 objectum
1179 978 1231 1006 ex
1262 967 1407 1006 eadem
1449 967 1648 1014 solutum,
1694 966 1892 1018 locusque
1933 966 2061 1019 expli—

242 1028 712 1128 Cofflriillisnigrgtmuitas
737 1085 953 1126 Ecclesiae
986 1085 1224 1124 necessaria
1254 1085 1511 1136 potissimum
1543 1084 1596 1123 ob
1627 1083 1827 1123 unitatem
1856 1082 1968 1124 fidei.
1987 1085 2059 1122 50.

297 1147 392 1187 Non
431 1155 631 1185 concessa
667 1156 695 1183 a
724 1145 911 1184 Romano
942 1144 1143 1183 Antistite
1187 1144 1278 1182 sine
1307 1144 1469 1182 unitate
1499 1142 1613 1183 fidei.
1643 1143 1748 1182 206.
1779 1142 1882 1182 210.
1944 1143 2060 1181 Haec

299 1204 525 1245 communio
557 1203 711 1242 litteris
742 1203 932 1243 formatis
971 1205 1013 1242 in
1044 1206 1139 1242 tota
1167 1202 1361 1242 Ecclesia
1392 1201 1531 1240 fiebat.
1564 1201 1637 1243 63.
1699 1201 1937 1240 Communio
1971 1214 2060 1241 cum

298 1265 484 1304 Romana
523 1262 660 1309 Sede,
701 1273 778 1301 seu
817 1273 907 1301 cum
946 1262 1132 1302 Romano
1173 1262 1384 1313 Episcopo
1423 1261 1677 1299 necessaria.
1716 1260 1790 1300 53.
1849 1262 1946 1302 Cur.
1987 1261 2060 1300 62.

298 1325 381 1363 Cur
410 1323 502 1373 lege
534 1321 727 1363 Gratiani
758 1322 958 1372 praelata.
993 1321 1092 1360 133.
1127 1320 1226 1360 134.
1269 1324 1311 1359 et
1343 1321 1436 1370 lege
1467 1319 1711 1362 Theodosii.
1747 1319 1846 1359 136.
1879 1320 1978 1359 item
2009 1322 2059 1358 ab

302 1382 521 1421 Aureliano
563 1382 818 1431 Imperatore
857 1381 954 1419 licet
984 1379 1179 1421 Ethnico.
1215 1379 1314 1422 139.
1378 1382 1466 1422 Quo
1506 1390 1627 1418 sensu
1667 1380 1735 1429 jus
1766 1380 2061 1418 communionis

299 1451 350 1480 ex
379 1442 565 1480 Romana
594 1439 787 1480 Ecclesia
825 1439 1034 1478 dimanare
1075 1440 1272 1491 scriptum
1314 1438 1439 1478 suerit
1479 1438 1521 1477 in
1553 1438 1688 1477 veteri
1731 1439 1906 1477 concilio
1939 1439 2063 1490 Aqui·

299 1500 457 1550 leJensi.
490 1500 588 1540 130.
622 1499 722 1538 131.

239 1559 479 1599 Communio
519 1559 693 1598 actualis
735 1559 909 1597 externa
951 1569 1040 1596 cum
1071 1556 1291 1597 Ecclesiae
1332 1567 1508 1608 corpore
1549 1568 1643 1596 num
1675 1568 1834 1607 semper
1864 1560 1961 1595 actu
1993 1567 2060 1596 ne-

301 1618 485 1658 cessaria
514 1617 566 1656 ad
599 1617 784 1656 salutem.
815 1616 921 1655 337.

241 1677 477 1717 Communio
509 1677 771 1728 Episcopalis
802 1675 1094 1726 distinguenda
1125 1688 1151 1714 a
1183 1674 1464 1714 communione
1508 1673 1736 1720 catholica,
1779 1686 1933 1725 eaque,
1978 1685 2058 1713 non

298 1737 401 1775 haec
433 1740 584 1786 negata
615 1736 783 1774 Meletio
816 1735 1074 1774 Antiocheno
1109 1747 1134 1774 a
1163 1735 1349 1773 Romano
1383 1732 1600 1772 Pontifice.
1634 1733 1737 1774 333.

240 1796 475 1836 communio
506 1795 740 1834 immediata
771 1798 814 1834 et
844 1795 1038 1834 mediata.
1069 1794 1172 1833 332.
1205 1793 1306 1832 333.

241 1855 427 1894 Concilia
457 1854 667 1905 generalia
686 1858 782 1904 post
797 1854 935 1905 Papae
969 1852 1250 1894 definitionem
1280 1851 1502 1902 aliquando
1534 1851 1656 1890 utilia
1687 1854 1729 1890 et
1762 1862 2059 1901 nonnumquam

298 1915 533 1953 necessaria
555 1914 742 1963 judicata
772 1915 957 1963 sunt‚·et
988 1915 1190 1963 quatenus
1221 1911 1264 1950 id
1293 1922 1375 1951 non
1406 1910 1666 1961 praejudicet
1690 1911 1934 1949 auctoritati
1953 1911 2060 1961 Apo-

299 1974 487 2013 stolicae.
521 1973 620 2011 180.
650 1972 754 2011 261.
806 1973 938 2012 Gesta
968 1972 1133 2011 concilii
1164 1968 1515 2010 Calchedonensis
1544 1973 1639 2020 post
1669 1969 1925 2019 dogmaticas
1955 1971 2060 2009 Leo-

298 2033 363 2071 nis
395 2033 558 2072 litteras
599 2035 800 2081 quatenus
840 2031 974 2070 eidem
1013 2031 1252 2070 auctoritati
1285 2029 1384 2068 nibil
1427 2028 1671 2079 praeJudicii
1703 2030 1944 2078 attulerint,
1986 2029 2060 2067 sed

298 2091 435 2142 potius
466 2092 548 2129 vim
590 2090 802 2140 cogendae
842 2090 1014 2128 unitatis
1058 2090 1352 2131 znnnrmarint.
1388 2088 1489 2126 188.
1523 2092 1565 2126 et
1598 2100 1713 2138 seqq.
1776 2090 1859 2126 Cur
1892 2100 2059 2127 conces-

298 2161 385 2189 sum
416 2161 564 2188 novum
595 2161 779 2195 examen,
814 2152 856 2188 et
889 2160 959 2187 cur
989 2148 1068 2188 hoc
1101 2159 1270 2187 examen
1302 2159 1382 2186 non
1415 2147 1687 2197 praejudicet.
1722 2148 1822 2185 189.
1858 2147 1958 2185 193.
1989 2148 2058 2187 Li-

298 2210 438 2248 bertas
470 2209 667 2248 examinis
708 2220 908 2248 concessa
949 2207 1037 2247 sine
1076 2208 1271 2246 libertate
1310 2205 1601 2246 dissentiendi.
1635 2205 1735 2245 192.
1797 2206 1840 2244 Id
1876 2206 2057 2257 explica-

302 2273 388 2308 tum
432 2272 474 2307 et
513 2268 729 2319 probatum
769 2267 983 2318 exemplis.
1025 2267 1083 2306 ibi
1116 2270 1158 2306 et
1190 2278 1306 2317 seqq.
1371 2267 1648 2305 oeconomiae
1688 2268 1730 2303 et
1771 2265 2057 2315 indulgentiae

301 2328 500 2366 tributum
533 2328 583 2365 ab
615 2328 705 2378 ipso
735 2328 958 2366 Bossueto.
992 2327 1091 2366 196.
1155 2326 1317 2365 Novum
1348 2336 1518 2364 examen
1549 2324 1770 2375 aliquando
1804 2325 1928 2363 etiam
1961 2337 2058 2363 con-

299 2399 456 2426 cessum
488 2390 584 2437 post
610 2387 810 2436 judicium
842 2385 1008 2426 concilii
1037 2385 1269 2436 generalis,
1312 2388 1354 2423 et
1383 2396 1479 2431 cur,
1511 2383 1601 2422 sine
1632 2383 1887 2434 praeJudicio
1919 2386 2058 2422 tamen

298 2446 427 2496 ipsius
458 2446 647 2484 concilii:
689 2446 756 2484 ubi
798 2445 848 2484 de
889 2456 998 2484 novo
1044 2445 1231 2483 examine
1272 2456 1419 2483 causae
1459 2442 1748 2494 Eutychianae
1790 2442 1985 2482 definitae
2016 2444 2056 2482 in

296 2502 637 2543 Calchedonensi.
671 2504 770 2544 192.
807 2504 906 2542 193.
967 2503 1029 2542 De
1072 2504 1259 2542 examine
1302 2515 1452 2542 causae
1484 2502 1846 2541 Monothelitarum
1889 2503 1929 2541 in
1961 2514 2059 2541 con-

226 2571 229 2576 '
298 2563 391 2602 cilio
423 2563 488 2603 VI.
528 2566 622 2613 post
654 2562 854 2613 judicium
894 2562 1106 2601 Romanae
1147 2561 1295 2613 synodi
1336 2562 1411 2599 sub
1453 2562 1498 2599 S.
1529 2561 1728 2600 Martino.
1774 2562 1874 2602 195.
1936 2561 2057 2600 Nova

296 2621 520 2672 disputatio
553 2621 772 2671 aliquando
804 2633 1002 2660 concessa
1030 2621 1287 2660 refractariis
1318 2623 1360 2660 et
1388 2632 1473 2659 cur.
1505 2620 1563 2659 ibi
1597 2621 1712 2659 196..

237 2681 508 2720 Conditiones
539 2680 644 2718 duae
676 2680 729 2718 ad
760 2678 1000 2719 eludendam
1030 2681 1322 2719 necessitatem
1350 2679 1524 2718 unitatis
1545 2691 1634 2718 cum
1655 2679 1931 2718 Romanorum
1949 2680 2060 2718 Pon-

297 2739 449 2779 tificum
478 2737 560 2777 fide
592 2738 782 2788 ingestae
812 2738 864 2776 ab
895 2737 1148 2777 adversariis
1179 2738 1438 2776 refelluntur.
1469 2738 1596 2788 253.‚
1625 2737 1780 2788 prima,
1814 2739 1850 2776 si
1882 2739 2054 2777 Romani

296 2797 522 2838 Pontifices
564 2809 615 2836 ex
655 2797 855 2837 communi
886 2796 1168 2836 Ecclesiarum
1205 2797 1431 2836 traditione
1470 2796 1592 2835 fidem
1625 2796 1816 2835 doceant.
1848 2797 1921 2834 ibi.
1952 2797 2054 2836 291.

296 2860 338 2897 in
370 2860 483 2896 nota.
515 2868 588 2896 seu
619 2857 654 2895 si
687 2856 864 2896 doceant
895 2857 935 2894 in
969 2856 1133 2895 unitate
1175 2856 1304 2895 totius
1334 2856 1565 2895 Ecclesiae.
1597 2855 1701 2894 293.
1732 2854 1836 2894 294.
1870 2857 1911 2893 in
1942 2859 2054 2895 nota.

296 2916 490 2956 Secunda
520 2915 726 2963 conditio,
770 2916 804 2955 si
837 2926 974 2955 eorum
1015 2915 1325 2954 definitionibus
1362 2915 1536 2954 accedat
1568 2923 1790 2954 consensus
1820 2914 2055 2954 Ecclesiae.

293 2977 397 3015 255.
458 2975 549 3015 Alia
580 2974 788 3022 conditio,
827 2975 863 3013 si
895 2974 1085 3014 definitio
1115 2975 1171 3013 sit
1203 2985 1253 3014 ex
1284 2974 1513 3013 traditione
1554 2974 1684 3012 totius
1726 2973 1850 3012 seriei
1881 2985 2055 3013 summo-

294 3047 380 3074 rum
412 3033 678 3086 Pontificum,
709 3034 868 3086 pariter
900 3035 1071 3084 reJecta.
1102 3033 1206 3072 254.

234 3095 469 3133 Consensus
498 3093 715 3133 Ecclesiae
746 3103 826 3132 non
858 3093 1115 3132 necessarius
1153 3091 1208 3131 ad
1250 3093 1331 3131 vim
1369 3091 1603 3131 coactivam
1635 3089 1919 3131 definitionum
1948 3092 2055 3143 Apo-

293 3153 547 3193 stolicarum.
582 3153 681 3192 187.
743 3152 891 3204 Neque
933 3152 1114 3202 exigitur
1153 3162 1379 3191 consensus
1417 3151 1558 3197 Cleri,
1602 3152 1675 3190 aut
1716 3150 1864 3201 synodi
1903 3151 2054 3196 Roma·

292 3222 384 3251 nae.
414 3212 516 3252 263.

236 3265 550 3310 contesseratio
581 3270 892 3322 hospitalitatis
921 3269 1030 3321 apud
1061 3269 1359 3309 Tertullianum
1392 3268 1488 3320 quid
1520 3268 1678 3307 innuat.
1714 3268 1814 3307 109.

235 3329 280 3369 Ρ.
315 3329 583 3368 Constantius
613 3329 905 3370 Benedictinus
936 3329 1141 3370 laudatus.
1173 3329 1247 3367 22.
1278 3329 1351 3368 25.
1387 3328 1487 3367 158.
1522 3327 1621 3367 161.
1654 3327 1755 3367 167.
1790 3327 1888 3366 182.

234 3386 379 3427 Cultus
411 3399 618 3428 sacrarum
650 3390 871 3440 imaginum
902 3401 927 3428 a
958 3388 1128 3440 Synodo
1158 3387 1271 3435 vll„
1305 3391 1348 3427 et
1377 3386 1592 3427 Hadriano
1625 3387 1656 3426 1.
1690 3386 1966 3438 approbatus:
2011 3390 2051 3424 et

293 3458 494 3498 quaenam
535 3448 575 3486 in
617 3459 668 3488 eo
710 3449 837 3488 fuerit
874 3448 1078 3488 dissensio
1111 3449 1409 3490 Germanorum
1441 3446 1830 3496 Gallicanorumque
1874 3446 2052 3497 explica-

290 3510 374 3545 tur.
406 3506 508 3546 217.

233 3566 417 3605 Cusanus
448 3565 681 3605 Cardinalis
713 3566 934 3617 allegatus.
966 3565 1068 3606 229.

1598 3627 1707 3684 ..5.
