2314 3984
918 173 1578 235 —282———-

319 350 509 401 sertam
533 338 1136 411 formulaetfflfliwfflqw
1147 335 1686 414 ‘dimo-nomnibus
1711 352 1951 404 saeculi&
1962 370 2170 421 propa-

311 437 492 501 yeme,
519 430 585 482 ab
610 430 952 482 oecumenico
979 430 1212 483 concilio
1238 440 1587 490 comem-afim
1600 441 1733 508 *quis
1758 446 1985 508 respuat
2015 439 2168 492 Chri-

315 523 519 572 stianus
533 519 557 568 ,2
601 512 735 568 Sunt
759 514 954 588 pariter
990 517 1180 571 laudati
1211 516 1458 574 Bossucti·
1475 523 1665 577 vabus·
1703 522 1924 589 Confer,
1962 545 2088 597 quae
2115 525 2168 579 in

316 606 444 659 hanc
468 603 718 658 celebrem
744 603 857 659 fidei
880 605 1248 676 professionem
1275 606 1495 662 diximus
1522 628 1645 682 cap..
1664 612 1750 666 13.
1777 632 1831 666 n.
1858 613 1947 668 82.

462 689 633 747 Sexta
658 711 856 762 quoque
881 693 1138 764 generalis
1164 694 1390 766 synodus
1425 695 1940 768 Agathonis-liaeras
1979 702 2167 775 recepit

314 793 569 853 tamquam
595 798 625 836 a
651 779 848 854 Spiritu
872 792 1052 837 sancto
1077 782 1312 850 dictatas,
1339 795 1391 839 et
1417 782 1476 838 S.
1504 783 1652 840 Petri
1676 806 1828 842 manu
1852 790 2088 862 scripum,
2115 791 2167 843 in

314 870 493 941 quibus
520 871 580 924 de
607 870 726 924 sede
751 869 1052 944 Apostoliea
1076 872 1320 926 traditur:
1352 875 1644 946 Nunquam
1669 897 1704 930 a
1729 881 1816 930 via
1842 881 2084 931 veritatis
2111 882 2167 930 in

312 961 552 1030 qzialibet
576 962 782 1012 erroris
811 967 976 1029 parte
1013 962 1232 1031 deflexa
1270 970 1375 1024 est,
1413 970 1466 1015 et
1501 984 1533 1015 a
1575 968 1789 1018 tramite
1816 963 2167 1035 Apostolieae

311 1051 622 1102 traditionis
647 1068 919 1118 nunquam
946 1068 1159 1103 errasse
1180 1052 1521 1120 probabitur,
1546 1071 1645 1104 nee
1672 1053 1962 1107 haereticis
1980 1058 2166 1123 pravi-

310 1139 506 1192 tatibus
533 1141 837 1207 depravata
861 1138 1142 1191 succubuit
1148 1158 1166 1200 3
1196 1141 1292 1192 sed
1309 1147 1371 1193 ut
1395 1141 1460 1192 ab
1489 1142 1722 1192 exordio
1743 1144 1879 1210 fidei
1910 1143 2166 1195 Christia-

307 1246 409 1279 nae
429 1229 691 1294 percepit
714 1226 781 1277 ab
821 1227 1132 1279 auctoribus
1171 1229 1280 1280 suis
1309 1225 1701 1296 Apostolorum
1735 1229 1942 1283 Christi
1963 1235 2167 1300 princi-

302 1315 494 1385 pibus,
533 1314 747 1365 illibata
783 1315 894 1381 fine
940 1320 1092 1365 tenus
1119 1322 1431 1381 permanet,
1469 1318 1630 1384 idque
1669 1320 1961 1369 seeundum
1997 1321 2166 1386 ipsius

317 1404 538 1454 Domini
567 1401 872 1455 Salvatoris
899 1402 1136 1453 divinam
1154 1403 1640 1470 pollicitationem,
1681 1405 1776 1471 qui
1807 1406 1969 1473 fidem
2010 1405 2168 1457 Petri

307 1511 416 1544 non
444 1493 757 1561 defuturam
779 1492 1054 1556 promisit.-
1094 1507 1153 1541 eo
1193 1486 1430 1541 nimirum
1469 1499 1619 1542 textu
1651 1491 1823 1543 Gravi
1855 1509 1960 1559 pro
1989 1501 2039 1545 te
2067 1503 2163 1546 etr.

309 1599 454 1651 quem
481 1578 688 1632 totidem
714 1577 886 1631 verbis
912 1577 1166 1632 recitavit.
1201 1576 1344 1630 Haec
1372 1587 1538 1630 autem
1565 1578 1724 1633 verba
1761 1577 1875 1650 (lib.
1901 1581 1950 1635 7.
1981 1581 2045 1634 al.
2080 1582 2163 1634 19.

309 1669 520 1723 DefenS.
549 1687 592 1721 c.
619 1665 740 1733 24.)
768 1668 989 1719 concilii
1016 1668 1214 1720 Patres
1242 1668 1457 1719 audisse
1485 1674 1538 1720 et
1561 1671 1858 1736 suscepisse
1883 1667 2165 1723 Bossuetus

311 1761 516 1812 fatetur.

455 1844 585 1898 Post
609 1853 715 1895 tam
740 1842 958 1895 illustria
984 1852 1036 1895 et
1063 1842 1269 1913 antiqua
1295 1843 1605 1908 testimonia,
1634 1863 1761 1915 quae
1787 1854 2039 1898 vetustam
2061 1856 2166 1898 tra-

306 1934 546 1987 ditionem
573 1932 767 1984 abunde
794 1931 1139 2003 comprobant,
1170 1930 1269 1984 alia
1290 1941 1440 2001 atque
1463 1931 1558 1985 alia
1579 1932 1828 2003 permulta
1856 1934 2163 2003 subsequen-

309 2025 431 2077 tium
459 2021 772 2075 saeculorum
790 2060 804 2086 ,
833 2037 960 2089 quae
987 2019 1212 2072 eamdem
1238 2019 1561 2072 traditionem
1590 2021 1651 2072 ad
1677 2039 1771 2073 nos
1797 2038 1956 2090 nsque
1982 2021 2160 2091 perdu-

307 2123 437 2166 ctam
465 2110 765 2173 ostendunt,
794 2108 976 2161 addere
1004 2107 1307 2179 superfluum
1335 2107 1596 2160 existimo.
1649 2106 1790 2161 Haec
1824 2126 1948 2162 vcro
1975 2108 2162 2170 omnia,

305 2220 374 2255 ex
411 2200 587 2271 quibus
628 2198 950 2270 exploratum
988 2196 1055 2249 sit
1095 2195 1331 2266 antiquos
1371 2195 1640 2249 tradidisse
1680 2195 1977 2250 catholicam
2020 2197 2163 2250 fidem

306 2308 506 2362 semper
532 2287 885 2340 intemeratam
913 2285 1069 2338 fuisse
1097 2284 1396 2339 custoditam
1422 2283 1475 2336 in
1504 2285 1621 2338 sede
1648 2282 1705 2337 S.
1734 2283 1883 2338 Petri
1910 2294 1960 2338 et
1984 2283 2037 2336 in
2063 2282 2163 2337 Ec-

303 2378 459 2432 clesia
508 2376 770 2440 Romana,
829 2375 1056 2444 hancque
1106 2372 1518 2445 praerogativam
1566 2373 1802 2426 retulisse
1853 2371 1905 2426 in
1945 2372 2039 2425 duo
2078 2373 2163 2427 illa

305 2466 499 2520 Christi
526 2464 807 2537 promissa,
838 2464 909 2515 Et
925 2470 1130 2531 portae
1158 2465 1327 2529 inferi
1351 2481 1459 2512 non
1481 2462 1878 2528 praevalebunt
1902 2470 1998 2513 etc.
2041 2460 2160 2530 Eyo

306 2563 484 2608 autem
511 2556 666 2605 oravi
686 2571 794 2620 pro
822 2559 872 2603 te
900 2559 997 2603 etc.
1029 2566 1198 2601 nonne
1225 2547 1350 2600 satis
1378 2566 1626 2619 superque
1653 2548 2030 2613 demonstrant,
2071 2566 2159 2602 eos

304 2641 576 2695 credidisse
603 2639 868 2692 Romanos
896 2636 1173 2691 Pontifices
1200 2635 1253 2688 in
1279 2635 1536 2688 tradendis
1564 2635 1675 2689 fidei
1703 2636 2018 2707 dogmatibus
2046 2654 2159 2690 esse

303 2730 588 2784 infallibiles
601 2731 625 2780 ‘3

307 2968 485 3020 Effugia
525 2967 741 3018 Episcopi
767 2965 1028 3013 Metdensis,
1061 2965 1217 3016 quibus
1249 2967 1506 3004 memoratas
1541 2962 1703 3003 Christi
1736 2961 2042 3006 promissiones
2075 2974 2154 3000 on—

363 3030 667 3082 tiquorumqae
702 3026 980 3068 traditionem
1012 3026 1218 3066 aliorsum
1255 3023 1496 3064 distrahere
1525 3026 1566 3063 et
1596 3021 1882 3072 interpretari
1913 3021 2095 3071 studuit,

1089 3082 1364 3134 rejiciuntur.

449 3175 534 3229 13.
565 3172 693 3229 Cum
722 3175 859 3228 hisce
884 3172 1147 3247 promissis
1167 3169 1361 3225 Christi
1388 3169 1805 3240 antiquorumque
1830 3168 2153 3233 testinloniiS‚

301 3282 427 3333 quac
455 3264 516 3316 ad
541 3263 873 3317 inerrantium
912 3273 963 3316 et
1001 3258 1404 3315 infallibilitatem
1445 3257 1769 3310 asserendam
1807 3256 2153 3310 efficacissima

300 3350 512 3404 vidimus
530 3392 542 3416 ‚
584 3361 902 3423 premeretur
931 3349 1220 3403 contrariae
1245 3346 1390 3400 nobis
1419 3345 1704 3400 sententiae
1730 3345 1920 3400 vindex
1959 3343 2154 3416 praeci-

299 3458 427 3512 puus
462 3438 684 3493 Jacobus
723 3439 989 3511 Benignus
1029 3439 1309 3491 Bossuetus
1348 3433 1632 3507 Episcopus
1659 3431 1967 3499 Meldensi83
2007 3441 2062 3483 ut
2091 3431 2152 3483 ab

299 3527 472 3581 iisdem
517 3546 570 3580 se
611 3545 665 3580 se
694 3527 987 3600 expediret,
1030 3526 1219 3595 aliquot
1253 3522 1702 3596 interpretationes
1745 3520 1940 3586 attulit,
1978 3519 2154 3590 quibus
