2320 3990
0 908 3 943 ι

0 1234 2 1282 ἰ

706 299 877 329 ——-
964 264 1092 326 ‘153
1185 297 1354 308 —

131 436 522 501 conveniendum
535 467 538 473 ·
553 435 648 502 sit,
683 435 910 506 quamdiu
948 436 1251 491 conveniunt
1286 452 1396 488 cum
1421 431 1682 485 Romanae
1715 433 1943 486 eumhac

127 532 291 579 anterii
315 515 582 576 convenire
608 539 802 594 semper
827 540 1037 576 necesse
1061 522 1127 575 sit
1137 547 1157 587 ,·
1173 520 1375 576 etiamsi
1400 516 1687 588 ceteraegah
1704 516 1820 588 ipsa
1838 516 1944 569 alis-

123 610 347 664 cordent.
389 607 445 660 Id
470 617 633 661 autem
660 627 718 661 eo
745 608 904 679 magis
930 609 1272 679 hoc-tempore
1296 622 1421 676 opus
1447 613 1554 668 est,
1591 619 1700 656 cum
1729 604 1836 673 jam
1853 621 1943 656 ee·

126 706 266 750 terae
301 712 474 767 omnes
500 693 829 765 Apostolicae
860 691 1121 747 Ecclesiae
1146 691 1304 746 variis
1340 689 1630 742 haeresibus
1655 689 1944 756 distractae,

125 782 186 834 ab
210 779 503 851 Apostolica
527 780 621 833 fide
642 779 931 832 defecerint.
956 775 1014 831 Si
1032 778 1172 830 >enim
1198 795 1323 831 vera
1348 773 1542 829 Christi
1563 772 1792 828 Ecclesia
1803 776 1944 847 Apo-

126 866 304 920 stolica
328 876 403 919 est
431 883 500 919 ex
525 865 617 918 fide
643 864 968 936 Apostoliea3
991 862 1114 915 fides
1141 873 1334 926 autem,
1361 871 1416 913 ut
1441 860 1510 914 sit
1533 861 1846 932 Apostolica,
1873 881 1942 916 ex

125 962 200 1005 tot
224 951 434 1005 Patrum
461 950 725 1005 sententiis
743 947 1020 1003 convenire
1046 947 1191 1000 dehet
1216 967 1326 1002 cum
1351 947 1515 1016 aliqua
1541 945 1789 1013 Ecclesia,
1817 967 1941 1018 quae

117 1041 222 1110 jam
248 1038 361 1092 inde
388 1039 448 1091 ab
474 1035 732 1109 Apostolis
766 1052 867 1087 non
904 1034 1232 1105 interruptam
1269 1032 1631 1105 Episcoporum
1667 1035 1942 1088 successio—

125 1142 238 1177 nem
276 1142 334 1177 ac
366 1122 683 1176 traditionem
721 1120 988 1186 exhibeat,
1028 1138 1136 1173 cum
1174 1121 1319 1173 modo
1353 1119 1518 1172 nullae
1545 1120 1652 1188 jam
1678 1119 1778 1171 sint
1801 1120 1943 1191 Apo-

125 1209 331 1262 stolicae
355 1207 592 1279 ejusmodi
617 1205 878 1261 Ecclesiae
903 1205 1000 1259 nisi
1026 1205 1285 1259 Romana:
1326 1223 1435 1259 cum
1470 1204 1562 1257 hac
1586 1206 1758 1275 procul
1795 1205 1940 1258 dubio

125 1294 511 1348 conveniendum
555 1293 756 1346 omnino
795 1303 898 1358 est,
938 1311 1002 1346 ne
1039 1292 1364 1365 Apostolicae
1408 1290 1520 1343 fidei
1546 1300 1666 1343 nota
1700 1309 1791 1362 per
1823 1310 1940 1344 con-

123 1380 310 1433 tinuam
347 1379 706 1451 Episcoporum
753 1379 1119 1432 successionem
1165 1396 1233 1431 ex
1282 1376 1494 1429 laudatis
1542 1374 1783 1429 Patribus
1828 1396 1943 1447 pro-

124 1467 309 1530 banda,
360 1464 617 1518 Ecclesiae
669 1483 798 1517 nunc
836 1465 1010 1517 deesse
1059 1464 1264 1516 dicatur.
1327 1462 1468 1515 Haec
1505 1461 1698 1531 quidem
1735 1481 1941 1533 praesu·

126 1561 263 1603 munt
299 1550 581 1604 Romanam
623 1549 900 1604 Ecclesiam
933 1549 1255 1622 Apostolieae
1299 1549 1412 1602 fidei
1445 1567 1504 1601 eo
1544 1547 1754 1600 Pati-iun
1793 1567 1942 1620 argu-

125 1645 291 1688 mento
316 1637 730 1690 demonstrandae
756 1636 847 1690 hoc
872 1647 1094 1708 tempore
1119 1635 1473 1699 necessariam,
1499 1634 1550 1686 in
1575 1635 1760 1687 tradita
1786 1654 1815 1687 a
1840 1634 1940 1689 Pe—

122 1730 201 1772 tro
240 1721 464 1774 doctrina
498 1739 591 1774 nec
626 1722 893 1786 defecisse,
936 1741 1028 1775 nec
1063 1723 1337 1774 defuturam
1362 1739 1622 1789 umquam,
1659 1720 1788 1773 sicut
1814 1722 1941 1774 aliae

124 1806 445 1877 Apostolicae
471 1806 837 1878 defecerunt*).
889 1806 940 1859 Id
979 1825 1173 1877 quoque
1205 1806 1257 1858 in
1297 1825 1355 1860 eo
1394 1814 1688 1876 argumento
1714 1809 1938 1876 urgendo

239 1955 284 2005 *J
316 1955 577 1996 Praeclarum
608 1956 650 1996 in
681 1956 787 1996 hanc
818 1968 904 1996 rem
955 1955 1197 1996 subnectam
1236 1955 1516 1995 testimonium
1556 1953 1738 1994 Bahanis
1769 1954 1940 1994 Patricii

123 2014 294 2054 relatum
324 2014 366 2054 in
399 2015 583 2066 generali
615 2015 801 2055 Concilio
830 2015 935 2056 VIII.
978 2018 1061 2056 act.
1093 2015 1133 2056 8.
1179 2018 1280 2054 tom.
1313 2015 1382 2056 10.
1427 2015 1554 2054 Cone.
1586 2014 1686 2054 Ven.
1729 2013 1828 2053 edit.
1862 2014 1938 2055 col.

122 2074 223 2114 612.
254 2073 322 2113 ubi
355 2074 553 2113 indicatis
591 2075 769 2125 quinque
806 2073 1160 2114 Patriarchalibus
1200 2074 1391 2120 sedibus,
1433 2074 1474 2112 in
1517 2073 1663 2124 quibus
1704 2073 1835 2112 Deum
1866 2086 1939 2125 po-

123 2135 254 2172 suisse
284 2144 398 2172 suam
429 2133 658 2173 Ecclesiam
688 2133 891 2179 affirmat,
925 2136 967 2171 et
1000 2133 1198 2171 statuisse
1227 2133 1275 2172 in
1306 2132 1557 2182 Evangelii-s·
1587 2133 1678 2171 suis
1696 2160 1707 2178 ,
1740 2136 1789 2172 ut
1820 2144 1941 2171 niun-

124 2203 249 2242 quam
282 2191 426 2242 (illae)
461 2191 695 2242 aliquando
723 2192 898 2241 penitus
930 2191 1145 2240 decidant,-
1177 2203 1221 2230 ρο
1255 2192 1367 2242 quod
1399 2193 1546 2241 capita
1579 2189 1798 2230 Ecclesiae
1828 2192 1940 2238 ,ςῑηίς

63 2263 66 2266 ’
124 2250 230 2289 hanc
259 2249 460 2289 rationem
492 2253 535 2289 et
567 2249 882 2301 explicationem
913 2249 1093 2300 subjicit.
1155 2248 1330 2289 Etenim
1365 2250 1476 2289 illud
1515 2250 1628 2300 quod
1661 2249 1846 2300 dicitur,
1884 2251 1942 2290 Et

124 2313 269 2360 portae
300 2309 421 2348 inseri
451 2319 533 2348 non
563 2309 859 2360 praevalebunt
889 2309 1088 2348 adversus
1119 2320 1233 2355 eam,
1272 2307 1350 2350 hoc
1396 2309 1623 2349 denuntiat
1653 2309 1823 2361 quando
1857 2310 1940 2350 duo

125 2367 355 2408 ceciderint
385 2370 566 2408 currunt
595 2369 652 2408 ad
685 2368 792 2416 tria3
827 2379 921 2408 cum
953 2368 1040 2408 tria
1086 2367 1338 2415 ceciderint,
1381 2371 1561 2408 currunt
1600 2367 1657 2407 cd
1690 2368 1803 2417 duo,
1846 2381 1940 2409 cum

123 2438 221 2467 vero
252 2430 438 2478 quatuor
458 2426 574 2476 forte
606 2426 854 2477 ceciderint,
900 2438 1036 2467 unum
1077 2427 1189 2479 quod
1229 2430 1451 2478 permanet
1490 2427 1537 2466 in
1578 2428 1770 2467 omnium
1800 2430 1942 2479 capite

130 2485 298 2527 Christo
334 2485 416 2526 Deo
448 2489 616 2533 nostro,
647 2489 819 2526 revocat
849 2486 1004 2526 iterum
1033 2487 1247 2537 reliquum
1285 2498 1442 2538 corpus
1480 2485 1711 2526 Ecclesiae.
1774 2488 1939 2527 Certum

125 2548 189 2584 est
218 2544 298 2584 hoc
329 2547 445 2584 textu
477 2545 698 2596 praesumi,
731 2557 905 2585 necesse
936 2545 1100 2596 quidem
1133 2557 1224 2584 esse
1257 2557 1394 2584 omnes
1428 2544 1655 2584 catholicos
1687 2547 1942 2586 concordare

124 2603 276 2642 dehere
307 2604 349 2642 in
383 2603 464 2642 fide
495 2615 584 2643 cum
616 2603 782 2643 sedibus
812 2604 1061 2655 Apostolicis
1094 2608 1218 2655 atque
1241 2603 1605 2655 patriarchalibus,
1638 2616 1806 2656 quarum
1837 2605 1942 2646 fides

125 2673 176 2700 ex
205 2662 418 2711 promissis
446 2662 600 2702 Christi
631 2674 712 2702 non
746 2666 809 2702 est
840 2663 1081 2703 defectura:
1113 2663 1157 2702 id
1187 2668 1325 2702 tamen
1357 2675 1438 2703 non
1481 2664 1542 2702 ita
1574 2668 1619 2703 ut
1649 2677 1811 2715 semper
1844 2678 1940 2705 con-

126 2719 370 2758 veniendum
400 2720 455 2759 sit
488 2722 609 2759 etiam
643 2732 731 2760 cum
764 2721 838 2766 iis,
870 2721 904 2760 si
937 2734 1042 2772 quae
1073 2733 1124 2761 ex
1155 2722 1257 2772 ipsis
1289 2734 1314 2761 a
1344 2722 1426 2761 fide
1469 2722 1721 2770 defecerint3
1766 2724 1839 2763 sed
1863 2725 1939 2772 ita,

127 2781 192 2822 ut,
227 2777 261 2815 si
294 2777 531 2827 quibusdam
562 2778 846 2818 deficientibus
877 2778 1010 2829 (quod
1030 2779 1119 2818 fieri
1137 2780 1299 2830 potest)
1331 2792 1412 2818 una
1443 2784 1601 2819 tantum
1633 2784 1788 2820 rectam
1819 2781 1939 2822 fidem

126 2835 335 2875 custodiat
363 2836 495 2887 (quod
525 2837 671 2876 saltem
703 2847 752 2876 ex
770 2835 923 2876 Christi
954 2838 1166 2887 promissis
1199 2838 1473 2876 necessarium
1507 2839 1609 2888 est);
1643 2839 1836 2879 catholici
1871 2842 1942 2880 de-

127 2895 251 2933 beant
284 2905 373 2933 cum
406 2906 456 2933 ea
488 2896 710 2934 convenire
742 2895 782 2933 in
814 2894 917 2943 fide,
951 2899 993 2934 et
1024 2895 1100 2934 hac
1131 2894 1294 2933 ratione
1326 2895 1577 2935 conservare
1609 2898 1729 2936 unius
1762 2902 1804 2938 et
1837 2902 1941 2951 eJus-

126 2953 217 2991 (lem
249 2952 512 3003 Apostolicae
545 2953 639 2992 fidei
674 2954 887 2996 unitatem.
949 2955 1050 2993 Cum
1087 2954 1216 3005 igitur
1249 2954 1342 2992 aliis
1381 2954 1632 3005 Apostolicis
1673 2960 1715 2995 et
1755 2958 1939 2998 Patriar-

126 3009 311 3051 chalibus
342 3012 510 3050 sedibus
537 3012 690 3062 jamdiu
722 3024 747 3051 a
777 3011 858 3051 fide
889 3013 1058 3064 dilapsis
1089 3025 1171 3052 una
1201 3013 1387 3052 Romana
1418 3014 1548 3053 totius
1587 3015 1818 3056 catholicae
1858 3019 1938 3058 Ec-

126 3070 278 3109 clesiae
317 3074 440 3121 caput
482 3082 532 3110 ex
575 3071 760 3111 omnibus
804 3072 1053 3123 Apostolicis
1093 3076 1135 3111 et
1177 3073 1529 3112 Patriarchalibus
1570 3073 1641 3114 illa
1683 3076 1762 3123 sit,
1795 3082 1941 3117 contra

126 3139 244 3179 quam
274 3133 421 3180 portae
453 3129 574 3168 inferi
606 3141 687 3170 non
723 3131 1062 3182 praevaluerint3
1107 3143 1156 3171 ex
1199 3132 1241 3169 vi
1272 3132 1490 3171 verborum
1530 3133 1712 3174 Bahanis
1742 3138 1939 3186 sequitur,

127 3186 181 3227 ad
213 3186 318 3226 hanc
346 3191 479 3227 totum
509 3188 727 3228 Ecclesiae
765 3201 916 3241 corpus
956 3202 1045 3230 esse
1086 3190 1362 3229 revocandum
1393 3192 1434 3229 in
1467 3191 1645 3241 ejusdem
1676 3193 1772 3234 fidei
1804 3196 1938 3236 unita-

125 3249 222 3287 tem.
284 3245 404 3288 Quod
434 3248 640 3297 peculiare
670 3249 880 3288 Romanae
911 3249 1022 3288 sedis
1062 3249 1322 3301 privilegium
1362 3261 1462 3300 prae
1504 3252 1658 3290 ceteris
1690 3253 1939 3304 Apostolicis

126 3305 168 3343 in
201 3305 511 3356 promissionem
527 3306 680 3346 Christi
698 3309 825 3348 Petro
859 3309 1010 3348 factam
1042 3320 1234 3360 expresse
1266 3308 1409 3347 retulit
1441 3310 1487 3350 S.
1520 3310 1730 3352 Anselmus
1762 3313 1937 3366 Episco-

123 3374 201 3414 pus
232 3363 428 3403 Lucensis
461 3364 501 3402 in
533 3364 638 3404 libro
670 3370 815 3406 contra
847 3368 1090 3407 Guibertum
1130 3367 1580 3408 Pseudo-Pontificem
1612 3372 1794 3423 scripto:
1846 3373 1937 3414 Uno

123 3422 189 3462 vel
219 3421 385 3462 duobus
414 3422 463 3471 (e
493 3423 624 3462 tribus
656 3426 886 3478 praecipuis
919 3427 1192 3477 Patriarchis)
1238 3439 1264 3466 a
1294 3424 1388 3475 fide
1430 3430 1747 3478 cormeatibus,
1790 3433 1935 3484 inquit.

130 3480 352 3522 Romanus
391 3482 439 3522 in
482 3480 666 3530 ejusdem
696 3481 804 3532 fidei
840 3485 1125 3535 fundamento
1159 3486 1254 3525 licet
1285 3487 1512 3537 pulsatus,
1553 3489 1649 3530 licet
1691 3503 1935 3539 concussus,

127 3542 269 3580 tarnen
299 3541 417 3582 stetit
447 3542 685 3585 immobilis.
753 3543 921 3585 Coelum
964 3546 1075 3586 enim
1108 3548 1145 3585 et
1178 3548 1291 3586 terra
1331 3546 1598 3599 transibunt,
1630 3550 1755 3591 verba
1796 3554 1934 3591 autem
