2320 3990
981 260 1559 316 *au-,-

349 442 454 486 tam
491 430 771 504 exempla)
804 429 857 482 in
896 427 1162 502 diplomate
1202 426 1409 482 Ottonis
1447 431 1576 503 apud
1613 430 1883 504 Ughellum
1921 430 2210 486 Hildericus

349 517 630 592 Episcopus
656 516 978 574 Veronensis
1005 516 1187 571 dicitur
1221 520 1457 571 vicarius
1489 519 1548 570 S.
1581 521 1842 580 Zenom's:
1881 538 2006 590 quos
2034 506 2210 574 cinnes

347 606 824 681 praedecessoribus
850 606 955 660 suis
983 605 1181 677 aequali
1208 604 1455 678 dignitate
1493 614 1544 658 et
1572 607 1873 662 auctoritate
1900 607 2210 662 successisse

350 695 671 768 exploratum
710 705 806 749 est.
877 695 1082 748 Vicarii
1114 692 1349 746 nimirum
1385 693 1435 746 hi
1474 712 1650 747 omnes
1690 712 1750 747 eo
1787 710 1941 749 sensu
1976 695 2211 769 appellati

350 793 495 850 sunt,
523 784 653 854 quod
680 802 880 850 eorum,
910 783 1090 854 quibus
1117 791 1501 848 successerunt,
1529 782 1692 837 vicem
1719 793 1977 855 gererent,
2004 784 2211 856 perinde

351 889 409 924 ac
436 871 480 924 si
506 871 685 925 eximii
709 856 783 924 illi
807 872 1232 944 praedecessores
1267 870 1319 923 in
1347 870 1470 944 ipsis
1495 870 1746 926 viverent.
1800 869 1858 923 In
1884 871 2016 924 hanc
2038 871 2211 942 itaque

339 959 655 1013 sententiam
700 958 923 1014 Romani
964 959 1243 1014 Pontifices
1293 961 1352 1012 S.
1397 960 1556 1012 Pet-ri
1598 963 1792 1012 vicarii
1827 959 1945 1012 dieti
1989 961 2212 1025 fuerunt,

351 1047 468 1118 quia
494 1048 820 1102 succedentes
847 1047 905 1103 S.
934 1047 1096 1103 Petro
1124 1050 1231 1122 ejus
1257 1047 1396 1103 vices
1424 1057 1638 1120 gerunt,
1676 1047 1750 1100 ita
1774 1058 1828 1099 ut
1855 1046 1912 1101 S.
1942 1046 2133 1101 Petrus
2161 1048 2213 1100 in

349 1135 475 1208 ipsis
502 1136 660 1190 adhuc
685 1137 892 1204 vivere,
932 1138 1205 1209 eademque
1242 1137 1337 1190 sibi
1375 1137 1562 1190 tradita
1599 1135 1830 1209 primatis
1870 1137 2118 1208 dignitate
2155 1155 2212 1189 ac

349 1233 601 1297 potestate
626 1225 722 1278 toti
741 1223 1008 1279 Ecclesiae
1034 1243 1275 1298 praeesse
1301 1224 1550 1278 videatur.
1588 1223 1722 1277 Hinc
1749 1223 1946 1294 quidem
1966 1223 2213 1295 Eulogius

348 1310 632 1385 Episcopus
653 1313 1042 1366 Alexandrinus
1063 1311 1121 1367 S.
1144 1311 1358 1366 Petrum
1383 1312 1438 1365 in
1466 1312 1672 1365 summis
1693 1310 2025 1366 Pontificibus
2053 1313 2213 1385 respi-

350 1399 490 1452 ciens
507 1440 520 1465 ,
558 1401 783 1454 eumdem
808 1399 861 1452 in
890 1399 1128 1452 Romana
1169 1399 1408 1451 cathedra
1442 1409 1562 1452 tunc
1589 1418 1786 1469 quoque
1813 1400 2070 1454 sedentem
2096 1420 2213 1474 pro-

348 1487 514 1539 fessus
567 1496 671 1552 est,
724 1490 934 1550 dicens,
984 1497 1040 1539 ut
1090 1486 1246 1539 tradit
1291 1484 1348 1539 S.
1379 1484 1661 1558 Gregorius
1709 1484 1796 1558 (S.
1837 1484 1997 1558 Greg.
2044 1488 2130 1541 lib.
2162 1487 2211 1542 7.

350 1593 428 1646 ep.
457 1574 608 1647 40.)‚
647 1579 797 1647 quod
832 1580 947 1646 ipse
977 1574 1064 1648 (S.
1095 1573 1312 1647 Petrus)
1343 1579 1398 1628 in
1428 1595 1492 1628 ea
1518 1594 1661 1627 nunc
1687 1595 1854 1645 usque
1881 1579 1936 1627 in
1964 1580 2073 1629 sm's
2101 1596 2213 1630 suc-

350 1665 649 1716 cessoribus
677 1667 890 1718 sedeat.-
931 1674 981 1716 et
1006 1664 1117 1735 pari
1151 1663 1441 1733 loquutione
1469 1662 1730 1734 Philippus
1758 1661 2026 1715 Romanae
2054 1665 2214 1717 ecclc-

350 1750 458 1803 siae
483 1752 755 1824 presbyter
779 1749 1025 1823 Ephesini
1053 1748 1270 1804 Concilii
1297 1749 1425 1823 (act.
1448 1749 1533 1823 3.)
1561 1748 1804 1804 Patribus
1833 1751 2085 1804 affirmare
2112 1771 2214 1804 non

351 1839 624 1905 dubitavit,
659 1842 799 1893 nulli
836 1841 1078 1901 dubium,
1113 1843 1269 1892 immo
1298 1841 1528 1893 saeculis·
1557 1841 1797 1892 omnibus
1825 1847 2033 1901 notum,
2070 1842 2218 1911 quod

357 1928 415 1979 S.
449 1929 648 1981 Petrus
675 1931 751 1981 ad
775 1928 877 1980 hoe
903 1947 1069 1999 usque
1106 1935 1313 1998 tempus
1349 1936 1401 1981 et
1426 1948 1635 1998 semper
1674 1931 1728 1979 in
1758 1932 1866 1980 suis
1897 1933 2213 1982 suecessori-

353 2017 446 2068 bus
474 2021 616 2069 vivit.
669 2015 747 2069 Ita
773 2015 963 2088 pariter
990 2014 1046 2069 S.
1076 2015 1267 2069 Petrus
1297 2013 1654 2089 Chrysologus
1687 2016 1740 2068 in
1770 2016 1983 2088 epistola
2021 2018 2083 2070 ad
2109 2016 2214 2069 Eu-

348 2105 555 2177 tychem
582 2123 633 2157 n.
663 2105 714 2158 2.
746 2103 909 2177 (inter
934 2103 1200 2158 Leoninas
1227 2115 1437 2158 nostrae
1465 2105 1582 2158 edit.
1614 2123 1690 2176 ep.
1721 2102 1861 2176 25..)
1906 2107 1964 2157 S.
1998 2107 2214 2168 Petrus,

351 2192 538 2262 inquit,
580 2197 674 2264 qui
710 2197 766 2244 in
798 2196 1042 2262 propria
1081 2196 1206 2245 sede
1247 2191 1406 2265 (idest
1443 2192 1497 2244 in
1535 2190 1945 2264 successoribus)
1987 2200 2038 2245 et
2073 2198 2215 2255 vivit,

352 2289 405 2334 et
432 2283 738 2351 praesidet:
788 2290 839 2334 et
875 2278 932 2333 S.
977 2278 1089 2334 Leo
1127 2299 1279 2333 serm.
1310 2281 1361 2333 9.
1403 2280 1469 2332 al.
1503 2280 1552 2333 1.
1582 2279 1636 2332 in
1664 2280 2007 2352 assumptione
2051 2281 2127 2334 sui
2156 2282 2216 2334 ad

350 2368 709 2422 Pontificatum
737 2387 779 2421 c.
809 2368 862 2422 3.
912 2369 1075 2442 Cujus
1105 2366 1310 2440 (Petri)
1341 2371 1394 2419 ἰη
1421 2388 1520 2420 sua
1547 2370 1673 2426 sede
1708 2371 1836 2419 vivit
1855 2376 2127 2438 potestas,
2166 2377 2217 2422 et

353 2460 578 2511 excellit
603 2460 928 2509 auctoritas.-
959 2466 1010 2509 et
1037 2475 1080 2508 c.
1110 2456 1162 2508 4.
1228 2457 1391 2529 Gegjus
1419 2459 1656 2526 dignitas
1697 2458 1857 2507 etiam
1893 2460 1950 2508 in
1990 2460 2213 2528 indigno

353 2546 551 2599 herede
577 2564 686 2597 non
714 2546 911 2615 deficit.
967 2540 1101 2611 Quid
1139 2562 1261 2615 ergo
1299 2547 1493 2597 vicarii
1525 2562 1710 2597 nomen
1747 2543 1991 2610 offendat,
2031 2546 2075 2597 si
2102 2564 2215 2598 suc-

355 2652 612 2687 cessorem
638 2632 873 2704 designat
900 2632 1123 2704 ejusdem
1149 2630 1442 2703 dignitatis,
1471 2631 1790 2685 auctoritatis
1806 2672 1819 2698 ‚
1849 2642 2000 2703 atque
2026 2633 2215 2705 prima-

350 2732 433 2774 tus
460 2720 730 2774 heredem?
782 2720 885 2776 Sed
912 2720 1027 2792 quid
1052 2721 1274 2793 pluribus
1301 2739 1473 2774 moror
1498 2720 1552 2773 in
1580 2739 1636 2773 re
1664 2721 1724 2773 ab
1752 2720 1876 2794 ipsis
1905 2722 2215 2776 adversariis

354 2811 636 2863 concessa?

498 2898 552 2950 4.
592 2895 801 2950 Interim
829 2896 944 2968 quid
970 2916 1040 2951 ex
1079 2917 1140 2952 ea
1179 2908 1449 2969 sequatur⁷
1487 2898 1896 2954 animadvertant
1932 2898 2112 2962 velim,
2152 2916 2217 2950 ne

355 2986 439 3057 qui
464 2986 594 3038 hanc
621 2985 831 3057 primam
865 2985 1263 3058 propositionem
1298 2987 1433 3038 ultro
1461 2985 1610 3050 dant,
1650 2985 1703 3037 in
1741 2984 2094 3056 disputationis
2132 2985 2216 3038 de-

356 3092 504 3127 cursu
529 3073 692 3126 minus
721 3074 1055 3128 cohaerenter
1080 3075 1370 3145 loquenteS,
1397 3071 1735 3145 importunum
1762 3073 1908 3126 nobis
1936 3083 1986 3126 et
2012 3073 2216 3125 lectori-

354 3162 447 3214 bus
473 3160 733 3232 negotium
769 3163 1044 3216 facessant.
1099 3159 1158 3215 Si
1184 3161 1421 3215 nimirum
1448 3161 1601 3215 semel
1633 3162 1912 3215 concedant
1937 3159 2009 3212 uti
2037 3159 2215 3232 explo-

356 3258 520 3301 ratum
547 3267 604 3301 ac
631 3259 850 3316 certum„
891 3249 1157 3303 Romanos
1184 3248 1463 3303 Pontifices
1489 3247 1547 3302 S.
1578 3247 1728 3304 Petri
1764 3265 2088 3302 successores
2129 3266 2215 3301 ea-

357 3337 467 3390 dem
493 3335 737 3409 primatus
762 3339 962 3393 ratione
990 3357 1050 3393 ac
1074 3338 1127 3394 vi
1152 3338 1321 3411 potiri,
1350 3357 1499 3408 quam
1525 3335 1583 3391 S.
1606 3336 1796 3391 Petrus
1825 3335 2070 3401 obtinuit3
2098 3354 2215 3407 pro-

355 3425 488 3478 fecto
516 3424 769 3495 sequitur,
809 3427 1011 3480 easdem
1045 3425 1203 3499 ipsius
1238 3426 1468 3499 primatis
1493 3427 1911 3499 praerogatian
1950 3423 2010 3477 de
2037 3423 2215 3494 quibus

356 3521 535 3585 postea
562 3513 810 3584 agendum
835 3513 962 3580 erit,
988 3514 1167 3570 iisdem
1193 3525 1506 3588 competere,
1536 3516 1808 3587 eademque
1836 3530 2016 3567 sacrae
2043 3522 2215 3565 aucto-

358 3600 528 3655 ritatis
553 3601 873 3668 testimonia,
902 3619 970 3656 ex
999 3603 1174 3673 quibus
1199 3603 1442 3676 primatus
1470 3601 1527 3655 S.
1558 3602 1706 3656 Petri
1734 3602 1865 3656 ratio
1893 3620 1951 3654 ae
1977 3599 2055 3654 vis
2084 3599 2215 3653 erui-
