2320 3990
955 227 1131 237 --
1224 195 1618 262 uem-

356 363 595 428 chenseS‚
636 362 719 432 qui
744 362 898 414 trium
927 362 1259 434 hypostasmn
1283 367 1619 436 appellatione
1647 370 1949 436 utebantur,
1983 388 2048 424 ne
2075 371 2213 425 vide-

354 460 533 505 rentur
583 447 858 514 haeretici,
920 447 1190 504 Romanae
1242 450 1377 504 sedis
1404 456 1827 515 *communionem
1881 459 2209 528 quaerebant.

362 539 683 608 Campenses
711 535 873 608 (idest
897 536 970 589 illi
994 537 1336 605 Antiocheni,
1365 538 1450 610 qui
1475 537 1688 597 Meletio
1715 544 1925 611 addicti,
1963 553 2081 598 ante
2108 546 2214 617 ejus

354 624 570 678 reditum
595 623 650 677 in
674 624 814 697 agris
842 644 1078 698 synaxes
1114 626 1392 700 agebant),
1431 627 1596 698 inquit
1629 630 1692 684 ad
1714 630 1991 687 Damasum
2029 631 2214 688 Hiero-

354 731 538 786 nymus
565 710 690 786 (Ep.
722 713 809 766 15.
839 733 890 766 n.
921 713 1033 788 5.),
1071 736 1189 769 cum
1237 717 1590 770 Tarsensibas
1625 718 1914 774 haereticis
1953 723 2214 791 copulati,

352 802 496 854 nihil
544 803 702 854 aliud
749 803 1016 866 ambiunt,
1080 824 1238 874 qaam
1288 812 1348 858 ut
1397 809 1778 860 auctoritatem
1827 813 2213 863 communionis

354 897 562 943 vestrae
590 891 727 959 fulti
764 897 874 944 tres
913 892 1232 963 hypostases
1281 912 1400 946 cum
1447 897 1703 964 antiqzw,
1753 894 1893 948 idest
1937 897 2211 950 haeretico

352 997 512 1031 sensa
542 980 885 1049 praedicent.
950 978 1093 1035 Haec
1131 981 1326 1052 quidem
1361 980 1667 1055 Hieronymi
1703 982 1923 1055 suspicio
1963 993 2104 1049 erat,
2153 1001 2213 1037 eo

353 1066 482 1137 quod
507 1066 708 1121 Ariano
737 1086 893 1122 sensu
918 1078 1026 1123 tres
1054 1070 1362 1142 hypostases
1387 1090 1479 1143 pro
1507 1071 1671 1125 tribus
1698 1071 1951 1125 distinctis
1979 1071 2215 1124 substan-

355 1155 438 1209 tiis
465 1156 629 1210 dictae
654 1158 875 1211 fuerant.
930 1156 1005 1210 At
1031 1154 1347 1230 Campenses
1373 1158 1445 1212 illi
1473 1177 1584 1213 cum
1609 1160 1647 1213 ii
1673 1169 1875 1226 essent,
1904 1160 1989 1230 qui
2013 1157 2214 1212 Meletii

353 1245 587 1298 catholici
622 1243 892 1318 Episcopi,
929 1255 980 1299 et
1009 1242 1339 1301 Confessoris
1382 1247 1628 1302 adversus
1666 1247 1918 1301 Arianam
1954 1247 2213 1320 perfidiam

351 1333 780 1403 praestantissimi
814 1343 989 1403 partes
1028 1335 1377 1403 sequebantur
1412 1333 1692 1406 (quidquid
1726 1335 2075 1408 Hieronymus
2110 1354 2213 1388 me-

354 1420 548 1493 tueret)
589 1439 620 1474 a
643 1430 748 1473 tam
774 1438 934 1492 pravo
963 1429 1014 1473 et
1041 1419 1300 1475 haeretico
1330 1439 1486 1475 sensu
1514 1431 1663 1475 erant
1699 1422 2026 1488 alienissimi,
2066 1422 2140 1475 uti
2166 1432 2216 1476 et

352 1509 624 1582 explicatio
665 1509 826 1563 eidem
862 1507 1184 1582 Hieronymo
1223 1510 1284 1563 ab
1325 1510 1450 1582 ipsis
1492 1509 1778 1582 significata
1813 1510 2070 1583 patefacit.
2147 1509 2215 1563 Hi

353 1617 476 1669 ergo
516 1617 618 1652 una
656 1617 767 1652 cum
794 1615 887 1651 suo
914 1596 1167 1652 Antistite
1194 1597 1408 1653 Meletio
1437 1598 1705 1652 Romanae
1746 1599 1880 1653 sedis
1909 1599 2216 1653 communio-

352 1705 468 1740 nem
495 1696 546 1739 et
571 1686 817 1739 unitatem
853 1687 1198 1740 necessariam
1236 1687 1501 1752 videbant,
1540 1697 1597 1739 ut
1623 1705 1679 1740 se
1718 1686 1994 1740 catholicos
2030 1687 2214 1758 proba-

353 1783 494 1839 rent,
549 1792 846 1844 omnemque
885 1775 1161 1828 haereseos
1201 1774 1543 1848 suspicionem
1594 1775 1923 1847 depellerent.
2000 1773 2213 1827 Interim

350 1860 697 1934 Hieronymus
723 1861 1033 1917 Antiochiae
1070 1863 1284 1934 degenS,
1322 1881 1432 1917 cum
1467 1873 1738 1935 urgeretur
1774 1872 1883 1916 tres
1910 1862 2214 1934 hypostases

351 1950 547 2016 dicere,
584 1951 636 2005 in
663 1961 771 2005 tres
799 1961 968 2005 autem
1008 1961 1182 2023 partes
1210 1952 1423 2007 divisam
1451 1961 1686 2005 cerneret
1712 1949 2088 2003 Antiochenam
2113 1946 2214 2003 Ec-

352 2038 558 2092 clesiam
585 2040 647 2092 oh
676 2049 784 2094 tres
810 2038 1094 2112 Episcopos
1121 2038 1415 2106 Meletium,
1455 2038 1758 2105 Paulinum,
1788 2049 1939 2108 atque
1966 2036 2211 2101 Vitalem,

350 2146 561 2197 quorum
598 2128 785 2199 singuli
812 2147 933 2180 suae
961 2127 1138 2198 cuique
1164 2128 1299 2200 parti
1325 2127 1705 2199 praesidenteS,
1752 2124 1967 2178 Damasi
1995 2144 2214 2177 commu-

349 2215 551 2269 nionem
579 2218 966 2288 praeferebmit3
996 2216 1058 2269 ad
1084 2215 1216 2269 hunc
1242 2215 1375 2268 dedit
1402 2214 1629 2281 litteras,
1657 2223 1712 2266 ut
1738 2213 2065 2284 intelligeret,
2094 2232 2213 2266 num

350 2324 478 2371 una,
514 2324 580 2358 an
618 2316 724 2359 tres
764 2306 1073 2378 hypostases
1110 2303 1350 2358 dicendae
1386 2314 1584 2370 essent,
1621 2313 1671 2357 et
1709 2322 1923 2374 quocum
1961 2299 2213 2380 Episcopo

350 2394 557 2448 deberet
584 2394 975 2448 communicare.
1029 2390 1109 2445 Ita
1143 2411 1267 2447 vero
1307 2411 1363 2446 se
1391 2412 1447 2447 se
1475 2393 1745 2447 sollicitum
1784 2391 1837 2445 in
1864 2392 1958 2446 hoc
1985 2384 2213 2456 exhibet,

350 2491 405 2533 ut
442 2500 546 2534 non
583 2482 750 2534 minus
787 2482 928 2546 fidei,
967 2499 1115 2551 quam
1153 2481 1521 2534 communionis
1556 2481 1802 2533 unitatem
1841 2497 1950 2531 cum
1978 2477 2213 2531 Romano

350 2566 604 2622 Pontifice
640 2569 986 2622 necessariam
1026 2569 1281 2621 ostendat.
1333 2566 1392 2620 In
1427 2567 1604 2640 primis
1642 2567 1776 2620 enim
1803 2565 1954 2637 epist.
1986 2565 2072 2618 15.
2100 2566 2214 2618 fidei

350 2656 611 2728 negotium
648 2656 701 2709 in
728 2656 1059 2729 hypostasum
1089 2655 1444 2710 controversia
1481 2653 1667 2726 agitari
1702 2653 1929 2706 indicant
1954 2652 2065 2717 illa,
2105 2652 2214 2722 qui-

348 2745 440 2798 bus
469 2747 787 2799 cathedram
817 2747 991 2807 Petri,
1019 2753 1071 2798 et
1092 2747 1254 2815 fidem
1276 2741 1595 2816 Apostolico
1625 2761 1720 2795 ore
1749 2743 2029 2795 laudatam
2057 2739 2216 2813 (idest

350 2833 638 2887 Romanam
666 2833 920 2886 laudatam
947 2852 978 2886 a
1004 2831 1198 2905 Paulo)
1229 2831 1326 2885 sibi
1354 2850 1416 2885 ea
1439 2830 1492 2884 in
1520 2829 1818 2900 quaestione
1853 2829 2213 2883 consulendam

351 2921 613 2975 censuisse
640 2940 690 2974 n.
725 2922 773 2974 l.
803 2923 1007 2975 fatetur.
1061 2919 1198 2974 Tum
1223 2939 1348 2975 vero
1376 2938 1494 2972 num
1524 2919 1576 2972 Ξ).
1605 2918 1822 2971 addens:
1862 2920 1982 2988 Eyo
2007 2920 2214 2971 nullam

345 3015 580 3081 primam
606 3014 714 3063 nisi
748 3011 1020 3064 Christum
1045 3030 1288 3080 sequens,
1315 3009 1664 3060 Beatitudini
1688 3013 1843 3067 tuae,
1869 3007 2010 3057 idest
2035 3006 2211 3057 cathe-

349 3102 485 3153 drae
515 3100 674 3153 Petri
699 3102 1067 3153 communione
1093 3100 1409 3157 consocior3
1438 3093 1838 3148 communionem
1864 3092 2035 3162 utique
2063 3092 2213 3146 intel-

352 3188 490 3259 ligit,
521 3207 649 3259 quae
675 3187 923 3241 unitatem
949 3187 1174 3259 ejusdem
1201 3183 1468 3238 Romanae
1497 3181 1608 3235 fidei
1634 3181 1801 3252 exigit
1828 3190 1977 3251 atque
2003 3199 2213 3252 praesu-

350 3275 467 3341 mit,
496 3277 736 3348 ejusdem,
763 3277 985 3347 inquam,
1014 3274 1282 3328 Romanae
1307 3271 1437 3337 fidei,
1467 3270 1546 3323 cui
1574 3269 1859 3323 firmissime
1887 3269 2211 3332 adhaerebat,

351 3384 597 3435 quamque
623 3367 920 3419 cathedrae
948 3364 1150 3418 nomine
1178 3363 1238 3416 ab
1267 3361 1441 3415 eodem
1469 3368 1725 3431 acceptam
1753 3367 1867 3431 post
1893 3376 2053 3429 pauca
2072 3356 2211 3411 vide-

352 3452 534 3507 bimus.
589 3452 865 3508 Rationem
892 3473 1046 3527 porro
1073 3453 1316 3507 allaturus
1334 3488 1347 3514 ‚
1375 3467 1464 3501 cur
1492 3447 1604 3500 huic
1633 3449 1955 3507 cathedrae,
1983 3463 2073 3498 seu
2100 3442 2209 3496 Ro-

352 3560 533 3596 manae
562 3541 701 3606 fidei,
741 3540 837 3594 sibi
865 3540 1231 3595 adhaerendum
1259 3546 1489 3610 putaret,
1531 3545 1579 3588 ct
1619 3536 1748 3588 hanc
1787 3550 1908 3606 prae
1936 3531 2120 3585 ceteris
2149 3549 2210 3583 ea
