2320 3990
934 197 1554 269 -—.-22———

319 365 443 420 nihil
467 365 725 432 immutat,
762 381 856 418 nec
883 363 1284 420 ecclesiasticum
1299 367 1465 439 jus‘in
1488 369 1651 443 ipsum
1676 369 1947 443 primatum
1971 373 2178 427 inducit.

319 451 535 526 Semper
560 453 692 507 enim
719 451 900 506 electio
916 493 930 518 ,
958 471 1087 524 quae
1112 472 1207 526 per
1233 469 1322 507 eos
1348 450 1534 526 fit‚‘qui
1558 455 1704 531 Papa
1731 459 2019 527 inferioreS‚
2048 461 2179 516 sicut

318 541 372 594 in
398 560 454 595 se
480 559 582 594 non
609 541 796 594 habent
822 539 1116 613 primatum,
1153 541 1227 594 ita
1252 560 1347 596 nec
1374 543 1614 598 conferre
1635 546 1796 603 eleeto
1824 558 2065 620 possunt,
2096 567 2179 604 ec-

320 628 658 682 clesiasticum
685 628 880 700 quidem
899 631 985 701 jus
1011 630 1064 683 in
1090 630 1203 703 ipsa
1230 629 1448 702 eligendi
1475 631 1676 685 ratione
1701 635 2006 705 praesumitg
2037 647 2090 690 at
2117 637 2179 690 ad

319 716 431 788 ipsa
468 717 713 790 primatus
740 728 792 771 et
817 718 1018 772 divinae
1054 718 1388 772 institutionis
1419 720 1538 791 jura
1577 719 1708 791 quod
1746 722 1996 792 pertinet,
2036 743 2180 779 mera

319 814 399 858 est
438 805 688 871 conditio,
729 806 840 886 sine
867 826 966 878 qua
992 805 1139 861 Petri
1178 825 1446 862 successor
1483 825 1586 863 non
1613 807 1911 876 haberetur,
1951 811 2005 864 in
2031 830 2178 883 quem

316 892 560 964 primatus
586 893 787 948 divinae
814 894 1148 949 institutionis
1185 895 1452 949 transiret.
1505 895 1680 967 Itaque
1708 899 2021 952 successoris
2048 901 2180 954 elec-

315 979 456 1034 tione
478 978 743 1036 Ecclesiae
766 983 885 1038 licet
903 985 1169 1057 permissa,
1197 983 1345 1038 electi
1368 984 1679 1039 successoris
1703 986 1949 1057 primatus
1964 997 2015 1041 et
2021 987 2181 1060 juris-

320 1067 469 1122 dictio
496 1067 660 1123 Deum
698 1070 1039 1126 immediatum
1076 1073 1228 1125 habet
1268 1083 1552 1140 auctorem,
1588 1074 1661 1127 ita
1686 1084 1741 1126 ut
1768 1075 2016 1129 electione
2053 1075 2180 1147 legi-

319 1156 440 1211 time
466 1169 701 1230 peracta‚
738 1161 910 1213 statim
936 1161 989 1213 in
1017 1161 1177 1215 electo
1205 1161 1361 1216 divini
1379 1162 1511 1234 juris
1537 1163 1782 1235 primatus
1810 1173 2056 1216 exeratur
2073 1203 2086 1228 ,
2115 1164 2179 1216 ob

319 1263 465 1315 quem
511 1247 700 1300 electus
747 1249 919 1302 eadem
969 1247 1117 1303 Petri
1166 1250 1472 1304 auctoritate
1520 1269 1590 1304 ex
1639 1249 1810 1305 divina
1856 1250 2178 1305 institutione

317 1332 559 1404 fungitur,
587 1335 794 1406 perinde
822 1355 880 1388 ac
907 1337 951 1388 si
979 1338 1040 1388 ab
1066 1338 1176 1408 ipso
1205 1334 1413 1390 Christo
1449 1338 1545 1390 toti
1569 1336 1836 1392 Ecclesiae
1862 1340 2180 1412 praepositus

314 1420 512 1487 fuisset,
539 1432 594 1474 ut
620 1420 676 1475 S.
707 1420 895 1475 Petrus
924 1424 1172 1493 quondam
1198 1425 1518 1496 praepositus
1545 1425 1654 1476 fuit.

465 1510 515 1562 5.
580 1509 671 1562 Illa
718 1529 842 1563 vero
893 1530 1146 1584 perpauca
1191 1514 1548 1566 nonnullorum
1586 1522 1815 1566 veterum
1859 1509 2179 1586 Scriptorum

314 1596 609 1649 testimonia
636 1617 665 1650 a
690 1610 971 1652 memorato
998 1604 1277 1673 Anonymo
1319 1601 1560 1665 collecta,
1609 1601 1786 1670 quibus
1826 1600 2071 1671 primatus
2112 1605 2178 1655 ab

321 1689 670 1754 antiquitate,
709 1687 791 1740 vel
820 1691 1052 1741 decretis
1084 1690 1314 1741 Patriam
1342 1688 1608 1741 Romanae
1649 1687 1755 1740 sedi
1793 1698 2049 1754 assertus,
2092 1708 2181 1744 seu

318 1772 535 1826 tributus
586 1777 898 1846 praefertur7
951 1776 1063 1830 huic
1114 1775 1315 1830 divinae
1364 1776 1671 1829 institutioni
1716 1775 1839 1827 nihil
1887 1778 2182 1848 praejudicii

318 1872 525 1928 creant3
555 1881 664 1916 cum
686 1882 787 1915 non
810 1864 959 1916 alium
985 1864 1251 1936 primatum
1276 1865 1321 1918 ei
1346 1865 1580 1919 tribuerit
1606 1865 1900 1935 antiquum,
1929 1866 2027 1918 nisi
2049 1885 2179 1933 eum7

320 1969 466 2020 quem
505 1951 706 2005 divinae
745 1951 1079 2005 institutionis
1116 1972 1232 2007 esse
1264 1954 1362 2006 alia
1388 1955 1533 2026 plura
1560 1963 1610 2006 et
1637 1954 1908 2025 explorata
1947 1955 2181 2025 antiquo-

319 2057 430 2091 rum
467 2039 761 2092 testimonia
800 2042 1129 2112 profitentur3
1174 2042 1252 2095 cui
1279 2041 1323 2094 si
1348 2041 1618 2113 peculiaris
1645 2040 1807 2094 honor
1835 2039 2180 2096 Conciliorum

318 2125 535 2178 decretis
575 2127 770 2180 delatus
808 2129 929 2194 fuit,
976 2129 1029 2181 in
1069 2131 1291 2200 ejusdem
1335 2130 1537 2183 divinae
1586 2128 1921 2182 institutionis
1960 2132 2180 2199 gratiam

318 2213 532 2279 delatuS‚
559 2213 719 2286 ipsam
745 2217 1041 2288 praesumit,
1070 2236 1173 2271 uon
1199 2218 1429 2270 destruit.
1492 2215 1736 2270 Notanda
1763 2216 1854 2271 hoc
1881 2218 1991 2271 loco
2009 2259 2022 2284 a
2052 2237 2179 2289 quae

316 2299 379 2352 P.
397 2299 731 2356 Constantius
758 2316 930 2359 monet
955 2305 1007 2358 in
1036 2306 1182 2378 epist.
1200 2307 1286 2358 14.
1315 2304 1620 2358 Bonifaciil.
1650 2314 1757 2356 not.
1778 2304 1829 2357 6.
1862 2305 1945 2356 ubi
1972 2304 2023 2356 iu
2054 2307 2182 2360 banc

317 2409 426 2442 rem
477 2402 756 2462 opportune
796 2394 984 2465 allegat
1025 2404 1075 2447 et
1115 2395 1286 2446 laudat
1324 2392 1530 2446 Nicolai
1564 2391 1603 2445 Ι.
1632 2392 1792 2447 verba
1831 2410 1901 2444 ex
1937 2393 2083 2464 epist.
2123 2394 2176 2448 8.

319 2479 430 2530 Ista
456 2481 622 2546 iyitur
655 2483 951 2551 privileyia
979 2484 1102 2534 huie
1132 2484 1412 2535 Ecclesiae
1448 2482 1652 2534 Christi
1691 2479 1851 2551 (idest
1877 2478 2177 2549 Romanae)

321 2586 354 2617 a
374 2567 591 2618 Christo
621 2569 842 2631 donata,
871 2591 904 2621 (ι
938 2572 1174 2642 Synoclis
1204 2590 1311 2623 non
1341 2573 1562 2629 (lanata,
1589 2571 1688 2621 secl
1690 2573 1812 2641 jam
1840 2569 2174 2620 solummodo

320 2655 591 2707 celebrata
621 2664 672 2708 et
696 2667 965 2711 venerata.
1027 2656 1313 2712 Nicaenum
1352 2677 1506 2731 porro
1535 2674 1781 2710 canonem
1819 2666 2052 2721 sextum,
2095 2657 2180 2726 qui

321 2743 445 2796 haec
481 2743 749 2816 privilegia
777 2744 1046 2800 Romanae
1084 2749 1190 2801 sedi
1224 2747 1466 2800 tribuisse
1493 2763 1563 2798 ex
1598 2743 1746 2797 unius
1786 2754 1836 2798 et
1874 2745 2180 2798 recentioris

321 2830 505 2884 codicis
534 2831 851 2886 Oxoniensis
880 2834 1097 2889 lectione
1126 2855 1155 2889 a
1183 2833 1460 2903 Qus-suello
1489 2833 1625 2887 edita
1649 2832 1811 2887 videri
1838 2843 2068 2905 poterat,
2108 2832 2181 2885 ita

321 2920 675 2990 corrigendum
701 2932 900 2988 monet,
940 2933 995 2975 ut
1021 2923 1075 2976 in
1100 2924 1362 2977 veteribus
1390 2920 1644 2974 codicibus
1672 2920 1886 2990 legitur:
1929 2922 2181 2972 Ecclesia

325 3008 573 3061 Romana
611 3029 819 3080 semper
848 3012 1037 3064 habuit
1073 3012 1225 3083 (non,
1252 3021 1308 3063 ut
1334 3007 1639 3076 Quesnellus
1670 3005 1924 3078 praetulit,
1953 3006 2179 3075 habeat)

317 3100 631 3165 primatmn:
663 3098 721 3151 de
746 3118 843 3169 qua
871 3099 1188 3153 correctione
1213 3098 1328 3152 vide
1354 3097 1498 3170 plura
1523 3104 1660 3146 tomo
1686 3094 1840 3147 tertio
1868 3093 2180 3148 novissimae

325 3183 561 3238 editionis
589 3205 795 3258 operum
823 3187 880 3241 S.
906 3187 1103 3242 Leonis
1131 3197 1237 3240 not.
1256 3186 1343 3239 312.
1373 3185 1425 3236 in
1453 3201 1676 3236 canones
1690 3181 1952 3236 Nicaenos
1981 3182 2179 3236 col.59.

322 3271 649 3326 Posteriores
675 3294 799 3329 vero
826 3276 1083 3331 Auctores
1100 3317 1113 3343 ⁷
1153 3275 1238 3346 qui
1263 3274 1354 3326 sub
1383 3269 1801 3325 Constantiensis
1829 3268 2028 3343 Synodi
2052 3280 2180 3323 tem-

322 3380 449 3433 pora
474 3360 742 3434 primatiml
769 3361 1285 3418 Romani‘Pontifieis
1303 3400 1316 3426 ‚
1358 3357 1509 3412 immo
1538 3368 1588 3412 et
1614 3357 1671 3412 S.
1703 3357 1879 3424 Petri,
1906 3376 1977 3412 ex
2002 3356 2181 3410 Eccle—

327 3448 534 3503 siastico
565 3460 615 3503 et
641 3450 940 3523 Apostolico
966 3457 1074 3527 jure
1102 3450 1336 3506 derivare
1362 3448 1618 3513 videntur,
1646 3447 1747 3501 nisi
1773 3446 1997 3501 eamdem
2022 3446 2182 3498 inter-

324 3537 659 3611 pretationem
687 3539 873 3605 ferant,
900 3541 1126 3594 maximo
1155 3557 1332 3594 errore
1359 3536 1488 3610 lapsi
1517 3535 1711 3589 dicendi
1740 3545 1886 3590 sunt:
1924 3535 2055 3586 unde
2077 3536 2182 3605 jam
