2320 3990
697 298 868 307 --
963 263 1038 322 11
1133 279 1309 303 ----=

95 439 224 492 dinis
249 437 491 510 primatus
517 439 680 500 esset,
714 434 1011 507 praecipuae
1029 430 1391 504 jurisdictionis
1416 447 1517 484 non
1542 429 1679 482 item.
1709 426 1915 501 Perspi-

96 543 188 579 cua
212 525 265 577 in
291 523 462 596 primis
490 531 608 576 sunt
633 524 740 594 ejus
765 522 921 576 verba
947 520 1147 572 dissert.
1174 519 1212 571 4
1237 537 1280 571 c.
1313 519 1360 572 l.
1389 518 1436 586 ἕ.
1464 517 1516 571 3.
1543 515 1630 570 ubi
1654 525 1768 588 post
1795 517 1916 569 alla-

94 621 174 663 tas
209 610 446 680 quasdam
472 608 684 662 Pati-um
719 607 1023 671 sententias,
1059 605 1236 675 quibus
1273 622 1446 657 omues
1483 603 1719 675 Apostoli
1758 601 1915 656 Petro

95 715 242 770 pares
284 696 439 749 fuisse
477 697 732 760 dicuntur,
779 695 957 754 Haec,
999 691 1188 762 inquit,
1226 691 1494 760 probant,
1538 689 1828 760 Apostolos
1865 695 1917 744 in

96 786 317 836 clavium
346 785 821 842 administratione,
842 780 974 850 fidei
986 781 1412 848 praedicatione,
1440 779 1783 830 eeclesiarum
1796 784 1917 847 fun-

96 873 339 930 datione,
361 877 653 939 potestate,
680 871 996 920 auctoritate
1024 867 1274 936 aequales
1294 868 1494 933 fuisse.-
1534 872 1592 917 at
1616 885 1704 917 eos
1731 869 1784 917 in
1803 870 1919 934 pri-

96 964 238 1009 matu
267 958 431 1009 Petro
460 956 708 1026 aequales
728 957 899 1022 fuisse
925 955 1102 1005 nullus
1129 955 1275 1004 dicit.
1328 949 1396 1002 Et
1423 951 1569 1022 paulo
1595 962 1708 1022 post
1734 952 1793 1005 de
1819 950 1916 1004 SS.

97 1042 254 1096 Petro
282 1053 331 1096 et
355 1041 514 1094 Paulo
541 1042 771 1111 loquenS‚
810 1039 948 1110 queis
986 1038 1294 1109 frequentius
1323 1057 1352 1090 a
1377 1035 1616 1090 Patribus
1644 1039 1920 1108 aequalitas

96 1128 289 1182 videtur
316 1127 538 1192 attribui,
576 1127 804 1180 similiter
839 1126 936 1192 ait,
977 1145 1064 1179 eos
1091 1130 1145 1178 in
1176 1123 1517 1195 Apostolum,
1561 1128 1615 1176 in
1634 1132 1919 1193 potestate,

98 1219 151 1267 -ἰη
178 1219 495 1267 auctoritate
521 1217 770 1286 aequales
802 1217 996 1283 fuisse,
1032 1217 1087 1266 in
1117 1216 1356 1282 primatu
1389 1231 1495 1263 non
1531 1216 1669 1264 item.
1722 1209 1922 1263 Prima-

99 1311 198 1353 tum
223 1318 373 1371 porro
410 1319 598 1354 merum
634 1301 742 1354 sine
778 1301 879 1353 ulla
913 1300 1116 1373 speciali
1150 1308 1398 1371 potestate
1434 1308 1484 1351 et
1511 1298 1808 1351 auctoritate
1843 1298 1921 1350 hic

101 1387 256 1457 accipi
283 1405 312 1438 a
337 1385 534 1457 Dupino
563 1407 623 1440 ea
650 1387 978 1449 subindicant,
1008 1385 1182 1454 quibus
1208 1386 1364 1456 ipsum
1392 1384 1654 1456 primatum
1680 1383 1794 1436 inde
1821 1384 1923 1437 col-

102 1473 235 1542 ligit,
272 1473 399 1542 quod
423 1471 607 1525 Petrus
627 1477 835 1542 primus
874 1490 1069 1543 semper
1104 1471 1170 1524 sit
1206 1471 1431 1534 habituS,
1469 1480 1615 1539 atque
1651 1490 1680 1523 a
1717 1468 1921 1524 Christo

102 1560 354 1622 demeum,
384 1569 433 1611 et
459 1559 585 1628 quod
611 1577 820 1612 necesse
847 1558 941 1622 sit,
967 1567 1022 1609 ut
1049 1559 1120 1610 ait
1145 1558 1191 1626 §-
1223 1559 1270 1611 l.
1326 1557 1570 1628 Aliquem
1589 1562 1822 1626 primum
1849 1563 1921 1610 in-

100 1652 181 1694 ter
199 1647 389 1712 plures
417 1663 526 1695 esse
535 1664 553 1704 ,·
584 1649 791 1712 primus
819 1649 954 1695 enim
979 1664 1065 1697 res
1093 1653 1194 1705 est,
1226 1665 1367 1714 *quae
1395 1648 1488 1696 uni
1513 1652 1715 1696 tantum
1741 1663 1923 1697 eonve-

99 1734 201 1790 nit,
234 1749 331 1781 nec
370 1731 530 1782 alteri
560 1737 740 1799 potest
775 1733 1155 1782 communicari
1166 1752 1180 1781 .·
1221 1749 1346 1799 quae
1382 1731 1537 1783 verba
1564 1737 1613 1781 et
1641 1728 1716 1780 his
1743 1728 1923 1780 similia

99 1815 360 1887 primatum
395 1815 521 1868 meri
559 1817 763 1869 honoris
802 1826 852 1869 et
878 1816 1065 1869 ordinis
1093 1816 1227 1869 omni
1263 1817 1528 1889 praecipuo
1548 1817 1661 1887 jure
1689 1816 1922 1868 nudatum

102 1921 130 1954 a
156 1900 352 1973 Dupino
382 1902 646 1954 admissum
671 1902 902 1956 videntur
927 1903 1207 1956 ostendere.

246 1990 296 2040 5.
335 1987 504 2040 Nihilo
531 1999 699 2043 tamen
725 1990 886 2043 minus
913 1990 1213 2062 peculiarem
1250 1989 1464 2060 aliquam
1490 1999 1791 2061 potestatem
1816 1988 1924 2042 Ro-

101 2073 261 2124 manis
287 2072 612 2127 Pontificibus
641 2078 959 2129 asserendam
977 2116 989 2140 a
1028 2096 1153 2146 quae
1179 2077 1381 2148 propria
1406 2077 1646 2149 primatus
1684 2096 1713 2129 a
1739 2075 1794 2128 S.
1824 2075 1925 2129 Pe-

102 2168 180 2209 tro
201 2160 314 2228 jure
342 2161 672 2212 successionis
701 2163 761 2212 ad
786 2162 921 2232 ipsos
948 2163 1234 2214 transmissi
1261 2163 1371 2215 aliis
1400 2164 1672 2215 communis
1699 2182 1800 2215 non
1828 2174 1922 2227 est,

103 2244 208 2315 ipse
245 2263 435 2315 quoque
467 2246 615 2299 fateri
654 2257 962 2322 aestatuere
988 2247 1179 2312 debuit,
1217 2267 1281 2301 ne
1315 2259 1602 2320 perpetuam
1641 2258 1924 2319 certamque

101 2328 360 2384 Ecclesiae
397 2333 668 2385 catholicae
705 2333 982 2386 doctrinam
1018 2333 1291 2387 desereret.
1344 2334 1396 2386 Id
1429 2346 1591 2388 autem
1626 2354 1727 2388 non
1767 2338 1922 2389 solum

103 2417 375 2471 declaravit
410 2419 462 2470 in
498 2419 769 2472 monitione
807 2421 866 2472 ad
900 2421 1138 2485 lectorem
1175 2422 1462 2474 memoratis
1490 2422 1924 2475 dissertationibus

102 2505 355 2575 praelixa,
381 2505 464 2557 ubi
488 2505 733 2577 pollicitus
761 2525 814 2559 se
840 2507 1239 2579 impugnaturum
1266 2527 1353 2561 eos
1379 2519 1600 2574 tantum,
1641 2510 1723 2579 qui
1749 2519 1924 2563 aucto-

103 2595 311 2642 ritatem
337 2595 550 2644 nimium
588 2599 697 2665 ejus
726 2592 1045 2664 (Pontificis)
1075 2598 1366 2657 esctollunt,
1400 2606 1708 2667 protestatur
1747 2615 1837 2648 sua
1873 2597 1923 2648 in

106 2677 442 2730 lucubratione
479 2686 736 2730 assertum
766 2681 998 2732 Romani
1026 2683 1306 2752 Pontificis
1328 2687 1645 2751 primatum,
1683 2691 1734 2734 et
1759 2686 1924 2752 [9ῃίιί-

105 2782 238 2814 inam
277 2770 386 2834 ejus
422 2771 736 2831 potestatem
773 2769 1074 2833 defensam,
1111 2786 1295 2836 eosque
1332 2770 1527 2831 laudat,
1573 2769 1655 2837 qui
1694 2772 1925 2820 (livinum

107 2850 384 2918 Pontt‘fiee‘s
411 2854 701 2917 primatum
740 2859 790 2902 et
814 2871 1111 2920 supremam
1148 2858 1257 2924 ejus
1286 2856 1338 2903 in
1369 2854 1613 2905 Ecclesia
1640 2859 1924 2907 auctorita-

103 2942 201 2986 tem
229 2937 414 2986 solidis
441 2938 735 2988 rationibus
771 2940 1077 2990 adstruunt?
1116 2938 1200 2990 sed
1237 2937 1543 3009 potissimum
1582 2942 1838 3012 expressit
1872 2942 1922 2995 in

103 3020 211 3090 ipsa
237 3020 587 3074 dissertatione
614 3033 791 3092 quarta
819 3041 861 3076 c.
891 3024 941 3075 2.
970 3023 1016 3090 ἕ.
1039 3023 1090 3076 3.
1121 3042 1228 3076 cum
1254 3035 1367 3095 post
1394 3027 1711 3079 constitutum
1739 3048 1807 3081 ex
1835 3048 1923 3082 sua

105 3115 269 3158 mente
294 3107 583 3177 primatum,
611 3110 732 3163 haec
759 3111 817 3163 de
842 3111 1120 3182 praecipuis
1149 3113 1251 3181 ejus
1278 3112 1590 3166 facultatibus
1618 3115 1803 3166 subdit:
1833 3118 1924 3168 Ea·

107 3194 206 3244 hoc
224 3197 462 3261 primatu
492 3197 724 3248 Romani
753 3198 1033 3268 Pontifieis
1069 3201 1241 3268 fluunt
1274 3201 1468 3252 multae
1486 3206 1923 3270 praerogativae,

106 3299 239 3347 quae
266 3284 371 3348 ipsi
397 3299 499 3332 non
526 3301 673 3334 secus
702 3303 765 3335 ac
785 3289 1009 3353 primati
1016 3291 1147 3358 jure
1175 3288 1351 3337 divino
1379 3295 1698 3356 competunt:
1739 3307 1922 3358 easque

106 3382 226 3416 mox
262 3366 493 3419 distincte
528 3370 698 3421 refert.
762 3367 975 3425 Difficile
1010 3372 1201 3442 quidem
1238 3370 1431 3424 videtur
1467 3374 1589 3427 haec
1627 3393 1735 3427 cum
1773 3386 1921 3428 antea

108 3450 248 3503 dictis
276 3453 559 3506 conciliare.
613 3453 671 3506 Si
698 3457 826 3508 enim
853 3456 1235 3528 praerogativae
1263 3459 1499 3528 ejusmodi
1535 3479 1636 3514 non
1663 3471 1778 3513 sunt
1811 3462 1921 3515 ina-

110 3554 196 3587 nes
235 3536 315 3606 (ut
342 3538 446 3608 ipso
476 3541 752 3593 affirmante
781 3561 876 3595 non
906 3554 1015 3595 suut
1034 3584 1046 3607 ,
1085 3563 1176 3595 nec
1215 3563 1326 3598 esse
1352 3546 1586 3616 debent),
1623 3550 1920 3617 eaedemque
