2314 3984
695 288 1343 350 --219--——-

112 474 217 523 bra¹
234 489 266 521 a
290 469 466 536 capite
491 470 807 534 separentur
834 481 958 522 suo,
1001 479 1067 512 ne
1093 460 1328 528 claviyer
1352 458 1507 526 reyni
1529 453 1772 507 caelestis
1798 454 1926 524 abji-

113 559 245 616 ciat,
269 571 400 624 quos
427 572 459 604 a
485 553 593 604 suis
621 553 857 602 deviasse
883 547 1136 616 intelliyit
1153 542 1434 606 doctrinis.
1461 537 1530 592 Et
1555 539 1605 592 in
1630 538 1843 611 epistola
1867 539 1928 590 ad

113 640 334 694 Leonem
359 644 618 710 postquam
645 634 773 686 dixit
796 630 1165 687 continendams
1191 625 1349 679 Petro
1387 643 1509 681 oves
1545 625 1700 679 fuisse
1725 643 1755 678 a
1780 622 1927 678 Chri-

115 734 216 791 sto,
242 733 292 778 et
318 741 496 794 cupere
523 740 577 774 se
604 721 735 773 inter
762 735 850 773 eas
875 714 1129 770 numerari
1151 754 1164 779 ,
1190 712 1313 765 haec
1341 711 1502 764 addit:
1554 711 1686 764 Vere
1711 714 1927 781 diynum

115 830 225 863 esse
246 813 458 878 fateor,
486 826 684 860 omnem
711 808 855 859 illius
877 805 1058 874 yreyis
1083 801 1468 852 multitudinem
1493 817 1587 851 suo
1606 801 1840 867 pastori,
1868 799 1926 849 li-

114 904 195 949 cet
219 899 271 947 in
298 897 520 948 «liversis
558 901 824 946 terrarum
853 890 1072 959 pascuis
1109 889 1500 944 immorantem,
1539 903 1645 937 una
1685 887 1927 937 caritatis

110 984 217 1050 fide
243 982 523 1052 subjectam
551 996 673 1031 esse.
734 1008 738 1012 ·

254 1066 340 1120 97.
391 1062 703 1134 Nicephorus
741 1057 1041 1112 Patriareha
1079 1053 1669 1126 constantinopolitanus
1694 1055 1746 1106 in
1772 1060 1926 1127 syno'-

114 1152 220 1204 dica
248 1151 307 1203 ad
331 1149 555 1202 Leonem
584 1145 666 1197 111.
706 1144 899 1217 Papam
931 1142 1042 1196 fidei
1076 1141 1316 1195 unitatem
1356 1141 1430 1193 his
1464 1140 1634 1194 verbis
1668 1141 1927 1211 profitetur

115 1234 291 1306 (Tom.
319 1234 369 1288 3.
398 1229 554 1287 Cone.
583 1231 713 1284 Lab.
741 1230 874 1285 Ven.
903 1229 1017 1282 edit.
1047 1228 1138 1281 eol.
1167 1228 1291 1282 314.
1315 1227 1422 1297 d.):
1466 1227 1649 1279 Vestra
1670 1230 1926 1294 fraterni-

113 1329 194 1373 tas
225 1359 236 1371 .
266 1361 276 1371 .
307 1359 318 1371 .
349 1361 359 1371 .
387 1321 702 1388 opportunis
730 1317 1078 1374 sermonibus,
1118 1322 1169 1366 et
1204 1317 1335 1382 ipsis
1374 1332 1580 1382 quoque
1620 1313 1790 1364 verbis
1832 1332 1928 1364 nos

115 1410 383 1474 confirmet
407 1408 787 1473 informetque,
814 1421 915 1471 quo
944 1403 1128 1451 vestris
1157 1400 1383 1468 leyibus,
1425 1405 1703 1466 vestraque
1730 1399 1932 1466 suffulti

115 1494 386 1551 doctrina,
412 1494 464 1542 in
492 1491 593 1541 liae
614 1490 720 1558 sicle
760 1488 1001 1545 stabiles,
1035 1485 1327 1553 simplices,
1366 1491 1417 1535 et
1442 1485 1506 1535 ab
1534 1476 1678 1535 omni
1715 1486 1927 1552 defectu

118 1580 361 1627 itmmines
380 1579 755 1644 persistamus3
784 1581 835 1625 et
857 1575 1154 1626 universum
1193 1573 1418 1639 denique
1445 1570 1813 1621 rationabilem
1839 1589 1927 1620 no·

115 1669 278 1713 strum
298 1679 510 1729 yreyem
536 1663 721 1712 summi
740 1661 972 1727 pastoris
999 1660 1206 1708 nomine
1247 1663 1298 1707 et
1330 1659 1575 1707 unctione
1612 1657 1930 1724 insiynitum,

114 1750 357 1814 intraque
396 1748 789 1798 ecclesiasticae
825 1745 1012 1795 caulae
1049 1749 1198 1809 septa
1237 1744 1604 1799 constitutum,
1642 1745 1927 1808 manifesta

116 1831 344 1882 Divinae
356 1833 500 1883 illius
516 1837 567 1882 et
578 1828 920 1898 Apostolicae
935 1828 1232 1895 spiritualis
1250 1829 1526 1877 doctrinae
1550 1828 1762 1894 fistulae
1783 1828 1927 1879 ebuc-

115 1920 402 1977 cinatione,
428 1917 738 1984 vocibusque
765 1916 1013 1966 divinitus
1041 1914 1317 1980 inspiratis
1348 1912 1437 1962 IN
1462 1911 1695 1962 UNUM
1713 1932 1929 1982 congre-

113 2022 309 2071 9emus.
362 2001 510 2052 Multi
536 1999 765 2052 nimirum
805 2001 866 2051 ob
893 1996 1330 2050 leonomaehorum
1358 1996 1603 2050 haeresim
1634 1996 1930 2052 Constanti-

116 2086 281 2156 nopoli
310 2103 339 2137 a
372 2084 602 2138 Romana
629 2083 870 2137 catholica
896 2084 988 2136 fide
1015 2093 1063 2135 et
1099 2082 1443 2135 communione
1470 2095 1804 2136 recesserant.
1835 2084 1929 2136 Ni-

119 2169 355 2240 cephorus
368 2188 488 2222 vero
516 2168 796 2240 patriarcha
817 2168 1106 2221 catholicum
1136 2185 1334 2219 sensum
1361 2168 1604 2233 nutrienS,
1631 2170 1684 2220 in
1700 2168 1932 2223 Romana

121 2255 343 2307 doctrina
368 2255 745 2326 persistendum,
773 2263 823 2307 et
850 2255 909 2306 ad
937 2254 1151 2323 ejusdem
1173 2252 1283 2305 fidei
1303 2253 1543 2306 unitatem
1566 2271 1704 2305 suum
1725 2274 1928 2326 gregem

123 2340 452 2393 revocandmn
477 2342 685 2394 censuit.

260 2426 346 2479 98.
422 2425 715 2479 Theodorus
742 2424 937 2479 Studita
974 2425 1058 2477 lib.
1100 2425 1150 2477 2.
1179 2426 1333 2495 epist.
1374 2423 1461 2478 63.
1505 2427 1563 2478 ad
1603 2424 1656 2477 N
1659 2428 1930 2480 eucratium

118 2508 467 2564 Iconomaehos
495 2522 754 2583 separatos
781 2511 932 2563 tradit
959 2529 988 2563 a
1015 2509 1207 2564 Christi
1233 2529 1440 2581 corpore
1458 2551 1470 2575 ,
1499 2512 1627 2581 quod
1653 2523 1731 2564 est
1756 2511 1932 2566 Eccle-

121 2595 224 2659 sia,
252 2596 332 2664 qui
359 2615 413 2649 se
439 2616 493 2650 se
521 2617 550 2650 a
574 2598 667 2651 fide
695 2597 957 2650 Romanae
983 2596 1115 2649 sedis
1142 2607 1519 2667 separaverunt.
1582 2598 1767 2651 Testor
1793 2620 1934 2653 nunc

121 2698 299 2731 coram
326 2683 444 2733 Deo
472 2691 524 2734 et
548 2685 867 2735 hominibus:
894 2685 1096 2751 seipsos
1132 2685 1438 2734 avulserunt
1462 2704 1494 2734 a
1521 2703 1749 2752 corpore
1785 2687 1932 2738 Cleri-

122 2767 213 2824 sti,
240 2773 291 2816 et
314 2785 556 2834 supremo
583 2771 825 2820 verticuli
847 2769 1043 2819 throno
1072 2765 1333 2837 (Romana
1360 2767 1504 2837 sede)
1522 2807 1535 2831 ,
1565 2773 1616 2819 in
1645 2790 1747 2838 quo
1785 2773 1931 2822 Cleri-

124 2856 230 2902 stus
256 2853 428 2902 claves
449 2857 631 2920 posuit
650 2855 794 2922 fidei,
821 2855 1072 2904 adversus
1089 2870 1237 2920 quem
1264 2871 1369 2903 non
1376 2856 1800 2919 praevaluerunt
1814 2858 1934 2909 leac-

122 2942 296 2995 tenus,
333 2955 499 3005 neque
518 2939 903 3006 praevalebunt
938 2956 1100 3006 usque
1129 2941 1202 2990 ad
1224 2943 1719 2992 consummationem
1738 2950 1933 3009 portae

122 3024 306 3087 inferi,
333 3041 430 3073 ora
460 3025 703 3075 videlicet
726 3025 1140 3084 haereticorum,
1168 3028 1304 3077 sicut
1319 3027 1597 3093 pollicitus
1624 3035 1702 3079 est
1727 3029 1817 3080 ille
1845 3032 1937 3097 qui

125 3123 228 3156 non
254 3111 513 3159 mentitur.

265 3190 354 3243 99.
414 3190 653 3247 Nicolaus
678 3193 717 3246 Ι.
756 3194 808 3246 in
845 3195 1025 3248 litteris
1065 3196 1124 3248 ad
1159 3195 1455 3248 Venilonem
1494 3196 1931 3270 Archiepiscopum

126 3274 468 3329 senonensem
494 3278 587 3348 ipsi
614 3289 663 3331 et
690 3281 1016 3352 suffraganeis
1044 3284 1146 3352 ejus
1173 3282 1395 3334 eamdem
1421 3282 1659 3334 unitatem
1686 3301 1933 3338 commen-

127 3361 246 3412 dans
273 3361 497 3432 scripsit:
539 3363 665 3425 Vos,
684 3369 889 3432 fratres
915 3372 1204 3428 carissimi,
1238 3371 1331 3436 qui
1371 3370 1567 3421 Sancto
1605 3371 1782 3438 utique
1816 3372 1932 3439 Spi-

130 3448 230 3500 ritu
255 3449 520 3500 revelante
560 3446 898 3516 Apostolicae
942 3457 1081 3506 sedis
1122 3456 1487 3506 auctoritatem
1529 3444 1682 3508 sensu
1722 3476 1934 3525 capere,

132 3538 176 3582 et
198 3534 270 3583 acl
288 3535 620 3600 splendorem
643 3537 849 3590 luminis
871 3543 979 3608 ejus
1002 3541 1245 3592 incedere
1269 3526 1631 3594 Iauilabiliteri
1649 3543 1933 3600 nchoastis‚
