2320 3990
946 136 1565 201 -—-70—-—÷

326 314 572 366 inuititur
593 315 971 382 funda-mento.
1023 310 1492 386 Videndum-ergo,
1529 315 1645 386 quid
1669 315 1721 368 in
1749 313 1911 370 Petro
1951 314 2186 388 designa-

328 408 432 453 tum
467 399 619 454 fuerit
653 398 857 452 nomine
884 403 1113 468 petrae,
1157 416 1315 471 supra
1346 401 1774 470 qnmChristus
1809 400 2095 457 Ecclesiam
2129 422 2186 458 se

328 487 703 542 aedificaturum
729 485 979 559 promisit.
1031 484 1103 540 Et
1128 486 1375 557 siquidem
1400 487 1565 560 palam
1590 490 1852 546 ostendam
1872 498 2068 561 petrae
2095 509 2186 545 vo-

329 574 503 628 cabulo
554 574 889 647 significatam
931 575 1087 630 fuisse
1132 576 1268 628 illam
1312 575 1456 630 fidem
1505 589 1602 630 seu.
1639 579 2007 650 professionem
2055 578 2185 646 fidei,

329 681 478 733 quam
504 659 562 716 S.
593 660 784 717 Petrus
810 663 947 718 inter
971 664 1145 720 varias
1171 664 1424 718 hominum
1450 664 1735 719 sententias
1752 667 1820 721 de
1846 664 2055 722 Christo
2084 666 2188 720 edi-

329 749 427 820 dit3
465 751 595 805 hanc
622 751 796 818 fidem,
833 771 926 806 seu
961 754 1076 808 fidei
1113 753 1480 827 professionem
1507 752 1729 826 positam
1761 772 1792 806 a
1819 751 2029 809 Christo
2065 773 2187 809 suae

329 837 592 894 Ecclesiae
630 841 1032 908 fundamentum,
1073 842 1516 913 necessariamque
1567 860 1682 895 esse
1726 841 1884 897 totius
1922 842 2188 898 Ecclesiae

330 928 567 982 unionem
601 947 713 982 cum
753 930 925 984 eadem
951 928 1102 985 Petri
1136 930 1232 985 fide
1268 930 1474 985 omnino
1515 929 1738 1000 liquebit.
1792 929 1847 983 Id
1873 949 2028 1004 porro
2056 931 2101 984 si
2129 933 2189 985 ad

329 1016 598 1090 primatum
625 1017 846 1090 ejusdem
873 1018 1111 1092 Apostoli
1136 1019 1426 1093 pertinere,
1455 1038 1514 1073 ac
1540 1028 1812 1092 propterea
1839 1019 1899 1072 ad
1928 1037 2190 1074 successo-

329 1124 414 1160 res
441 1125 637 1178 quoque
664 1104 722 1159 S.
751 1104 900 1160 Petri
927 1106 1190 1162 Romanos
1227 1107 1507 1162 Pontifices
1545 1109 1718 1161 eodem
1749 1109 1866 1180 jure
1906 1109 2190 1161 traductum

328 1194 564 1268 deinceps
591 1195 893 1262 ostendero,
922 1197 1280 1252 necessitatem
1306 1215 1502 1269 quoque
1523 1195 1827 1250 adhaerendi
1842 1195 2191 1250 Romanorum

330 1281 632 1336 Pontificum
670 1283 784 1336 fidei
818 1284 927 1336 toti>
948 1283 1214 1339 Ecclesiae
1251 1285 1540 1358 impositam
1577 1284 1896 1356 exploratum
1942 1285 2045 1338 fiet.
2111 1283 2190 1338 De

319 1375 518 1439 petrae
555 1368 952 1441 significatione,
990 1391 1139 1442 quam
1174 1372 1445 1444 proposui,
1495 1371 1548 1424 in
1586 1371 1764 1442 primis
1801 1390 2190 1443 cognoscamus:

330 1467 382 1510 et
408 1476 472 1510 ne
499 1457 617 1528 quid
643 1476 713 1512 ex
738 1458 945 1530 ingenio
974 1460 1147 1514 videar
1175 1460 1406 1522 educere,
1434 1477 1534 1512 non
1564 1477 1743 1524 meam,
1772 1459 1859 1513 sed
1875 1458 2089 1514 Patrum
2114 1459 2192 1513 in·

328 1546 746 1618 tei-pretationem
774 1548 826 1600 in
853 1547 1066 1601 medium
1093 1549 1320 1601 afferam.

326 1665 359 1708 Ι.
426 1667 581 1709 Petrae
625 1668 796 1708 nomine
826 1666 962 1717 fidem
1008 1669 1052 1710 S.
1087 1668 1207 1709 Petri
1246 1666 1496 1719 significari
1539 1668 1719 1707 Patr-um
1766 1667 2003 1708 traditione
2048 1671 2191 1709 osten-

1195 1729 1328 1770 ditur.

474 1813 527 1866 4.
568 1811 683 1866 Etsi
719 1822 912 1884 petrae
966 1815 1168 1869 nomine
1207 1814 1420 1869 Petrum
1470 1815 1631 1886 ipsum
1685 1814 1944 1885 designari
1978 1812 2192 1866 Patrum

330 1900 537 1955 traditio
565 1903 768 1968 doceat,
807 1922 916 1956 cum
954 1902 1237 1958 Ecclesiam
1265 1922 1416 1977 super
1445 1902 1658 1956 Petrum
1696 1902 2013 1956 aedificatam
2057 1921 2192 1955 com-

324 1990 550 2063 pluribus
575 1991 799 2064 ipsorum
824 1992 1128 2046 testimoniis
1156 1993 1404 2066 proditum
1442 1992 1538 2058 sit,
1575 2009 1722 2044 nemo
1749 2000 1920 2044 tamen
1947 1989 2059 2044 huic
2086 2000 2193 2044 tra-

329 2079 507 2132 ditioni
533 2079 682 2132 aliam
708 2081 1031 2136 traditionem
1070 2100 1148 2134 me
1176 2091 1547 2152 contraponere
1575 2078 1864 2145 existimet,
1903 2097 2014 2131 cum
2046 2077 2191 2132 Petri

328 2168 472 2220 fidem
501 2186 560 2221 eo
589 2168 794 2222 nomine
820 2169 1022 2242 proprie
1050 2168 1326 2241 significari
1353 2185 1423 2222 ex
1452 2166 1724 2220 traditione
1751 2167 2191 2220 demonstrandum

329 2256 626 2328 suscipiam:
657 2267 707 2310 et
734 2258 889 2311 multo
917 2257 1082 2311 minus
1110 2257 1422 2331 suspicetur,
1452 2275 1532 2310 me
1559 2255 1651 2309 hac
1677 2254 1763 2310 via
1787 2256 1964 2309 favere
1993 2254 2194 2308 hetero—

328 2345 504 2412 doxiS,
545 2345 628 2416 qui
664 2355 720 2398 ut
758 2345 995 2419 primatui
1021 2344 1077 2400 S.
1108 2345 1258 2400 Petri
1294 2345 1424 2398 hunc
1450 2342 1815 2416 Evangelicum
1854 2354 2055 2398 textum
2093 2342 2194 2397 eri-

330 2435 497 2507 piant,
524 2453 626 2487 non
654 2433 711 2487 S.
741 2434 984 2501 Petrum,
1020 2435 1109 2488 sed
1146 2435 1288 2487 fidem
1320 2441 1516 2503 petrae
1554 2432 1805 2489 vocabulo„
1834 2430 2047 2484 indicari
2074 2449 2193 2483 con-

331 2523 561 2576 tendunt.
616 2519 716 2589 Qui
743 2522 877 2575 enim
903 2541 1006 2575 non
1032 2523 1177 2576 fidem
1205 2523 1584 2594 cujuscumque,
1614 2539 1707 2575 nec
1734 2520 1878 2573 fidem
1905 2519 1957 2571 in
1984 2537 2193 2590 genere,

330 2610 419 2663 sed
445 2610 589 2663 fidem
615 2607 672 2662 S.
703 2609 876 2677 Petri,
905 2630 1052 2682 quam
1081 2609 1272 2663 scilicet
1300 2608 1357 2663 S.
1387 2606 1577 2663 Petrus
1603 2609 1655 2663 in
1683 2607 1989 2663 aedificanda
2014 2605 2195 2660 Eccle-

332 2697 407 2751 sia
431 2698 805 2751 fundamentum
823 2699 965 2771 jecit,
994 2709 1188 2772 petram
1202 2696 1466 2753 Ecclesiae
1494 2695 1748 2753 aChristo
1774 2695 1991 2770 positam
2021 2704 2195 2748 osten-

332 2787 431 2853 dit3
461 2785 588 2839 satis
614 2785 667 2838 in
694 2786 788 2838 hac
813 2786 908 2840 fide
934 2787 1096 2859 ipsum
1123 2785 1335 2840 Petrum
1362 2797 1558 2860 petram
1571 2785 1838 2841 Ecclesiae
1865 2783 2194 2838 constitutum

331 2875 540 2948 probat,
591 2884 642 2927 et
680 2873 842 2926 solum
877 2892 976 2944 qua
1010 2875 1212 2929 ratione
1250 2885 1395 2947 petra
1432 2885 1484 2929 et
1518 2875 1892 2928 fundamentum
1930 2870 2194 2925 Ecclesiae

331 2965 461 3017 idem
488 2961 677 3015 Petrus
703 2961 1058 3033 intelligendus
1086 2962 1179 3026 sit,
1220 2962 1443 3032 apertius
1478 2962 1721 3034 exponit,
1763 2978 1821 3014 ac
1847 2969 2122 3032 propterea
2147 2958 2190 3011 is

335 3051 657 3105 traditionem
706 3067 1022 3122 nequaquam
1069 3048 1275 3120 opponit
1323 3048 1614 3114 traditioni,
1661 3047 1748 3101 sed
1791 3047 2093 3119 genuinum,
2143 3056 2190 3100 et

334 3159 610 3213 congruum
636 3137 934 3211 Evangelici
969 3146 1147 3191 textus
1187 3153 1387 3189 sensum
1430 3137 1726 3208 proferenS,
1763 3135 2087 3189 traditionem
2124 3153 2194 3188 ex

333 3228 605 3283 traditione
632 3228 798 3301 potius
825 3226 1048 3300 explicat
1075 3234 1224 3295 atque
1252 3224 1534 3278 confirmat.
1589 3220 1718 3277 Cum
1754 3242 1908 3296 porro
1947 3222 2063 3277 hinc
2090 3233 2193 3276 sta-

335 3319 573 3370 tuendum
610 3317 755 3370 nobis
795 3315 863 3370 sit
900 3314 1220 3389 praecipuum
1259 3311 1502 3386 primatus
1544 3312 1626 3383 jus
1674 3310 1726 3364 in
1765 3312 2011 3366 unitatem
2050 3311 2192 3377 fide53

336 3404 450 3457 dum
475 3402 606 3457 hanc
630 3403 1107 3477 interpretationem
1132 3400 1419 3466 statuimus,
1449 3418 1548 3452 non
1578 3401 1736 3454 solum
1767 3401 1826 3454 ab
1848 3401 2191 3454 heterodoxo-

337 3512 446 3546 rum
473 3491 684 3549 consilio
711 3491 935 3548 maxime
963 3491 1258 3556 recedimus,
1288 3508 1462 3545 verum
1491 3489 1641 3545 etiam
1669 3489 1866 3542 illorum
1894 3487 2057 3542 nisum
2089 3507 2195 3542 oui<-
