2314 3984
739 284 911 305 ——s-a-
990 259 1120 319 ‘237
1225 291 1386 301 ———

154 433 237 504 qni
252 431 475 484 amnium
493 428 789 483 sententiam
809 429 1113 482 enucleatius
1131 425 1463 498 expresserit,
1489 434 1540 479 et
1558 425 1966 497 propugnaverit.

154 515 388 588 Incipiam
413 516 474 568 ab
500 514 687 568 eximia
712 514 929 586 ipsisque
943 513 1102 567 Gallis
1125 510 1477 586 probatissima
1503 512 1859 580 Expositione
1879 513 1968 563 do·

154 605 359 655 ctu-inae
382 602 708 661 catholicae,
746 600 828 652 ubi
865 598 1099 672 sepositis
1136 596 1511 668 quaestiom‘bus
1541 595 1677 650 inter
1701 595 1968 650 catholicos

154 686 511 750 controversi5‚
539 687 646 738 sola
670 695 808 739 certa
826 683 1083 740 Ecclesiae
1107 683 1340 754 dogmata
1358 682 1634 754 proposuit.
1663 680 1814 736 Circa
1832 681 1970 736 Pon·

154 774 355 827 tificinm
381 782 541 826 autem
569 772 831 844 primatum
857 769 947 823 hoc
971 767 1095 841 apud
1116 767 1385 822 catholicos
1404 777 1593 822 eertum
1619 769 1796 821 statuit
1821 787 1864 822 c.
1882 769 1968 821 21.

158 859 402 924 nimirum,
431 860 539 911 Dei
555 861 727 928 filium
751 876 868 911 cum
892 874 1041 909 suam
1067 855 1363 907 Ecclesiam
1389 874 1544 907 unam
1572 873 1701 915 esse,
1727 862 1781 907 et
1802 874 1970 924 supra

156 950 404 998 unitatem
436 948 663 1014 firmiter
697 945 1031 1012 aedificatam
1066 942 1250 1001 vellet,
1288 942 1515 992 tuendae
1564 960 1630 993 ac
1671 944 1970 1011 firmandae

156 1035 347 1083 unitati
376 1032 429 1083 S.
462 1031 616 1082 Petri
642 1029 938 1080 Primatum
962 1029 1275 1085 instituisse,
1301 1027 1580 1094 sedemque
1607 1026 1974 1094 Apostolicam

156 1119 309 1189 hujus
333 1119 551 1169 unitatis
575 1119 811 1166 centrum
838 1133 904 1165 ac
928 1115 1164 1165 radicem
1190 1129 1300 1163 esse
1329 1111 1429 1181 (ita
1455 1109 1582 1163 hunc
1600 1110 1760 1164 locum
1779 1110 1971 1166 Gallice

155 1202 390 1272 scriptum
413 1201 621 1272 ipsemet
646 1197 923 1251 Bossuetus
957 1198 1317 1270 interpretatur
1341 1196 1494 1249 latine
1519 1205 1655 1249 tomo
1683 1198 1732 1248 l.
1785 1196 1973 1250 Defen-

157 1287 311 1340 sionis
337 1285 519 1339 declar.
543 1282 682 1338 Cleri
700 1282 879 1336 Gallie.
908 1281 1111 1335 lih.3.c.
1130 1282 1214 1334 12.
1242 1282 1434 1353 primae
1459 1282 1707 1335 editionis.
1737 1302 1848 1354 pag.
1866 1285 1970 1347 85„

157 1373 207 1423 in
233 1371 519 1443 Appendice
545 1379 708 1422 autem
743 1367 1043 1421 novissimae
1080 1367 1308 1420 editionis
1348 1369 1530 1438 legitur
1555 1387 1670 1439 pag.
1701 1368 1823 1421 106.
1853 1369 1973 1420 tomi

162 1459 232 1521 2„
261 1474 455 1509 necnon
481 1455 532 1507 in
557 1454 910 1507 dissertatione
935 1452 1141 1524 praevia
1167 1453 1213 1520 ἕ.
1241 1453 1329 1507 93.
1357 1462 1478 1505 tom.
1510 1454 1558 1505 1.
1586 1472 1701 1524 pag.
1729 1454 1880 1525 81.);
1910 1474 1974 1507 ac

153 1550 446 1610 propterea
477 1542 632 1593 Petri
658 1541 1040 1593 successoribus
1067 1541 1250 1592 deberi
1273 1541 1623 1591 obedientiam
1649 1559 1791 1599 eam,
1818 1559 1974 1608 quam

166 1629 405 1680 Concilia
432 1634 484 1678 et
501 1627 695 1678 Patres
714 1645 918 1695 semper
945 1629 1268 1696 aynoverint.
1296 1624 1364 1676 Et
1389 1635 1501 1696 post
1526 1643 1683 1696 pauca
1709 1625 1974 1697 reprehen-

158 1713 227 1764 dit
263 1711 543 1765 haeretieos
578 1721 826 1780 tamquam
848 1711 1056 1763 unitatis
1099 1711 1371 1764 catholicae
1409 1729 1699 1775 eversoreS,
1751 1729 1811 1763 eo
1847 1712 1974 1780 quod

159 1809 388 1853 evertere
427 1797 624 1849 student
659 1800 1027 1850 auctoritatem
1063 1799 1449 1866 Episcopatus,
1494 1801 1588 1867 qui
1622 1801 1676 1848 in
1717 1798 1974 1850 Ecclesiis

155 1884 574 1953 particularibus
597 1887 848 1935 unitatem
873 1883 1128 1944 custodit,
1156 1891 1209 1935 et
1223 1887 1519 1951 primatum
1546 1885 1686 1935 sedis
1719 1885 1772 1935 S.
1805 1884 1976 1942 Petri,

160 1989 292 2038 quae
320 1977 399 2020 est
421 1988 688 2021 commune
714 1973 875 2022 totius
911 1973 1129 2022 unitatis
1165 1971 1464 2022 catholicae
1501 1975 1750 2021 centrum.
1801 1967 1854 2020 Id
1880 1967 1976 2038 igi-

161 2065 243 2105 tur
267 2054 319 2105 in
343 2054 555 2124 primatu
581 2053 839 2106 Romanae
866 2055 997 2106 sedis
1022 2056 1338 2126 praecipuum
1364 2055 1609 2126 agnoscit,
1638 2054 1763 2124 quod
1788 2054 1841 2105 in
1866 2054 1977 2105 uni-

164 2148 311 2191 tatem
336 2139 488 2190 totius
514 2137 771 2191 Ecclesiae
798 2140 1031 2190 tuendam
1059 2149 1205 2208 atque
1231 2141 1519 2191 firmandam
1545 2139 1818 2202 institutus,
1845 2141 1977 2209 ejus-

162 2226 268 2277 dem
297 2223 621 2276 continendae
646 2223 697 2274 in
723 2233 830 2276 tota
854 2222 1082 2275 Ecclesia
1120 2224 1186 2276 sit
1222 2234 1464 2277 centrum.
1518 2223 1636 2278 Vim
1663 2242 1783 2294 ergo
1810 2223 1863 2274 in
1890 2224 1977 2274 hu-

153 2309 368 2380 jusmodi
393 2309 633 2361 unitatem
662 2310 890 2362 tuendam
917 2308 1149 2379 primatui
1175 2319 1456 2380 competere
1482 2311 1660 2380 dogma
1686 2310 1976 2362 catholicum

162 2413 290 2458 esse,
318 2394 444 2463 quod
471 2413 500 2445 a
526 2394 645 2446 solis
672 2395 994 2448 heterodoxis
1020 2394 1071 2446 in
1098 2395 1291 2446 dubium
1312 2396 1483 2448 vocari
1508 2395 1683 2466 possit,
1711 2396 1976 2466 explorate

162 2483 346 2532 fatetur
361 2479 436 2550 *).
489 2477 547 2530 Si
572 2498 721 2550 porro
748 2485 907 2532 totius
942 2484 1160 2532 unitatis
1198 2483 1496 2533 catholicae
1535 2488 1772 2532 centrum
1799 2499 1867 2532 ex
1895 2500 1976 2534 ea-

160 2566 339 2618 tholico
365 2566 593 2634 dogmate
618 2565 670 2616 in
710 2565 922 2636 primatu
957 2575 1034 2617 est
1059 2565 1390 2618 collocandum
1406 2605 1419 2631 ,
1459 2583 1559 2617 non
1585 2566 1736 2618 solius
1763 2585 1977 2619 commu-

162 2650 326 2701 nionis
343 2689 356 2713 ‚
384 2650 470 2701 sed
495 2649 605 2701 fidei
631 2650 809 2714 etiam,
838 2668 962 2719 quae
987 2650 1150 2720 potior
1176 2661 1254 2702 est
1277 2650 1506 2704 Ecclesia
1530 2652 1720 2717 unitaS,
1751 2663 1975 2706 centrum

164 2734 367 2804 agnosci
393 2734 553 2797 debet,
578 2734 630 2785 vi
656 2752 712 2786 ac
737 2743 983 2804 potestate
1009 2735 1187 2787 idonea
1214 2737 1274 2787 ad
1293 2747 1551 2805 utramque
1571 2738 1812 2789 unitatem
1833 2748 1977 2790 tuen-

163 2820 272 2870 dam
301 2827 349 2869 et
376 2817 720 2870 continendam
746 2819 1040 2887 praeditum,
1068 2820 1146 2871 eui
1169 2821 1374 2889 proinde
1401 2822 1669 2874 cohaerere
1697 2839 1869 2874 omnes
1897 2841 1978 2875 ca-

164 2903 333 2955 tholici
359 2902 537 2954 debent
561 2903 612 2953 in
639 2903 853 2972 ejusdem
893 2904 1248 2957 communionis
1276 2923 1333 2958 ac
1358 2906 1469 2958 fidei
1503 2906 1713 2959 unitate.
1765 2903 1909 2973 Quod
1936 2908 1979 2959 si

163 2989 224 3040 ob
251 2987 376 3040 hanc
401 2987 642 3039 unitatem
656 2986 814 3040 Petro
836 3007 892 3042 ae
917 2990 1285 3043 successoribus
1306 2993 1412 3060 ejus
1433 2991 1636 3044 debetur
1661 2993 1977 3056 obedientia,

165 3093 320 3142 quam
354 3074 594 3126 Concilia
622 3081 674 3125 et
700 3074 893 3127 Patres
919 3095 1124 3145 semper
1151 3079 1490 3146 aynoverint3
1529 3077 1810 3130 obedientia
1849 3080 1978 3148 ejus-

222 3277 263 3325 ⁸)
293 3277 400 3315 Hinc
432 3277 556 3317 etiam
585 3279 626 3317 in
658 3279 916 3320 Catechismo
961 3292 1034 3330 pro
1083 3279 1226 3319 diebus
1266 3282 1383 3319 festis
1414 3279 1467 3318 ad
1499 3280 1605 3320 diem
1637 3281 1784 3320 festum
1815 3285 1976 3321 sancto-

162 3346 247 3374 rum
280 3335 394 3374 Petri
427 3347 475 3374 ac
506 3336 623 3375 Pauli
652 3339 866 3389 proposita
895 3340 1243 3389 interrogatione,
1281 3339 1327 3377 In
1363 3350 1547 3390 qttonam
1578 3340 1784 3381 consistat
1810 3342 1975 3391 prima-

162 3397 230 3433 tus
263 3393 477 3434 Ecclesiae
511 3393 758 3435 Romanae?
787 3399 966 3437 secunda
998 3399 1213 3448 responsio
1246 3401 1329 3437 est:
1366 3397 1417 3436 In
1449 3397 1540 3447 hoc,
1572 3399 1686 3450 quod
1715 3410 1858 3438 omnes
1891 3398 1975 3439 Ec-

164 3454 312 3493 clesiae
345 3453 494 3492 debent
525 3464 617 3492 cum
651 3453 748 3504 ipsa
779 3467 947 3502 seruare
979 3457 1200 3497 unitatem.
1234 3455 1339 3495 Vide
1371 3459 1468 3496 tom.
1503 3459 1574 3497 10.
1606 3457 1854 3497 novissimae
1887 3458 1973 3495 edi-

159 3510 284 3550 tionis
314 3523 480 3562 opernm
513 3523 606 3561 pag.
637 3511 739 3551 217.
