2320 3990
955 215 1620 274 ——134—

360 398 472 435 cum
499 381 592 436 bac
622 383 717 435 fide
744 381 1020 437 convenire
1046 381 1147 436 nisi
1170 381 1609 462 illos-Episcopus,
1637 389 1720 461 qui
1749 407 1860 443 cum
1885 387 2063 442 iisdem
2091 404 2226 442 sum-

358 469 454 523 mis
479 467 814 523 Pontificibus
849 469 1311 526 communicarent:
1348 472 1481 544 quod
1504 492 1608 530 non
1644 477 1809 531 minus
1837 476 2223 543 communionis,-
2301 527 2313 548 ·.

359 576 506 628 quam
532 556 647 610 fidei
671 556 923 612 unitatem
960 578 1071 613 cum
1098 557 1367 615 Romanae
1403 560 1539 616 sedis
1564 562 1895 620 Antistitibus
1934 564 2112 636 cuique
2136 582 2222 620 ca·
2299 567 2320 607 ⁴-

358 643 544 698 tholieo
583 645 930 700 necessariam
965 647 1263 721 praesumit.
1340 647 1484 705 Haec
1533 650 1888 725 interpretatio
1927 673 1993 707 ne
2030 653 2084 706 in
2123 654 2223 708 mei

359 733 658 805 systematis
702 734 923 806 gratiam
970 735 1188 791 distorta
1237 738 1504 806 credatur,
1551 739 1854 813 explicatior
1900 743 1987 797 fiet
2034 760 2104 796 ex
2139 741 2222 808 iis,

359 839 488 892 quae
538 820 629 874 sub
680 821 811 877 idem
862 832 1060 899 tempus
1096 824 1150 879 in
1188 826 1520 881 celeberrima
1561 826 1792 883 Orientis
1829 827 2064 885 Ecclesia
2101 849 2224 885 con-

359 907 604 980 tigerunt.

506 997 597 1052 30.
637 997 804 1073 Sapor
841 999 1053 1055 militum
1091 1000 1351 1075 Magister
1399 1021 1509 1057 cum
1554 1004 1755 1058 laudata
1789 1006 1902 1078 lege
1949 1006 2010 1058 ab
2049 1005 2222 1060 eodem

358 1083 610 1141 Gratiano
637 1087 822 1142 missus
849 1088 902 1142 in
929 1088 1224 1157 Orientem,
1263 1101 1320 1144 ut
1357 1111 1469 1146 eam
1507 1094 1861 1165 exequendam
1889 1103 2095 1148 curaret
2123 1093 2220 1166 (id.

358 1172 497 1228 Hist.
535 1177 569 1228 l.
599 1175 651 1230 5.
694 1196 738 1231 c.
767 1177 896 1251 3.),
942 1178 1252 1234 Antiochiae
1286 1190 1394 1235 tres
1432 1179 1716 1255 Episcopos
1755 1200 1931 1236 sacras
1971 1183 2122 1236 aedes
2161 1184 2222 1235 ab
2301 1193 2303 1203 ‘

355 1261 554 1336 Euzojo
581 1263 783 1319 Ariano
821 1276 1024 1338 ereptas
1061 1267 1158 1321 sihi
1193 1270 1510 1340 postulantes
1537 1268 1759 1335 invenit,
1799 1269 2034 1324 nimirum
2059 1270 2224 1325 Mele-

357 1350 508 1416 tium,
536 1350 805 1405 Paulinum
821 1393 834 1418 ,
874 1363 1026 1423 atque
1052 1354 1428 1426 Apollinarem,
1467 1375 1614 1428 quem
1637 1366 1951 1429 postremum
1979 1377 2007 1411 e
2032 1356 2223 1410 Laodi-

356 1457 474 1505 cea,
513 1441 651 1512 cujus
679 1451 792 1494 erat
817 1438 1133 1514 EpiscopuS,
1171 1441 1496 1497 Antiochiam
1535 1443 1846 1516 profectum,
1886 1462 2009 1498 suae
2047 1445 2224 1499 factio-

355 1527 435 1581 nis
460 1529 806 1601 praesulatum
834 1530 1138 1585 assumsisse
1153 1530 1512 1587 Theodoretus
1539 1541 1776 1586 testatur.
1814 1529 1917 1600 Qui
1938 1534 2047 1587 loco
2061 1532 2223 1606 Apol-

354 1616 531 1670 linaris
558 1616 784 1674 Vitalem
819 1621 926 1691 ejus
964 1618 1256 1693 discipulum
1295 1620 1696 1675 substituendum
1734 1631 1914 1693 putant
1941 1641 2011 1675 ex
2036 1621 2223 1676 Hiero-

355 1705 496 1778 nymi
523 1706 735 1778 epistola
772 1705 1167 1774 ad,Damasum,
1206 1708 1291 1761 ubi
1330 1727 1433 1762 non
1458 1708 1841 1781 Apollinarem,
1881 1709 1969 1762 sed
1997 1707 2223 1764 Vitalem

355 1813 455 1846 una
482 1813 591 1847 cum
609 1792 843 1861 MeletiO,
872 1804 923 1848 et
945 1794 1162 1848 Paulino
1190 1796 1443 1864 nominat3
1472 1797 1508 1850 ii
1535 1816 1635 1850 non
1663 1797 2018 1862 observarunt,
2048 1795 2224 1851 Theo-

356 1883 586 1936 doretum
614 1882 749 1953 loqui
776 1883 835 1937 de
861 1883 1017 1936 trium
1042 1884 1319 1937 factionum
1347 1885 1570 1952 ducibuS,
1601 1905 1811 1956 quorum
1841 1903 1994 1939 causa
2017 1883 2223 1938 institu-

354 1981 459 2023 tum
498 1970 591 2023 fuit
626 1969 840 2044 Saporis
872 1971 1141 2044 judicium,
1193 1992 1304 2027 cum
1341 1974 1559 2027 nondum
1595 1972 1784 2028 Vitalis
1834 1974 1894 2026 ab
1937 1972 2223 2046 Apollinari

352 2062 520 2113 fuerat
545 2058 827 2134 Episcopus
855 2061 1143 2127 ordinatus3
1183 2060 1556 2135 Hieronymum
1581 2081 1704 2118 vero
1732 2079 2046 2115 memorasse
2072 2046 2223 2116 Vita-

274 2183 287 2186 -r
356 2149 453 2202 lem
488 2151 591 2220 jam
616 2147 952 2221 Episcopum,
995 2150 1136 2221 cujus
1172 2149 1545 2203 ordinationem
1582 2159 1699 2222 post
1737 2147 1952 2222 Saporis
1981 2149 2221 2221 judicium

355 2235 712 2291 Theodoretus
739 2238 916 2291 refert.
971 2235 1066 2289 His
1093 2235 1250 2307 igitur
1277 2236 1440 2291 trinus
1470 2235 1885 2309 competitoribus
1914 2247 2032 2291 ante
2058 2236 2222 2310 Sapo-

352 2343 459 2378 rem
488 2325 807 2392 constitutis,
846 2344 956 2379 cum
996 2343 1065 2379 ex
1102 2322 1358 2397 Imperiali
1396 2326 1508 2397 lege
1545 2327 1696 2380 aedes
1733 2344 1912 2379 sacrae
1951 2325 2022 2378 illi
2049 2335 2223 2380 essent

352 2414 724 2485 adjudicandae,
753 2414 839 2485 qui
866 2413 1263 2468 communicaret
1292 2433 1401 2468 cum
1428 2413 1673 2480 DamaSO,
1705 2415 1976 2468 Paulinus
2007 2417 2222 2486 quidem

353 2507 637 2573 affirmare
673 2506 856 2570 coepit
891 2522 947 2555 se
975 2504 1221 2554 Damaso
1249 2506 1679 2563 communicare3
1720 2505 1864 2554 idem
1902 2522 2115 2572 quoque
2143 2522 2221 2555 as-

352 2591 565 2643 serebat
590 2587 934 2659 Apollinaris
963 2590 1230 2642 haeresim
1257 2609 1409 2643 suam
1437 2591 1735 2643 occultans.
1789 2587 1866 2640 At
1895 2607 2004 2642 cum
2043 2590 2221 2643 sileret

354 2678 623 2741 Meletius,
651 2678 923 2750 presbyter
951 2679 1056 2749 ejus
1085 2674 1364 2733 Flavianus
1390 2676 1632 2751 Episcopi
1660 2677 1737 2730 sui
1764 2695 1968 2731 causam
1997 2687 2220 2743 acturuS,

356 2777 410 2819 ut
436 2767 558 2820 duos
586 2767 699 2820 illos
728 2765 1088 2839 competitores
1115 2766 1413 2839 repelleret,
1448 2764 1716 2819 Paulinum
1753 2765 1805 2818 iu
1843 2765 2021 2839 primis
2049 2765 2122 2819 sic
2152 2766 2222 2819 al-

354 2858 587 2927 loquutus
628 2864 733 2910 est:
779 2857 845 2908 Si
880 2856 1114 2909 Damasi
1148 2859 1572 2908 communionem
1609 2856 1982 2924 amplecte-risi,
2022 2858 2220 2917 amice,·

354 2948 638 2999 doctrinae
663 2945 818 2997 nobis
845 2947 1190 3012 manifestam
1215 2946 1617 2997 similitudinem
1645 2946 1883 2996 ostende.
1925 2941 1980 2994 N
1982 2961 2048 2994 on
2073 2941 2220 3013 igno-

355 3032 529 3098 rabat,
571 3051 664 3086 nec
690 3031 934 3104 ignorare
961 3041 1164 3105 poterat
1191 3029 1467 3084 Flavianus
1494 3029 1766 3083 Paulinum
1787 3015 2031 3082 ⁴habuisse
2059 3048 2088 3082 a
2113 3027 2221 3083 Da-

355 3139 495 3175 maso
523 3121 894 3175 communionis
928 3120 1160 3186 litteras;
1202 3119 1291 3172 sed
1317 3117 1447 3172 hanc
1474 3115 1874 3171 communionem
1902 3136 1994 3190 per
2021 3117 2220 3172 litteras

353 3209 476 3263 nihil
515 3210 675 3265 eidem
703 3208 975 3282 suffragari
1002 3226 1154 3282 posse
1178 3205 1492 3279 intelligenS,
1520 3204 1619 3258 nisi
1638 3207 1946 3278 jungeretur
1973 3225 2083 3260 cum
2110 3207 2221 3259 uni-

356 3308 460 3351 tate
488 3299 777 3366 doctrinae3
806 3297 1070 3372 proposita
1086 3296 1291 3350 diversa
1309 3293 1575 3365 utriusque
1596 3294 1827 3348 doctrina
1847 3293 1899 3347 in
1921 3294 2219 3365 quaestione

353 3385 413 3439 de
451 3386 616 3440 tribus
653 3387 1042 3462 hypostasibus,
1083 3402 1207 3458 quas
1221 3381 1278 3455 Ἴ
1319 3381 1595 3437 Damasum
1635 3386 1835 3438 diserte
1866 3386 2220 3454 praedicare,

414 3528 456 3580 ‘)
486 3529 583 3571 Etsi
617 3543 642 3570 a
674 3531 851 3570 vocibus
894 3532 1027 3572 trium
1060 3530 1342 3583 hypostasum
1374 3528 1576 3568 Damasus
1619 3532 1661 3567 et
1693 3526 1991 3568 occidentales
2036 3526 2218 3565 abstine-

356 3594 467 3634 rent,
515 3594 751 3632 metuentes
795 3603 844 3631 ne
886 3603 1032 3633 nomeu
1069 3589 1315 3644 hypostasis
1345 3588 1511 3630 Latinis
1555 3580 1821 3633 inusitatum.
1873 3591 1912 3628 et
1949 3599 1969 3625 a
2015 3586 2220 3627 nonnullis
