2314 3984
717 279 889 297 ...-
960 213 1107 305 seeo
1197 278 1367 289 ---

138 418 710 484 οώκιΡαΜ-ωκιρα
734 419 790 468 in
816 419 923 468 sais
949 415 1339 471 successoribus
1359 416 1521 473 nivet,
1533 414 1826 479 menia
1852 426 1949 466 m

131 489 680 570 athadmdoque'wr.
734 502 799 554 Id
834 502 1035 555 pacm
1070 503 1284 562 diam,
1311 500 1646 553 samma
1669 503 1720 550 ιι
1734 499 1953 567 mmm·

137 588 396 657 Episcopi
418 590 482 639 in
504 587 1166 658 calchedonensi-synoda·
1183 588 1515 655 confirmant.
1565 580 1952 654 Reponi-multa

135 673 314 726 iterum
339 673 400 726 de
423 672 518 724 fide
537 670 797 728 Romanae
814 671 1299 740 Eecloshoioquens
1321 669 1421 723 ait:
1451 670 1647 722 Petrus
1671 669 1951 728 est-adhuc

135 764 188 812 in
212 759 602 812 suecessoribus
622 760 1028 827 fundamentum
1047 759 1310 827 fidelium,
1345 773 1406 810 eo
1439 755 1574 825 quod
1606 752 1839 806 nmirum
1861 771 1950 824 pe-

133 855 214 896 tra
264 843 346 909 sit,
385 843 466 897 cui
503 854 610 897 tota
646 842 877 898 Ecclesia
908 858 1182 911 omnesque
1218 840 1384 894 fideles
1409 840 1523 894 fidei
1547 839 1739 892 unitate
1759 839 1950 892 incum-

136 931 284 982 buntz
311 931 441 982 unde
460 930 555 982 suh
580 930 797 1002 ejusdem
813 928 1069 983 sermonis
1106 927 1252 979 finem
1291 926 1434 979 hanc·
1454 926 1567 978 fidei
1592 925 1832 979 unitatem
1858 942 1951 978 ex-

138 1016 355 1086 pressius
381 1025 699 1079 memorann}
730 1014 852 1067 haee
882 1012 1102 1065 maxime
1138 1013 1360 1066 notanda
1392 1012 1547 1066 vex-ha
1581 1012 1643 1063 ad
1668 1010 1950 1064 Romanam

133 1098 408 1153 Ecclesiam
434 1099 698 1152 convertit.
766 1099 969 1152 Sancta
997 1099 1245 1150 Romana
1272 1099 1546 1157 Ecclesia,
1585 1098 1951 1150 Ecclesiaram

133 1189 359 1236 muniam
379 1186 617 1254 fideliam
643 1190 836 1246 mater,
863 1187 1111 1238 Ecclesia
1136 1204 1171 1237 a
1195 1185 1318 1237 Deo
1339 1185 1542 1244 electa,
1577 1190 1638 1235 at
1654 1185 1800 1251 filios
1826 1201 1948 1235 suos

133 1274 185 1322 in
212 1273 397 1322 eadem
417 1273 525 1339 fide
552 1277 709 1339 atque
747 1275 973 1325 caritate
1009 1275 1219 1332 univ-es,
1255 1289 1352 1324 nos
1378 1287 1585 1338 semper
1613 1275 1756 1320 taam
1780 1272 1949 1321 unita-

134 1364 231 1408 tem
256 1357 555 1409 tenebimus.
608 1355 684 1408 Ob
710 1356 838 1409 hane
861 1357 1105 1409 unitatem
1131 1356 1270 1419 fidei,
1310 1373 1455 1422 quam
1480 1371 1652 1406 omnes
1689 1351 1949 1406 Ecclesiae

134 1439 404 1493 catholicae
428 1441 656 1494 similiter
680 1451 871 1507 tenent,
892 1445 1054 1511 fidem
1079 1443 1356 1494 Ecclesiae
1385 1441 1661 1492 Romanae
1687 1458 1798 1492 esse
1825 1459 1948 1491 sem-

131 1545 232 1592 per
251 1529 413 1595 sidem
439 1526 713 1580 Ecclesiae
738 1527 1011 1581 catholicae
1036 1527 1295 1598 profitetur
1311 1565 1326 1590 ‚
1353 1526 1414 1577 ad
1441 1544 1587 1594 quam
1613 1542 1734 1577 sane
1760 1523 1950 1577 Roma-

132 1628 228 1663 nae
264 1608 520 1664 Ecclesiae
556 1613 698 1666 fidem
727 1622 959 1682 propter
986 1615 1448 1682 principalitatem
1491 1630 1670 1664 omnes
1716 1614 1948 1680 undique

129 1698 314 1763 fideles
341 1700 619 1749 convenire
656 1699 848 1750 debere
886 1707 939 1751 et
971 1703 1025 1750 in
1061 1717 1170 1767 qna
1196 1717 1371 1750 omnes
1410 1700 1679 1750 Ecclesias
1706 1699 1948 1750 traditio-

132 1799 249 1833 nem
274 1800 613 1835 conservasse
641 1801 708 1834 ex
733 1782 942 1836 Irenaeo
979 1800 1400 1835 commemorans:
1438 1782 1533 1835 hoe
1556 1781 1686 1834 tanti
1709 1780 1947 1834 Doctoris

133 1867 466 1919 testimonium
500 1887 592 1939 pro
628 1870 830 1922 oraculo
867 1867 1146 1922 certissimo
1197 1858 1424 1921 omnibus
1471 1867 1680 1921 saeculis
1731 1867 1947 1920 habitum

134 1953 440 2022 pronuntiat.
498 1955 551 2006 S.
594 1956 777 2006 Irene'e
817 1975 849 2006 a
879 1958 1161 2022 prononce'
1193 1963 1278 2007 cet
1313 1956 1495 2008 oracle
1530 1957 1715 2006 revere'
1742 1974 1804 2006 en
1832 1962 1947 2007 tous

134 2039 208 2089 les
235 2041 432 2090 siecles.
486 2038 754 2093 Graculum
783 2047 904 2109 ergo
932 2040 1157 2092 omnihus
1183 2040 1394 2092 saeculis
1419 2050 1670 2112 receptum
1689 2040 1947 2110 judicavit,

135 2141 310 2175 omnes
337 2127 566 2192 undique
589 2126 773 2193 fideles
801 2142 908 2175 eum
918 2124 1181 2178 Romanae
1202 2124 1462 2177 Ecclesiae
1486 2125 1754 2177 traditione
1779 2144 1836 2178 ac
1856 2127 1948 2178 fide

130 2216 355 2276 propter
373 2212 829 2276 principalitatem
855 2215 966 2281 ejas
982 2215 1339 2278 potentiorem
1366 2211 1633 2264 convenire
1660 2220 1910 2281 oportere.

281 2294 362 2346 19.
413 2293 623 2365 Idipsum
651 2295 869 2365 apertius
895 2295 1193 2366 explicavit,
1227 2296 1352 2348 libro
1382 2296 1464 2349 10.
1495 2296 1559 2348 al.
1590 2296 1676 2347 15.
1747 2297 1945 2364 Defen-

132 2382 294 2430 sionis
321 2379 558 2431 declarat.
589 2378 728 2432 Cleri
750 2378 929 2432 Gallie.
958 2398 1001 2433 c.
1027 2380 1095 2445 1.,
1123 2382 1251 2450 quod
1276 2381 1431 2452 ipsius
1456 2381 1810 2446 testimonium,
1836 2400 1945 2434 cum

130 2462 285 2514 fusius
311 2463 669 2534 interpretetur
694 2466 851 2518 locum
877 2464 1127 2518 Matthaei
1153 2485 1195 2518 c.
1228 2467 1311 2519 16.
1338 2468 1391 2519 in
1416 2469 1637 2520 eamdem
1663 2467 1807 2536 plane
1833 2485 1947 2519 sen-

131 2548 335 2600 tentiam
361 2567 390 2600 a
416 2550 559 2602 nobis
584 2549 888 2620 propositam
902 2569 1010 2621 cap.
1036 2551 1120 2602 12.
1143 2551 1189 2618 §.
1215 2552 1259 2604 1.
1275 2561 1435 2604 totum
1461 2552 1538 2605 hic
1562 2552 1943 2604 exscribendum

130 2641 225 2683 est.
276 2634 358 2684 Ne
384 2637 515 2701 quid
537 2643 642 2687 tam
668 2640 1002 2688 necessariae
1026 2639 1378 2705 disputationi
1400 2641 1553 2699 desit,
1571 2641 1759 2706 placet
1782 2658 1944 2706 expo-

131 2736 255 2768 nere
282 2719 596 2771 luculentias
623 2721 762 2771 illud
784 2724 1073 2780 immotam,
1112 2726 1258 2790 qaod
1281 2727 1333 2774 in
1367 2727 1477 2791 fide
1507 2725 1662 2774 Petri
1687 2728 1852 2775 omnis
1879 2726 1943 2774 ab

131 2805 336 2870 oriqine
361 2807 504 2855 novit
530 2808 832 2873 antiquitas.
886 2807 951 2856 Id
974 2808 1182 2872 duplici
1205 2809 1360 2858 modo
1389 2827 1422 2858 a
1451 2808 1704 2860 Patribus
1743 2811 1942 2861 intelle-

130 2893 295 2938 ctamx
313 2892 548 2956 primam
573 2897 632 2942 ut
656 2890 899 2942 Ecclesia
927 2891 1192 2942 catholica
1218 2894 1272 2941 in
1297 2891 1452 2942 Petri
1460 2894 1567 2960 fide
1595 2896 1806 2946 immota
1824 2913 1942 2947 con-

129 2975 305 3032 sistat,
330 2980 436 3023 tum
460 2981 520 3026 ut
544 2978 806 3026 immotam
833 2977 1040 3043 aliquid
1063 2983 1115 3027 et
1146 2979 1391 3028 invictum
1417 2979 1470 3027 in
1498 2978 1794 3030 Ecclesiam
1819 2999 1941 3048 quo-

130 3076 229 3123 que
246 3060 577 3125 peculiarem
605 3060 902 3112 Romanam
935 3080 1002 3113 ac
1039 3064 1214 3113 sedem
1240 3060 1603 3129 Apostolicam
1631 3064 1787 3116 Petu·
1814 3068 1942 3133 fide,

123 3144 570 3206 praedicatione,
596 3150 871 3214 sanquine,
897 3151 1243 3207 auctoritate,
1269 3167 1333 3199 ac
1358 3151 1686 3200 successione
1711 3153 1941 3204 transla-

129 3231 234 3275 tam
255 3229 441 3292 faerit.
493 3231 565 3280 Et
586 3233 796 3299 quidem
825 3235 1089 3284 immotam
1127 3234 1289 3292 illud,
1325 3234 1472 3300 quod
1505 3252 1539 3284 a
1566 3234 1723 3286 Petri
1739 3238 1850 3303 fide
1885 3239 1937 3287 in

127 3314 423 3362 nniversam
440 3312 732 3367 Ecclesiam
754 3319 1105 3386 diffundatur,
1131 3321 1303 3369 sancti
1318 3317 1514 3369 Patres
1532 3320 1736 3374 ducunt
1749 3323 1815 3373 ab
1842 3325 1938 3377 illa

129 3400 342 3464 eya-eyia
374 3397 431 3448 S.
464 3398 618 3450 Petra·
641 3404 1000 3467 confessione,
1028 3402 1110 3454 Tu
1136 3420 1190 3454 es
1219 3399 1482 3466 Christus,
1520 3411 1572 3455 et
1609 3407 1800 3460 deinde
1826 3412 1939 3461 sub-

126 3488 342 3547 sequuta
378 3482 578 3535 Christi
600 3490 875 3546 sententia,
902 3486 983 3540 Tu
1011 3507 1064 3541 es
1092 3488 1296 3540 Petrus.
1330 3488 1525 3542 Petras
1550 3494 1689 3543 enim
1715 3494 1938 3564 Aposto-
