2314 3984
941 175 1598 234 *ηρ-

346 342 1210 417 litteris-›cimmuventus-ssihntium
1218 344 1588 414 ‹infixerinyet
1608 348 1928 420 loquutiones
1954 349 2192 419 quasdam

345 432 711 501 minuscautas
737 430 1079 503 usurpaverit,
1100 431 1310 503 quaein
1324 434 1662 505 patrociffium
1686 436 1915 490 haeresis
1933 438 2191 492 traductae

344 524 579 574 fuerunt..
614 516 886 572 Error-..hic
911 517 1139 575 Honorii-
1165 519 1260 573 fuit
1283 522 1810 595 error-subreptionis
1837 535 1888 578 et
1913 526 2062 591 facti,
2103 544 2192 579 seu

342 606 703 661 oeconomicae
727 605 1123 679 dispensationis
1138 649 1153 675 ‚
1185 627 1321 680 ³quae
1359 609 1423 662 ad
1458 608 2050 681 disciplinamsreferturr,
2084 633 2190 667 :non

343 695 440 748 suit
463 714 608 749 error
635 694 948 766 dogmaticae
975 695 1280 750 definitionis
1295 737 1310 762 ,
1346 715 1477 767 quae
1503 697 1566 750 ad
1597 697 1743 761 fidem
1766 717 1799 752 e
1825 700 2064 754 cathedra
2084 702 2191 755 edi·

344 794 448 837 tam
485 783 785 856 pertineat„
832 780 1205 856 Expendantur
1255 784 1455 857 singula
1490 783 1708 839 Honorii
1755 788 1942 852 verba,
1992 798 2046 841 et
2076 807 2190 842 cum

343 873 526 944 dogma
562 873 772 924 duarum
809 872 1159 944 operationum
1195 883 1246 926 et
1283 874 1598 927 voluntatum
1642 874 1808 942 quoad
1857 875 2191 929 substantiam

343 960 468 1014 satis
501 959 838 1033 propositum,
873 969 979 1014 tum
1016 980 1140 1017 vero
1179 961 1434 1015 silentium
1472 961 1630 1014 solius>
1662 962 1986 1016 oeconomiae
2022 982 2191 1031 causa,

343 1068 446 1102 non
471 1058 642 1102 tamen
668 1047 966 1116 definiendo,
994 1051 1081 1104 sed
1108 1050 1353 1103 hortando
1375 1047 1682 1121 (hortantes
1709 1070 1818 1111 vos,
1843 1050 2007 1122 inquit
2024 1051 2190 1125 Epist.

347 1136 396 1189 l.
427 1146 525 1191 act.
558 1138 643 1190 12.
673 1155 788 1209 syn.
817 1135 941 1210 VI.)
967 1138 1257 1193 invenietur
1283 1138 1676 1212 praescriptum,
1704 1139 1765 1191 ad
1791 1140 1920 1209 quod
1945 1159 2192 1195 revocan-

342 1234 426 1278 tur
450 1225 720 1278 nonnullae
754 1225 918 1279 minus
959 1231 1137 1280 cautae
1162 1227 1482 1297 loquutiones
1495 1226 1552 1299 ¹¹)
1590 1245 1784 1280 meram
1820 1246 2000 1282 vocum
2038 1248 2192 1299 quae-

345 1312 561 1365 stionem
587 1330 646 1364 ac
671 1311 949 1366 novitatem
974 1313 1334 1384 suggillante8‚
1377 1331 1506 1383 quae
1533 1314 1596 1366 ad
1620 1313 1960 1369 definitionem
1986 1316 2191 1387 dogma-

343 1398 495 1451 ticam
520 1398 655 1452 trahi
682 1398 817 1452 nulla
843 1399 1041 1453 ratione
1067 1409 1256 1470 queunt
1271 1421 1286 1451 z
1326 1417 1436 1452 cum
1461 1400 1765 1472 praesertim
1791 1400 1919 1454 idem
1945 1400 2192 1458 Pontifex

464 1590 504 1644 *)
536 1593 638 1633 Cum
669 1593 880 1634 Honorius
911 1593 953 1633 in
985 1593 1181 1634 secundis
1223 1593 1276 1633 ad
1309 1593 1504 1645 Sergium
1546 1593 1702 1634 litteris
1734 1595 1902 1634 insertis
1934 1596 2093 1647 synodo
2126 1599 2191 1638 Vl.

341 1658 424 1693 act.
461 1654 531 1695 13.
565 1655 804 1707 scripserit,
859 1654 1006 1707 Unius„
1032 1658 1173 1696 autem
1207 1654 1478 1707 operationis
1517 1656 1583 1695 vel
1616 1655 1800 1695 duarum
1843 1669 1931 1696 esse
1961 1659 2027 1696 vet
2051 1657 2193 1708 fuisse

343 1714 618 1755 mediatorem
650 1715 732 1755 Dei
771 1718 812 1756 et
843 1714 1063 1756 hominum
1091 1715 1322 1756 Dominum
1356 1716 1502 1756 Jesum
1536 1714 1773 1765 Christum,
1813 1718 1974 1756 sentire
2014 1720 2056 1758 et
2086 1730 2192 1770 pro—

341 1787 456 1816 mere
484 1775 594 1816 satis
624 1776 823 1827 ineptum
867 1779 954 1825 θεῖς
998 1787 1081 1815 non
1121 1779 1208 1816 tam
1251 1788 1379 1815 voces
1422 1776 1654 1816 catholicas
1693 1776 1864 1816 duarum
1905 1779 2191 1829 operationum

341 1848 561 1889 promere,
607 1849 727 1888 quam
759 1849 846 1877 rem
877 1838 1010 1889 ipsam
1043 1841 1085 1877 et
1116 1849 1282 1877 sensum
1314 1850 1364 1876 ac
1396 1836 1547 1888 dogma
1587 1838 1866 1888 pertinentem
1898 1840 2058 1879 sentire
2090 1843 2192 1879 tam-

343 1909 466 1948 quam
503 1897 702 1946 ineptum
731 1898 1040 1949 proscripsisse
1070 1899 1279 1938 Bossueto
1313 1898 1427 1937 visus
1461 1902 1525 1938 est
1556 1898 1628 1936 lib.
1661 1898 1704 1937 7.
1738 1898 1790 1939 al.
1813 1898 1882 1937 12.
1915 1898 2192 1948 Defensioreis

343 1970 435 2009 cap.
453 1957 527 1996 23.
575 1957 696 1999 Haec
727 1970 828 1998 vero
864 1959 1046 2009 objectio
1082 1958 1239 2010 duplici
1272 1970 1324 1998 ex
1355 1958 1496 2010 capite
1528 1960 1662 1997 nutat.
1713 1959 1852 1998 Primo
1875 1959 2044 1999 fulcitur
2062 1961 2193 2000 verbo

340 2019 522 2069 sentire,
557 2019 667 2069 quod
700 2022 840 2059 tamen
871 2019 1087 2059 inductum
1118 2032 1142 2059 a
1173 2020 1326 2060 Latino
1361 2022 1594 2070 interprete
1626 2030 1678 2058 ex
1710 2020 1876 2059 Graeca
1909 2032 2050 2060 earum
2082 2022 2195 2061 litte-

343 2091 480 2118 rarum
512 2080 732 2127 versione,
777 2092 870 2120 num
900 2079 1111 2130 legeretur
1154 2080 1196 2119 in
1239 2079 1436 2131 originali
1467 2079 1621 2119 Latino
1665 2079 1797 2130 ipsius
1829 2080 2036 2128 Honorii,
2083 2082 2193 2133 quod

343 2139 631 2188 desideratur,
674 2152 792 2179 nemo
834 2140 1092 2191 probaverit.
1154 2140 1316 2180 Deinde
1349 2140 1388 2179 ei
1420 2140 1550 2179 verbo
1583 2139 1769 2190 affigitur
1799 2152 1969 2187 sensus,
2014 2142 2083 2192 qui
2116 2153 2194 2182 nec

339 2200 552 2253 possibilis
585 2205 664 2253 est,
694 2213 772 2240 nec
804 2214 895 2242 cum
927 2201 1108 2240 Honorii
1140 2201 1376 2241 litterarum
1409 2203 1612 2241 contextu
1646 2200 1860 2243 cohaeret.
1910 2201 1975 2242 Ea
2008 2203 2118 2243 enim
2150 2204 2192 2242 in

342 2261 647 2312 explicatione,
679 2274 785 2313 quae
816 2274 899 2301 non
931 2274 1066 2301 meras
1097 2263 1253 2312 wiius,
1286 2263 1351 2302 vel
1383 2262 1569 2302 duarum
1601 2262 1902 2312 operationum
1933 2275 2084 2311 voces,
2119 2264 2193 2303 sed

340 2323 524 2373 ipsarum
568 2322 695 2362 etiam
736 2334 902 2362 sensum
944 2322 1249 2374 proscriberet:
1294 2335 1371 2362 nec
1415 2334 1522 2369 una,
1582 2334 1660 2361 nec
1701 2322 1804 2362 duas
1848 2324 2118 2375 operationes
2151 2325 2193 2363 in

340 2382 513 2423 Christo
544 2384 707 2423 sentire
739 2395 842 2435 opus
875 2387 1002 2431 esset,
1039 2384 1149 2435 quod
1180 2387 1246 2423 est
1277 2383 1398 2435 plane
1431 2383 1702 2434 impossibile.
1752 2384 1885 2423 Porro
1905 2396 1957 2423 ex
1987 2388 2078 2424 toto
2110 2398 2194 2424 am-

341 2444 485 2482 barum
515 2443 695 2487 Honorii
727 2444 959 2483 litterarum
993 2447 1195 2484 contextu
1228 2444 1380 2495 liquet,
1413 2443 1519 2482 hunc
1551 2443 1822 2490 Pontificem,
1859 2445 1938 2483 etsi
1972 2446 2093 2484 unius
2126 2447 2190 2484 vel

341 2503 531 2554 geminae
564 2504 824 2554 operationis
866 2516 993 2542 voces
1034 2503 1350 2555 supprimendas
1392 2503 1684 2553 contenderit,
1728 2503 1830 2542 duas
1870 2509 2012 2545 tamen
2045 2517 2194 2558 opera-

343 2564 482 2602 tiones
513 2563 555 2601 in
588 2564 756 2603 Christo
790 2575 836 2602 re
868 2564 960 2614 ipsa
994 2564 1131 2614 quoad
1164 2563 1438 2603 substantiam
1470 2566 1512 2602 et
1545 2575 1737 2610 sensum,
1771 2564 1866 2603 aliis
1899 2565 2000 2604 licet
2034 2566 2193 2608 verbis.

343 2623 609 2676 apertissime
648 2624 778 2663 fuisse
821 2624 1077 2671 confessum,
1123 2627 1167 2664 ut
1209 2624 1444 2665 notavimus
1492 2636 1618 2676 supra
1648 2636 1758 2664 num.
1790 2624 1864 2664 34.
1926 2626 2018 2665 Alia
2050 2627 2194 2678 itaque

342 2685 694 2735 interpretatione
727 2681 1042 2735 intelligendum
1074 2688 1139 2723 est
1171 2684 1354 2731 verbum,
1388 2684 1499 2735 quod
1530 2685 1573 2723 in
1604 2685 1799 2723 versione
1830 2685 1983 2726 Latina
2018 2699 2069 2726 ex
2102 2699 2193 2726 ver-

339 2745 460 2784 sione
493 2744 660 2783 Graeca
691 2745 901 2784 redditum
934 2747 998 2784 est
1028 2745 1212 2794 sentire,
1252 2746 1314 2784 ita
1345 2745 1509 2786 scilicet
1553 2747 1597 2784 ut
1640 2756 1720 2784 non
1766 2745 1974 2785 referatur
2013 2747 2067 2786 ad
2098 2760 2195 2799 pro—

340 2805 608 2847 scribendum
629 2805 820 2857 geminae
842 2806 1104 2858 operationis
1132 2818 1308 2852 sensum,
1342 2818 1462 2857 quem
1493 2805 1603 2845 idem
1635 2806 1850 2847 Honorius
1881 2810 1964 2847 tam
1997 2820 2194 2860 expresse

342 2866 616 2918 approbavit,
659 2865 732 2905 sed
766 2867 820 2907 ad
850 2866 1188 2918 supprimendum
1219 2869 1375 2906 tantum
1408 2878 1550 2907 earum
1580 2878 1728 2906 vocum
1771 2878 1910 2912 usum,
1953 2881 2073 2919 quem
2105 2868 2193 2920 qui-

343 2927 436 2966 dem
467 2938 591 2966 unum
621 2927 741 2978 pacis
774 2926 1063 2966 conciliandae
1095 2928 1261 2967 nomine
1293 2928 1466 2978 Sergius
1498 2926 1800 2966 sustollendum
1831 2928 2030 2978 petierat,
2065 2931 2107 2967 et
2140 2928 2193 2966 de

340 2999 422 3038 quo
455 2999 537 3032 uno
570 2987 756 3031 tollendo
788 2987 1002 3027 Honorius
1045 2987 1099 3026 ab
1142 3000 1193 3027 eo
1242 2988 1466 3039 deceptus,
1514 3000 1560 3026 se
1602 2987 1825 3031 sollicitum
1866 2990 1959 3027 toto
1994 2992 2190 3028 contextu

343 3048 527 3091 exhibet.
590 3048 637 3086 Si
681 3048 974 3100 primigenium
1015 3047 1199 3099 ipsarum
1241 3047 1476 3088 litterarum
1515 3048 1712 3087 Latinum
1753 3047 1979 3099 exemplum
2022 3052 2190 3100 praesto

344 3112 478 3158 esset,
522 3107 624 3148 nihil
667 3107 838 3157 dubito,
881 3108 978 3159 quin
1017 3108 1187 3147 verbum
1226 3109 1485 3159 praeferret,
1533 3108 1644 3158 quod
1683 3119 1842 3147 merum
1873 3120 2014 3148 earum
2046 3121 2192 3148 vocum

342 3181 460 3210 usum
490 3169 533 3208 in
563 3169 811 3220 praesumtis
843 3169 1167 3209 circumstantiis
1197 3168 1293 3221 paci
1327 3171 1369 3207 et
1401 3167 1573 3214 unitati,
1607 3167 1667 3206 uti
1700 3168 1938 3215 ferebatur,
1973 3170 2190 3211 infensum.

343 3230 452 3269 satis
493 3230 690 3281 ineptum
731 3229 994 3270 traduceret:
1039 3242 1159 3282 quam
1201 3228 1366 3280 quidem
1407 3228 1447 3267 in
1491 3229 1740 3268 sententia-m
1782 3228 1890 3268 idem
1921 3230 2116 3270 Pontifex
2148 3244 2193 3268 se

344 3302 392 3328 se
423 3290 644 3341 scripsisse
676 3290 759 3337 ait,
794 3294 878 3330 tum
910 3290 964 3329 ad
995 3291 1169 3341 Cyrum,
1215 3289 1285 3341 qui
1314 3300 1390 3341 pro
1424 3300 1526 3336 una,
1570 3292 1655 3327 tum
1688 3289 1743 3328 ad
1776 3290 2077 3341 Sophronium,
2122 3292 2189 3341 qui

344 3362 421 3402 pro
454 3350 621 3401 gemina
661 3352 907 3402 operatione
936 3352 1176 3403 pugnabat,
1214 3363 1281 3399 se,
1324 3350 1516 3400 inquam,
1562 3350 1781 3401 scripsisse
1823 3351 1883 3390 ait
1914 3351 2065 3391 ibidem
2098 3357 2192 3402 post

345 3422 493 3466 pauca,
525 3422 579 3450 ne
609 3423 744 3452 novae
776 3412 910 3461 vocis,
943 3412 1056 3452 'idest
1085 3411 1234 3454 unius.
1267 3411 1333 3453 vel
1361 3409 1558 3460 geminae
1582 3411 1847 3461 operationis
1882 3409 2193 3454 VOCABULo

344 3470 546 3511 insistere
585 3474 625 3511 et
654 3472 877 3513 immorari
908 3471 1152 3522 videantur,
1215 3471 1279 3512 En
1316 3469 1414 3522 quid
1455 3470 1651 3525 ineptum
1684 3470 1889 3518 credidit,
1931 3471 1995 3512 his
2038 3473 2081 3512 in
2117 3485 2189 3512 vo*

343 3532 510 3573 (tabulis
543 3531 743 3573 insistere.
773 3536 814 3573 et
845 3534 1080 3576 itnmora‘ri.
1124 3558 1125 3562 =
1285 3551 1287 3554 ¹
