2314 3984
905 191 1570 250 ——184—

313 358 592 415 declaravit
628 373 883 412 sermone>
902 356 994 412 62.
1034 375 1093 412 c:
1112 353 1579 421 &scaenarum
1617 364 1670 416 in
1709 362 2025 435 professione
2057 366 2172 439 fidei

312 446 543 500 omnibus
557 443 827 517 Apostolis
851 442 967 499 Deo
993 444 1257 501 revelante
1278 443 1777 522 *ideirmsspeaeivisse
1803 448 1990 520 docuit,
2015 462 2076 508 ut
2097 457 2176 508 ad

309 537 547 603 regimen
574 535 736 586 totius
764 534 1047 587 Ecclesiae
1067 540 1472 605 praeparatam
1500 541 2004 606 primum-disceret
2025 543 2175 611 quod

312 624 557 683 doceret,
594 628 647 674 et
684 621 853 674 PRO
892 620 1266 676 SOLIDITA
1278 621 1378 674 TE
1412 623 1683 686 FIDE&
1705 627 1938 688 QUAM
1956 626 2177 685 ERAT

312 706 722 762 PRAEDICA
733 708 782 759 T
790 709 896 761 UR
909 709 1033 772 US,
1059 712 1291 764 audivit:
1329 709 1410 763 Tu
1436 730 1491 764 es
1520 711 1815 775 Petras5et
1838 735 2001 787 super
2029 718 2171 779 hanc

303 803 521 865 petram
546 798 849 867 aedificabo
866 798 1170 852 Ecclesiam
1184 817 1371 860 meam,
1400 806 1453 851 et
1466 806 1670 868 portae
1693 803 1864 872 inferi
1883 821 1992 856 non
2009 822 2170 872 prae-

310 884 565 937 valebunt
589 887 851 939 adversus
880 905 1010 939 eam.
1063 885 1146 938 En
1174 885 1481 939 soliditatem
1509 895 1704 959 petrae,
1731 905 1885 960 super
1910 907 2057 959 quam
2087 907 2172 943 ae-

310 969 554 1024 dificanda
580 981 693 1044 efft
718 970 973 1040 Ecclesia,
1001 983 1053 1028 et
1079 975 1324 1029 adversus
1351 993 1499 1046 quam
1529 993 1630 1027 non
1656 975 2021 1047 praevalebunt
2044 975 2172 1030 infe-

311 1077 483 1111 rorum
508 1069 706 1132 portae,
735 1060 782 1114 ei
805 1063 941 1132 fidei
966 1061 1162 1128 tribuit,
1190 1081 1340 1134 quam
1366 1061 1557 1116 Petrus
1585 1071 1704 1116 erat
1724 1066 2170 1133 praedicaturus,

309 1157 360 1199 et
387 1165 534 1218 quam
560 1148 896 1220 praedicando
924 1150 1277 1204 aedificaturus
1305 1161 1416 1206 erat
1440 1149 1743 1204 Ecclesiam.
1786 1148 1864 1204 Ob
1892 1151 2019 1205 hanc
2045 1171 2169 1206 vero

308 1235 452 1287 fidem
470 1235 588 1307 ipse
613 1255 812 1307 quoque
840 1236 1030 1291 Petrus
1046 1248 1214 1308 petra
1241 1259 1270 1292 a
1300 1236 1506 1294 Christo
1535 1238 1832 1311 appellatus,
1859 1239 2169 1292 catholicae

301 1325 438 1391 fidei
455 1330 622 1391 petra
649 1341 680 1374 a
706 1321 885 1377 Leone
913 1325 1097 1378 dicitur
1122 1326 1271 1396 epist.
1302 1326 1426 1379 119.
1469 1327 1532 1378 ad
1569 1324 1858 1378 Maximum
1886 1324 2169 1379 Antioche-

306 1428 423 1461 num
451 1427 494 1463 c.
525 1409 597 1474 ·2.‚
625 1409 742 1480 quia
767 1409 821 1475 in
848 1410 942 1463 fide
969 1410 1031 1463 ab
1060 1428 1123 1464 eo
1150 1411 1442 1483 praedicata
1469 1410 1741 1465 universae
1760 1410 2024 1465 Ecclesiae
2049 1413 2171 1466 fides

306 1498 452 1550 firma
489 1507 663 1551 manet
699 1506 958 1568 tamquam
995 1497 1047 1551 in
1085 1498 1448 1552 fundamentali
1474 1498 1635 1552 solida
1672 1509 1849 1572 petra,
1891 1499 1966 1552 cui
1995 1519 2170 1554 omnes

307 1583 625 1652 Christiani,
665 1586 750 1656 qni
788 1585 1048 1658 pertinere
1083 1586 1244 1641 velint
1281 1586 1342 1639 ad
1386 1583 1583 1641 Christi
1621 1585 1938 1654 Ecclesiam,
1987 1589 2171 1642 dehent

303 1674 453 1726 inniti
480 1684 532 1727 et
559 1673 835 1728 adhaerere
861 1675 1103 1741 firmiter,
1132 1694 1196 1729 ne
1223 1675 1267 1728 si
1294 1675 1404 1745 quis
1433 1676 1493 1727 ab
1521 1675 1614 1729 hoc
1639 1677 1994 1742 fundamentO,
2023 1695 2111 1730 seu
2140 1696 2170 1729 a

305 1761 560 1815 soliditate
587 1761 735 1816 Petri
764 1763 983 1828 recedat,
1013 1764 1256 1818 recedens
1285 1781 1315 1816 a
1343 1759 1539 1816 Christi
1566 1759 1799 1817 Ecclesia
1827 1782 1981 1836 super
2005 1764 2170 1836 ipsum

304 1850 681 1903 fundamentum
696 1850 975 1916 aedificata,
989 1853 1160 1904 divini
1183 1854 1426 1922 mysterii
1440 1862 1688 1913 emor-&et
1711 1870 1900 1924 expers
1919 1851 2011 1904 sit:
2041 1851 2170 1922 quod

307 1937 666 1992 necessitatem
694 1938 902 1992 unitatis
932 1957 1043 1993 cum
1081 1937 1230 1992 Petri
1265 1939 1360 1992 fide
1398 1938 1813 1993 manifestissime
1841 1939 2038 1992 statuit.
2092 1938 2170 1991 Id-

304 2025 468 2098 ipsum
496 2026 759 2080 confirmat
797 2026 959 2092 ratic,
1001 2046 1149 2097 quam
1189 2024 1246 2079 S.
1287 2025 1538 2079 Pontifex
1564 2026 1785 2098 subjicit.
1843 2029 2004 2080 Hunc
2031 2031 2170 2080 enim

306 2119 362 2166 in
402 2118 735 2167 consortium
772 2117 1085 2167 individuae
1121 2118 1342 2167 unitatis
1381 2121 1740 2183 assumptum,
1776 2117 1836 2167 id
1872 2118 2022 2185 quod
2054 2118 2170 2184 ipse

309 2210 453 2264 erat,
481 2204 651 2254 voluit
674 2205 949 2255 nominari
975 2204 1234 2264 dicendo,
1263 2201 1349 2254 Tu
1377 2220 1431 2255 es
1459 2199 1649 2254 Petrus
1676 2211 1727 2254 et
1754 2220 1904 2273 super
1931 2201 2058 2254 hanc
2083 2220 2171 2273 pe-

304 2301 436 2343 tram
464 2289 737 2344 aedificabo
765 2287 1050 2343 Ecclesiam
1076 2309 1268 2355 meam,
1306 2298 1364 2343 ut
1401 2293 1611 2342 aeterni
1648 2292 1835 2359 templi
1861 2291 2169 2359 aedificatio

305 2380 544 2433 mirabili
568 2397 786 2431 intinere
821 2381 1040 2448 qratiae
1079 2379 1192 2431 Dei
1227 2382 1282 2431 in
1328 2379 1485 2431 Petri
1520 2380 1794 2431 soliditate
1821 2380 2169 2438 consisteret,·

306 2468 410 2518 liae
438 2467 742 2518 Ecclesiam
769 2485 918 2517 suam
942 2469 1198 2534 firmitate
1233 2467 1632 2526 corroborans,
1671 2473 1731 2516 ut
1753 2467 1908 2517 illam
1941 2483 2039 2515 nec
2076 2465 2167 2516 leu-

308 2572 469 2605 mana
496 2555 766 2604 temeritas
786 2558 980 2619 posset
1017 2560 1307 2621 appetere,
1346 2570 1446 2604 nec
1464 2559 1666 2620 portae
1693 2559 1887 2604 contra
1913 2552 2067 2603 illam
2094 2554 2168 2602 in-

300 2643 417 2709 feri
433 2640 837 2709 praevalerent.
890 2637 1080 2692 Nonne
1107 2639 1186 2693 hic
1213 2639 1538 2711 exploratum
1567 2650 1674 2705 est,
1717 2641 2029 2691 individuae
2057 2641 2168 2690 uni-

302 2731 431 2780 tatis
458 2731 790 2780 consortium
815 2726 934 2779 illud
962 2725 1284 2798 significare,
1331 2726 1461 2798 quod
1489 2724 1620 2778 sicut
1647 2722 1883 2779 Christus
1911 2726 1973 2778 ob
2000 2725 2170 2777 unita-

303 2826 404 2868 tem
430 2802 697 2868 Ecclesiae
723 2825 870 2886 petra
898 2823 978 2867 est
1005 2824 1056 2868 et
1082 2814 1484 2879 fundamentum,
1513 2813 1592 2867 cui
1618 2822 1727 2866 tota
1753 2811 1985 2866 Ecclesia
2023 2812 2170 2865 debet

304 2903 599 2967 adhaerere,
626 2901 698 2954 ita
725 2902 948 2973 ejusdem
976 2900 1187 2954 unitatis
1214 2901 1346 2954 hono
1373 2899 1426 2953 in
1453 2900 1598 2972 hujus
1626 2901 2019 2972 praerogativae
2046 2918 2168 2952 eon-

302 2989 519 3043 sortium
560 2987 750 3042 Petrus
789 2999 1043 3042 assumtus
1084 2988 1178 3040 fuit
1217 3005 1247 3039 a
1288 2985 1526 3050 Christe,
1566 3004 1677 3039 cum
1714 2985 1828 3038 hinc
1856 2985 2167 3055 migraturus

303 3079 465 3149 ipsum
493 3076 570 3130 sui
597 3078 707 3130 loco
731 3075 996 3131 constituit
1012 3073 1276 3129 Ecclesiae
1298 3082 1514 3144 petram,
1544 3082 1596 3125 et
1614 3081 1811 3143 petram
1838 3071 1910 3124 ita
1937 3072 2166 3136 solidam,

303 3175 358 3216 ut
385 3173 564 3218 contra
584 3164 745 3236 ipsam
782 3174 962 3237 portae
1001 3161 1152 3216 inferi
1187 3178 1290 3214 non
1330 3159 1705 3231 praevalerent.
1759 3159 1907 3212 Unde
1935 3158 2168 3212 similiter

305 3251 378 3303 ait
405 3270 558 3305 serm.
587 3252 640 3304 4.
671 3270 715 3304 c.
746 3251 797 3304 2.
860 3252 991 3305 Cum
1030 3270 1128 3321 eqo
1168 3253 1267 3302 sim
1301 3249 1631 3300 inviolabilis
1661 3255 1858 3316 petra,
1897 3266 1995 3317 eqo
2023 3249 2166 3315 lapis

309 3341 622 3407 anyularis‚
662 3343 757 3410 qui
774 3342 930 3409 facio
958 3346 1192 3410 utraque
1217 3355 1384 3389 unum·
1419 3336 1512 3406 (en
1539 3336 1722 3387 bonum
1749 3333 2021 3401 unitatis);
2066 3351 2164 3402 0510

300 3427 728 3494 fundamentum,
751 3434 980 3496 praeter
1006 3428 1331 3498 quodenemo
1353 3430 1538 3492 potest
1559 3425 1716 3476 aliud
1722 3439 1961 3492 ponere3
1990 3428 2165 3473 tamen

303 3521 360 3567 tu
389 3532 598 3583 quoque
618 3523 782 3584 petra
811 3534 895 3577 es,
923 3517 1052 3586 quia
1078 3531 1224 3566 meas
1257 3514 1452 3565 virtute
1481 3513 1737 3570 elidaris,
1775 3516 1835 3562 ut
1871 3527 2007 3578 quae
2036 3508 2168 3560 milei

2267 248 2314 299 <lt

2296 315 2314 352 ‘t
