2314 3984
181 408 427 468 eamdam
444 406 757 473 Μάσπιοι
778 421 880 473 que
906 406 983 457 les
1002 411 1191 473 portes
1207 407 1444 472 d'mfer,
1468 402 1990 469 cepe-’amputantem

180 495 401 546 l’erreur
439 509 508 543 ne
533 491 717 558 puisse
752 508 1059 551 ronnei-sen,
1108 498 1162 543 et
1189 509 1294 560 que
1325 509 1423 543 m
1450 488 1776 558 ponte-nme
1802 490 1987 556 pidue

179 579 431 629 condaire
457 578 494 628 ὰ
529 576 753 628 l’errenr
788 595 872 629 ses
897 580 1105 645 enfans.
1154 577 1261 630 Les
1284 591 1618 630 successeur-³
1641 572 1988 642 donequwle

183 664 238 715 S.
267 663 467 714 Pteme·
483 669 575 713 ont
599 669 716 715 tons
741 681 826 715 ces
851 675 1067 716 nmmos
1082 664 1405 732 privileyes,
1430 664 1524 730 qni
1545 678 1613 712 ne
1649 662 1856 714 salvent
1882 678 1987 727 pas

180 751 234 801 la
254 767 509 818 persone,
533 751 665 800 mais
691 750 747 801 la
771 749 1058 818 dimite-et.
1075 749 1130 801 la
1154 749 1358 818 elcarqe
1378 747 1652 817 publt'que.
1702 744 1863 798 Ideste
1891 747 1988 798 Ec·

175 837 338 887 etesia
372 853 577 902 semper
612 842 730 903 eyet
749 838 1133 905 confirmatore
1169 835 1474 902 infallibili,
1519 834 1595 885 ad
1630 851 1783 902 quem
1806 836 1987 900 confa-

174 940 300 990 yere
325 922 513 980 liceat,
539 929 591 974 et
607 923 987 989 fundamento,
1010 923 1158 989 quod
1170 929 1370 988 portae
1394 923 1586 989 inferi,
1622 927 1675 971 et
1690 922 1988 988 praecipue

177 1027 331 1059 error
355 1015 583 1076 nequeat
605 1008 929 1068 subvertere,
955 1014 1007 1058 et
1022 1014 1247 1074 pastore
1265 1047 1282 1068 ‚
1308 1010 1400 1076 qni
1423 1025 1546 1058 suos
1567 1006 1712 1074 filios
1746 1008 1987 1058 acl-erro·

177 1112 288 1145 rem
326 1095 520 1145 [lucere
555 1112 887 1162 nequaquam
914 1096 1104 1161 possit.
1174 1094 1518 1146 Silaces-sores
1555 1110 1684 1159 eryo
1739 1091 1795 1142 S.
1836 1092 1992 1142 Petri

175 1180 257 1230 Itis
282 1180 515 1230 omnibus
531 1179 833 1247 privileyiis
856 1182 1154 1247 potiantur,
1179 1197 1316 1248 qnae
1339 1196 1449 1230 non
1466 1195 1739 1246 personae
1765 1174 1867 1245 (ita
1892 1175 1988 1228 sci-

176 1264 290 1317 licet
325 1275 378 1316 ut
414 1283 522 1317 cum
546 1282 763 1335 persona
786 1264 1098 1336 intereant),
1134 1269 1232 1319 sed
1263 1266 1538 1334 diqnz‘tatis
1565 1271 1617 1315 et
1638 1265 1871 1314 muneris
1890 1281 1987 1330 pu-

178 1353 301 1402 blici
334 1350 424 1419 (ad
457 1368 772 1403 successores
808 1351 1052 1421 traducti)
1082 1354 1371 1420 privileyz‘a
1410 1357 1542 1403 sunt.
1618 1347 1674 1399 In
1709 1347 1785 1399 his
1821 1348 1988 1400 verbis

179 1455 287 1488 cum
322 1454 470 1489 voces
509 1440 897 1504 confirmatoris
936 1445 986 1489 et
1019 1440 1356 1504 fundamenti
1393 1437 1455 1487 ad
1479 1453 1539 1488 ea
1565 1435 1657 1486 duo
1682 1433 1989 1504 Evangelica

179 1524 287 1574 loca
312 1521 554 1573 Romanis
580 1522 891 1592 pontificibus
917 1532 1090 1593 aptata
1113 1525 1424 1586 reseruntur,
1461 1539 1587 1591 quae
1612 1522 1734 1573 duas
1758 1519 1989 1574 infallibi-

178 1608 331 1660 litatis
372 1607 728 1678 promissiones
767 1608 1053 1674 continent3
1091 1619 1195 1662 tmn
1219 1628 1341 1663 vero
1366 1608 1767 1660 infallibilitatem
1794 1625 1988 1660 eorum-

177 1693 360 1745 demin
396 1693 756 1746 definitionibus
790 1693 901 1745 fidei
936 1712 1004 1746 ex
1041 1694 1215 1747 iisdem
1250 1694 1509 1766 promissis
1549 1692 1741 1747 Christi
1767 1694 1987 1765 agnitam

174 1778 572 1831 manifestissime
598 1779 888 1831 adstruunt:
926 1780 1053 1832 unde
1092 1780 1244 1832 etiam
1275 1782 1326 1832 in
1361 1780 1671 1833 sermonibus
1704 1782 1763 1832 de
1788 1781 1986 1849 quibus-

172 1865 284 1915 dam
310 1864 667 1918 controversiis
692 1875 822 1936 part.
835 1864 886 1917 3.
916 1883 1066 1918 serm.
1084 1866 1168 1919 19.
1197 1866 1325 1919 idem
1351 1865 1569 1919 Sanctus
1595 1884 1835 1918 summum
1848 1865 1984 1919 Pon-

178 1951 353 2003 tificem
386 1953 586 2004 Christi
624 1952 888 2004 Vicarium
915 1960 966 2004 et
989 1956 1330 2022 interpretem
1355 1954 1697 2021 infallibilem
1721 1963 1885 2005 vocat.

988 2067 1034 2134 g.
1074 2066 1165 2120 lv.

241 2156 434 2197 Traditio
468 2156 642 2195 Petrum
673 2155 723 2194 dc
754 2155 1120 2203 indefectibilitate
1152 2161 1191 2197 et
1220 2158 1467 2207 integritate
1500 2158 1716 2197 constanti
1739 2156 1846 2205 fidei
1880 2159 1924 2196 in

858 2215 1052 2256 Romana
1083 2217 1296 2257 cathedra.

317 2287 401 2340 12.
452 2284 579 2338 Hinc
603 2284 797 2353 quidem
821 2284 1164 2356 Apostolicam
1202 2288 1343 2340 fidem
1369 2305 1632 2355 numquam
1665 2286 1904 2339 defecisse
1931 2287 1980 2338 in

174 2373 403 2426 cathedra
428 2381 576 2440 atque
599 2369 829 2424 Ecclesia
851 2370 1108 2437 Romana,
1136 2373 1577 2441 intemeratamque
1612 2390 1806 2444 semper
1830 2372 1983 2426 fuisse

172 2459 463 2512 custoditam
488 2467 724 2528 perpetua
742 2456 951 2510 Patrum
988 2458 1187 2511 traditio
1223 2460 1403 2512 docuit.
1467 2457 1524 2512 S.
1552 2458 1790 2511 Irenaeus
1807 2499 1820 2524 ,
1848 2469 1982 2530 post-

172 2565 316 2614 quam
341 2543 602 2597 affirmavit
636 2562 844 2598 necesse
880 2562 1019 2608 esse,
1055 2563 1227 2598 omues
1265 2546 1475 2616 undique
1509 2545 1676 2597 fideles
1713 2546 1981 2598 convenire

175 2649 279 2681 cum
307 2630 564 2682 Romanae
577 2627 834 2682 Ecclesiae
859 2630 975 2694 fide,
1004 2631 1214 2684 addidit:
1242 2634 1304 2685 In
1331 2653 1436 2701 qua
1463 2651 1666 2700 semper
1694 2634 1758 2684 ab
1786 2635 1866 2693 iis,
1891 2637 1984 2702 qni

175 2723 294 2767 sant
315 2717 544 2781 undique
569 2723 882 2767 conservata
908 2723 984 2767 est
1008 2735 1086 2776 ea,
1112 2736 1248 2786 quae
1275 2720 1338 2769 ab
1355 2718 1627 2785 Apostolis
1649 2726 1725 2770 est
1743 2721 1978 2770 traditio.

316 2797 372 2852 S.
424 2796 708 2870 Cyprianus
744 2799 889 2870 epist.
929 2801 1015 2850 55.
1053 2819 1162 2852 cum
1199 2801 1430 2855 Pontifici
1469 2813 1519 2854 et
1558 2800 1707 2855 Clero
1747 2803 1977 2857 Romano

174 2886 291 2938 nihil
327 2904 381 2938 se
418 2895 636 2938 metuere
675 2884 935 2938 affirmavit
967 2904 996 2937 a
1029 2884 1426 2940 Novatianorum
1452 2889 1728 2950 fraudibus,
1768 2890 1850 2957 qui
1873 2892 1980 2943 ausi

173 2974 366 3026 fuerant
387 2976 639 3040 nam‘yare
678 2974 752 3024 acl
777 2972 931 3023 Petri
953 2974 1262 3027 cathedram
1295 2983 1346 3027 et
1381 2976 1672 3028 Ecclesia-m
1706 2980 1977 3045 principa-

175 3060 296 3117 lem,
320 3060 456 3110 unde
491 3062 661 3110 unitas
693 3059 1058 3112 Sacerdotalis
1086 3069 1205 3114 orta
1243 3069 1319 3114 est
1330 3080 1346 3122 ‚-
1385 3061 1512 3114 hanc
1538 3061 1690 3116 veluti
1734 3062 1977 3117 rationem

174 3142 374 3212 adjecit:
424 3146 530 3196 Eos
557 3163 665 3197 esse
705 3145 1002 3207 Romanos,
1041 3167 1262 3216 qaorum
1293 3150 1426 3216 fides
1467 3147 1724 3216 Apostoli)
1757 3152 1977 3217 praedi-

173 3236 325 3281 cante
368 3231 585 3282 laudata
610 3237 714 3290 est,
753 3233 827 3283 acl
849 3251 978 3300 quos
1000 3236 1233 3302 perfidia
1261 3234 1454 3286 habere
1478 3254 1583 3286 non
1604 3238 1779 3302 possit
1802 3256 1976 3290 acces·

176 3334 296 3366 sam.
384 3313 501 3367 Non
528 3315 672 3368 ‚dixit
713 3326 902 3370 tantum
943 3338 1047 3371 non
1087 3320 1281 3372 habere
1325 3340 1620 3381 aceessum,
1671 3322 1758 3374 sed
1794 3321 1975 3376 hahere

172 3418 274 3452 non
293 3406 482 3469 possit.
518 3398 727 3454 Censuit
749 3402 915 3472 itaque
942 3403 1219 3458 Romanam
1244 3405 1382 3457 fidem
1410 3423 1511 3458 non
1537 3408 1692 3460 solum
1718 3427 1819 3462 11011
1845 3411 1973 3461 desc-

180 3484 306 3539 cisse
332 3505 585 3555 umquam,
622 3489 706 3540 sed
744 3508 835 3543 1100
869 3509 1014 3561 posse
1050 3492 1273 3545 delicere.
1328 3490 1544 3558 Confer,
1580 3514 1707 3563 quae
1757 3496 1807 3548 in
1848 3497 1973 3548 hunc
