2320 3990
1234 235 1339 271 xvl

362 382 480 448 ciat,
518 381 570 435 in
603 381 734 453 quod
762 381 1009 455 principia
1033 383 1127 438 hac
1152 384 1207 437 in
1233 384 1596 441 dissertatione
1623 388 1880 442 afferenda
1905 388 2222 460 potissimum

361 486 657 551 conferunt,
698 485 785 538 sed
822 484 1112 558 disciplinae
1150 506 1346 559 quoque
1371 487 1639 544 materiem
1665 491 2056 563 complectatur,
2097 510 2223 563 quae

359 587 472 642 aliis
501 598 651 658 atque
679 587 790 641 aliis
815 588 1075 662 principiis
1101 589 1325 662 indiget,
1365 591 1520 658 aliaS‚
1561 589 1607 644 si
1630 593 1858 660 vacabit,
1886 594 2224 666 explicabitur

361 701 511 761 atque
539 691 893 745 constituetur.

506 794 559 847 4.
601 792 823 849 Sanctus
849 795 1172 867 Augustinus
1213 796 1357 850 initio
1396 797 1514 850 libri
1549 800 1617 851 de
1645 798 1940 852 Mendacio
1979 800 2219 854 lectorem

352 898 470 969 jure
496 898 845 970 praemonuit:
883 900 1137 970 Quisquis
1166 902 1318 971 Ζεῃίε,
1343 902 1486 954 nihil
1507 902 1900 972 reprehendo&
1926 904 2034 954 nisi
2059 909 2223 955 totum

361 1002 572 1071 leyerz’s.
626 999 680 1053 Id
707 1019 737 1053 a
762 1020 842 1055 me
867 1002 1024 1054 multo
1050 1002 1217 1074 magis
1242 1004 1697 1076 praemonendum,
1737 1014 1787 1058 et
1814 1003 2020 1057 enixius
2047 1013 2223 1076 peten-

361 1105 488 1156 dum.
541 1102 807 1176 Principia
844 1104 1009 1171 enim,
1052 1124 1180 1176 quae
1218 1106 1608 1179 praemittentur
1649 1107 1710 1160 ad
1750 1108 2078 1162 evolvendam
2116 1116 2222 1160 sta-

360 1207 696 1278 tuendamque
728 1217 964 1260 naturam
1003 1226 1062 1262 ac
1096 1210 1198 1263 vim
1225 1207 1484 1264 Pontificii
1519 1210 1792 1283 primamS,
1833 1210 2222 1264 consecutiones

359 1311 650 1364 indicabunt
678 1311 738 1362 de
763 1309 1050 1364 inerrantia
1077 1321 1129 1365 et
1154 1311 1510 1367 infallibilitate
1538 1312 1889 1367 Romanorum
1916 1311 2222 1367 Pontificum

359 1414 411 1465 in
439 1412 814 1466 definitionibus
841 1413 971 1465 fidei.
1023 1412 1159 1465 Hinc
1196 1423 1362 1467 autem
1388 1415 1875 1486 praeoccupationes
1903 1415 2223 1469 adversario-

361 1535 502 1580 rum,
542 1516 772 1586 objecta,
815 1524 863 1567 et
901 1514 1215 1569 difficultates
1254 1516 1527 1569 identidem
1554 1516 1794 1587 ingerent
1819 1517 2127 1588 praesertim
2155 1535 2225 1570 ex

360 1619 650 1690 quibusdam
676 1617 824 1670 factis
841 1658 854 1683 ‚
884 1636 1013 1689 quae
1040 1637 1149 1672 cum
1176 1617 1366 1671 directe
1391 1617 1651 1690 principiis
1677 1619 1801 1689 ipsis
1828 1637 1930 1670 non
1953 1619 2225 1672 adversen-

360 1735 470 1790 tur,
513 1742 615 1775 non
651 1730 799 1775 erunt
838 1720 1020 1773 ibidem
1047 1720 1314 1785 solvenda,
1356 1721 1445 1772 sed
1471 1721 1736 1774 solventur
1761 1729 1942 1792 postea
1967 1720 2078 1772 loco
2106 1739 2223 1791 pro-

361 1827 487 1899 prio.
553 1825 725 1896 Itaque
764 1822 1304 1896 praeoccupationibus
1354 1823 1583 1876 omnibus
1621 1823 1858 1895 sepositis
1899 1832 2059 1875 totum
2100 1840 2223 1893 opus

362 1940 515 1983 antea
564 1930 793 2000 l'egatur3
847 1926 1068 1996 nihilque
1119 1926 1279 1979 lector
1326 1926 1692 1998 reprehendat,
1747 1935 2014 1996 antequam
2062 1934 2222 1976 totum

361 2032 573 2105 legerit,
625 2032 678 2083 in
730 2049 825 2100 quo
875 2028 1104 2083 omnibus
1146 2029 1324 2083 saltem
1362 2028 1688 2101 gravioribus
1726 2028 1959 2100 objectis,
2012 2046 2223 2097 quorum

363 2135 545 2189 solutio
574 2154 676 2189 non
705 2152 774 2187 ex
799 2151 925 2199 uno,
953 2133 1033 2186 vel
1061 2134 1249 2198 altero,
1280 2133 1368 2186 sed
1395 2151 1465 2186 ex
1492 2132 1713 2185 omnium
1738 2132 1822 2185 vel
1846 2130 2060 2203 plurium
2087 2130 2225 2201 prin-

364 2238 610 2311 cipiorum
649 2238 917 2308 complexu
968 2235 1176 2306 pendet,
1232 2233 1618 2305 congruentiori
1666 2232 1880 2302 singulis
1926 2232 2036 2285 loco
2073 2232 2227 2285 satis-

362 2344 550 2396 factum
575 2340 640 2393 iri
666 2340 876 2393 confido.

510 2445 562 2497 5.
602 2442 672 2496 Et
699 2441 933 2514 quoniam
970 2441 1062 2494 hac
1088 2441 1142 2493 in
1168 2440 1528 2494 dissertatione
1556 2441 1615 2494 de
1642 2438 1757 2493 fidei
1780 2437 1998 2492 materia
2021 2437 2229 2510 potissi-

363 2566 497 2600 mum
537 2545 783 2617 agendum
822 2554 930 2610 est,
978 2542 1102 2596 libet
1148 2541 1321 2616 paucis
1360 2543 1525 2595 nostri
1569 2541 1868 2614 systematis
1906 2540 2225 2613 praecipuam

364 2650 498 2715 vim,
540 2667 599 2702 ac
633 2647 791 2700 totius
830 2645 1236 2700 ratiocinationis
1274 2663 1519 2698 summam
1545 2644 1790 2698 indicare.
1844 2643 2136 2715 Principia,
2174 2642 2226 2694 in

366 2752 544 2823 quibus
591 2750 916 2805 adversarios
973 2748 1353 2803 consentientes
1405 2746 1712 2811 videbimus,
1763 2745 1817 2797 in
1859 2745 1981 2798 illud
2023 2744 2227 2798 tandem

366 2855 611 2920 recidunt,
640 2872 736 2924 quo
764 2852 959 2907 cunctis
985 2851 1247 2905 catholicis
1274 2849 1568 2905 necessaria
1587 2856 1839 2902 statuetur
1860 2865 1970 2899 cum
1990 2846 2228 2900 Romana

367 2958 486 3012 sede
507 2955 858 3026 Romanisque
876 2953 1212 3008 Pontificibus
1231 2953 1401 3006 unitas
1423 2949 1786 3005 communionis
1813 2958 1866 3001 et
1891 2949 2004 3001 fidei
2029 2947 2229 3001 ratione

367 3060 631 3132 primatus,
694 3057 834 3111 Istud
879 3066 1047 3111 autem
1085 3053 1411 3128 principium,
1465 3051 1595 3122 quod
1630 3049 1789 3122 ipsius
1828 3049 2076 3121 primatus
2112 3067 2230 3120 pro-

367 3163 529 3237 priam
554 3161 974 3235 praecipuamque
993 3159 1097 3215 vim
1124 3156 1380 3221 continet,
1408 3171 1617 3224 eamque
1644 3151 1923 3206 coactivam
1951 3149 2013 3202 ad
2038 3158 2229 3202 utram-

371 3285 466 3338 que
506 3265 750 3318 unitatem
769 3304 782 3330 ,
824 3273 875 3317 et
911 3261 1228 3335 potissimum
1267 3268 1419 3329 atque
1452 3255 1694 3330 primario
1733 3253 1796 3306 ad
1830 3252 2075 3305 unitatem
2115 3251 2228 3304 fidei

371 3387 483 3423 cum
532 3368 626 3421 fide
676 3366 897 3438 ejusdem
944 3365 1079 3419 sedis
1131 3373 1182 3417 et
1218 3360 1569 3417 Romanorum
1608 3355 1913 3410 Pontificum
1958 3373 1988 3407 a
2034 3351 2228 3408 cunctis

372 3471 598 3526 fidelibus
644 3467 847 3523 omnino
894 3467 1227 3533 servandam3
1279 3464 1442 3529 istud,
1494 3462 1722 3532 inquam,
1770 3455 2068 3530 principium
2114 3462 2230 3526 post
