2320 3990
674 186 1282 285 ——474—

80 399 268 471 quidem
306 397 515 469 idipsum
553 414 799 468 expresse
835 397 979 450 docet
1029 400 1084 448 in
1120 401 1351 448 tractatu
1391 395 1645 446 historico
1681 395 1747 445 de
1788 393 1894 461 Ro-

80 505 233 538 mana
260 486 484 537 eccle-sia
511 502 554 536 c.
583 484 635 536 4.
674 483 757 536 ubi
793 483 968 536 relatis
1000 480 1323 554 Evangelicis
1357 479 1683 550 testimoniis,
1721 479 1897 550 quibus

78 570 134 624 S.
172 568 318 623 Petri
351 570 618 641 primatum
650 569 902 642 praecipui
923 568 1055 641 juris
1090 568 1415 622 constitutum
1448 566 1704 620 nobiscum
1741 584 1898 638 agno-

78 656 173 710 scit
198 666 249 709 et
273 657 478 728 probat3
507 656 553 709 ei
579 655 873 727 objectioni,
907 672 1005 724 qua
1030 654 1202 707 eadem
1228 653 1516 706 testimonia
1541 654 1603 706 ad
1627 653 1751 707 alios
1778 671 1898 724 quo-

77 761 171 813 que
195 742 469 815 Apostolos
495 742 703 796 extendi
725 742 1013 806 traduntur,
1040 757 1372 812 responsurus
1386 779 1400 806 ,
1437 757 1612 793 omnes
1636 741 1898 794 facultates

78 829 130 881 in
163 825 442 900 Evangelio
479 829 722 883 indicatas
763 828 876 882 aliis
913 846 1198 882 communes
1244 827 1458 880 affirmat
1501 836 1705 899 praeter
1741 827 1897 891 hanc,

79 934 204 986 quae
231 916 291 968 ad
316 916 559 969 unitatem
591 915 646 968 in
678 925 786 968 tota
809 913 1039 968 Ecclesia
1065 913 1435 968 custodiendam
1470 913 1703 985 pertinet.
1759 915 1899 982 Hoc,

79 1002 260 1072 inquit,
288 1007 425 1055 iuter
455 1004 674 1055 Petrum
700 1010 752 1054 et
774 1004 1010 1072 reliquos
1036 1000 1325 1070 Apostolos
1353 1005 1585 1061 interest,
1614 1003 1760 1070 quod
1783 1021 1900 1054 cum

87 1090 328 1143 Christus
365 1108 656 1142 sermonem
702 1091 776 1141 ud
810 1108 986 1142 omues
1025 1090 1185 1141 simul
1217 1089 1430 1149 habuit,
1478 1090 1665 1140 ilsclem
1700 1089 1900 1149 tribuit,

80 1178 225 1246 quod
247 1195 516 1228 commune
543 1183 621 1228 est
644 1178 910 1238 omnibus,
948 1183 1000 1228 et
1034 1179 1087 1227 in
1125 1195 1230 1244 quo
1269 1193 1447 1225 omnes
1485 1175 1737 1243 aequales
1763 1181 1901 1234 sunt,

80 1266 156 1314 uti
194 1269 271 1313 est
299 1269 538 1330 potestas
574 1267 830 1333 sacrificii
865 1264 1152 1334 offerendi,
1204 1263 1434 1313 docendi
1482 1279 1658 1312 omnes
1703 1268 1901 1330 yentes,

81 1348 412 1415 baptizandi,
447 1341 749 1401 remittendi
778 1357 1036 1418 peccata,
1073 1356 1125 1400 et
1148 1350 1411 1418 quidquid
1444 1350 1519 1399 acl
1543 1349 1654 1398 alia
1680 1367 1899 1400 munera

83 1441 300 1502 spectat.
355 1432 426 1484 At
450 1437 664 1501 quando
692 1439 766 1487 acl
788 1456 948 1488 uuum
978 1436 1199 1486 Petrum
1237 1438 1290 1485 iu
1318 1435 1584 1502 singulari
1607 1453 1901 1485 sermonem

83 1523 365 1579 convertit,
403 1522 509 1587 ipsi
544 1521 730 1572 tribuit
765 1523 1028 1591 quidquid
1062 1524 1230 1589 ipsius
1261 1524 1551 1589 proprium
1590 1527 1692 1581 est,
1730 1523 1902 1588 ipsum

84 1624 242 1658 unum
268 1606 562 1672 alloquens,
587 1613 647 1658 ut
669 1610 722 1658 in
738 1609 984 1661 Ecclesia
1010 1615 1266 1660 statueret
1287 1611 1556 1667 unitatem,
1582 1613 1733 1680 cujus
1752 1611 1902 1676 prin-

80 1694 275 1759 cipium
314 1697 366 1742 et
381 1693 789 1757 fundamentum
825 1697 1061 1745 eumdem
1090 1694 1313 1744 Petrum
1346 1696 1642 1754 constituit,
1677 1713 1903 1762 quocum

81 1785 283 1831 ceteros
322 1794 498 1828 omues
523 1778 813 1830 cohaerere
851 1798 985 1847 opus
1012 1786 1116 1840 est,
1153 1786 1213 1831 ut
1235 1782 1342 1831 sint
1363 1798 1524 1831 unum
1550 1780 1613 1830 ob
1639 1784 1903 1841 unionem,

84 1883 241 1934 quam
267 1863 460 1914 habere
488 1864 676 1916 debent
701 1885 817 1917 cum
843 1869 1048 1935 capite,
1074 1869 1187 1918 sine
1216 1886 1320 1935 quo
1346 1867 1487 1917 nihil
1510 1874 1655 1927 semet,
1680 1868 1902 1918 nullam-

83 1970 182 2019 que
203 1956 518 2018 potestatem
545 1969 799 2003 exercere
826 1961 1039 2022 queunt.
1091 1951 1211 2005 Non
1249 1952 1493 2004 absimilia
1530 1952 1683 2004 tradit
1715 1951 1903 2005 Petrus

84 2037 142 2088 de
166 2035 346 2088 Marca
378 2035 431 2087 in
468 2038 700 2106 opusculo
740 2041 806 2090 de
844 2041 1169 2092 Discrimine
1202 2041 1520 2092 elericorum
1560 2047 1609 2092 et
1643 2042 1904 2092 laicorum

86 2141 127 2175 c.
156 2122 207 2175 3.
236 2122 290 2173 in
315 2140 409 2190 quo
438 2140 507 2173 ex
533 2133 816 2175 sanctorum
844 2124 1054 2177 Patrmn
1080 2126 1306 2178 doctrina
1339 2126 1551 2178 affirmat
1577 2126 1905 2178 communica-

88 2218 186 2259 tam
224 2226 254 2258 a
280 2204 484 2259 Christo
523 2208 633 2260 aliis
668 2207 930 2279 Apostolis
967 2228 1159 2262 omnem
1195 2221 1495 2281 potestatem
1532 2221 1735 2281 praeter
1770 2211 1905 2263 illam

87 2311 210 2363 quae
230 2313 338 2361 pro
365 2297 562 2345 tuenda
587 2299 788 2347 unitate
814 2300 868 2347 in
893 2299 1210 2349 universalis
1238 2299 1514 2349 Ecclesiae
1541 2301 1796 2366 reffl’mt‘ne
1822 2300 1907 2350 illi

78 2399 218 2448 prae
243 2383 430 2431 ceteris
457 2382 666 2433 indulta
692 2389 784 2434 est.
837 2379 968 2449 Quid
993 2376 1063 2435 'ab
1103 2383 1405 2438 adversariis
1434 2383 1726 2454 expressius
1753 2385 1905 2437 scribi

87 2465 268 2536 potuit,
304 2475 359 2517 ut
382 2463 688 2537 Evangelica
712 2468 1002 2520 testimonia
1028 2467 1186 2522 Petro
1214 2481 1264 2523 et
1290 2471 1399 2522 aliis
1425 2469 1689 2542 Apostolis
1717 2471 1905 2540 aliqua-

86 2561 229 2604 tenus
256 2553 555 2618 communia,
590 2553 642 2605 in
668 2572 778 2606 eam
813 2573 960 2607 unam
984 2554 1449 2628 interpretationem
1475 2555 1622 2610 Petri
1646 2565 1697 2609 et
1723 2557 1906 2628 prima-

87 2648 166 2690 tus
193 2641 296 2709 ejus
331 2639 583 2710 propriam
621 2640 904 2711 accipienda
937 2653 1332 2712 cognoscantur,
1370 2653 1614 2713 quatenus
1649 2644 1710 2696 ad
1742 2644 1906 2697 unita-

90 2732 187 2775 tem
212 2723 265 2774 in
290 2733 396 2776 tota
419 2722 649 2782 Ecclesia
682 2727 912 2779 tuendam
937 2729 1225 2799 pertinent?
1277 2726 1440 2796 Quam
1464 2747 1586 2784 vero
1625 2731 1675 2782 in
1703 2741 1905 2783 senten-

90 2808 208 2861 tiam
237 2809 356 2863 haec
380 2810 545 2862 unitas
573 2811 632 2862 ab
660 2830 719 2864 eo
746 2813 927 2865 tuenda
965 2813 1140 2866 iisdem
1177 2815 1476 2867 testimoniis
1503 2826 1782 2885 spectetur,
1812 2835 1906 2868 ex-

90 2894 373 2964 plicabimus
399 2915 507 2967 cap.
539 2897 621 2950 12.
