2320 3990
686 230 1294 287 —41—

86 409 308 464 dubitare
333 425 434 460 non
459 405 600 458 licet:
629 403 758 473 quod
782 403 941 474 ipsum
969 402 1134 474 exigit
1158 399 1288 454 ratio
1317 417 1348 452 a
1371 396 1621 451 Bossueto
1647 397 1903 469 proposita

85 498 135 549 in
162 511 392 548 sermone
431 492 492 545 ad
525 489 745 545 Comitia
771 487 911 543 Cleri
937 487 1187 542 Gallicani
1225 486 1344 539 anni
1372 485 1530 540 1681.
1584 485 1794 537 Etenim
1820 485 1904 536 Je-

83 601 169 635 sus
204 581 444 634 Christus
483 597 537 630 se
576 580 926 629 communicat
959 577 1061 629 tali
1082 591 1358 633 mensura,
1396 591 1532 642 quae
1569 575 1676 642 ipsi
1690 573 1902 640 placet.-

83 687 287 736 semper
313 674 485 719 autem
511 684 564 717 se
593 684 652 716 eo
680 651 834 716 modo
861 663 1236 720 communicat,
1263 661 1355 728 qui
1378 660 1690 711 statuendae
1715 661 1908 711 unitati

85 774 209 808 suae
247 755 523 806 Ecclesiae
561 754 632 804 sit
665 751 1059 818 conyruentz‘or.
1123 743 1300 798 San'cti
1337 743 1528 814 quidem
1567 742 1752 796 Patres
1788 763 1907 797 con-

87 840 240 894 stanti
266 838 530 892 Ecclesiae
552 835 825 889 traditione
859 833 931 886 ita
955 832 1195 885 unitatem
1222 830 1280 884 S.
1309 830 1467 885 Petro
1495 830 1732 884 creditam
1758 849 1906 902 prae—

86 927 279 990 dicant,
314 935 367 977 ut
396 935 512 998 apta
538 933 587 978 et
612 919 901 976 necessaria
927 920 988 972 ad
1022 919 1071 971 id
1106 928 1354 991 potestate
1382 918 1604 971 eumdem
1630 917 1903 989 praeditum

86 1015 318 1078 innuant,
354 1013 434 1066 vel
458 1017 807 1083 praesumant,
845 1016 900 1058 ut
925 1023 1047 1058 mox
1073 1005 1376 1071 videbimus,
1416 1023 1472 1058 ac
1499 1004 1722 1076 pluribus
1750 1005 1906 1074 lique-

83 1099 155 1151 bit
181 1117 248 1151 ex
273 1096 572 1151 testimoniis
601 1093 863 1148 afferendis
891 1110 997 1164 cap.
1029 1091 1113 1146 13.

228 1186 278 1237 2.
319 1182 459 1236 Haec
486 1193 650 1236 autem
676 1182 856 1234 idonea
879 1179 1085 1231 unitatis
1114 1178 1387 1232 catholicae
1415 1177 1803 1250 compingendae
1831 1188 1906 1229 at—

87 1289 179 1339 que
206 1270 554 1323 custodiendae
580 1277 804 1340 potestas
822 1308 835 1331 ,
872 1285 973 1319 non
999 1285 1189 1319 meram
1215 1265 1423 1318 unitatis
1451 1265 1906 1336 repraesentandae

87 1358 369 1410 facultatem
387 1397 400 1420 ‚
428 1356 513 1408 sed
540 1357 646 1425 ejus
672 1355 962 1406 formandae
989 1363 1039 1405 et
1066 1352 1395 1405 continendae
1420 1352 1520 1404 vim
1548 1351 1692 1422 plane
1720 1350 1906 1404 coacti-

89 1461 230 1506 vam,
263 1441 627 1512 jurisdictionis
662 1439 914 1511 propriam
953 1439 1212 1509 efflagitat.
1266 1435 1410 1504 Quod
1449 1456 1509 1490 ea
1548 1438 1607 1490 de
1645 1456 1796 1491 causa
1835 1437 1906 1489 di-

91 1528 271 1580 stincte
308 1527 547 1580 monitum
585 1527 725 1590 volo,
761 1544 823 1578 ne
862 1543 1005 1594 quem
1045 1526 1278 1578 fortassis
1315 1526 1516 1586 fallant,
1556 1526 1636 1579 vel
1673 1535 1907 1578 moveant

89 1615 325 1682 quaedam
355 1613 626 1682 aliquorum
642 1611 851 1663 Patrum
881 1613 1179 1676 sententiae,
1206 1613 1257 1664 in
1285 1612 1458 1681 quibus
1477 1610 1684 1663 unitatis
1705 1630 1906 1682 reprae-

88 1700 359 1751 sentandae
398 1699 609 1751 officium
645 1715 733 1749 seu
770 1715 946 1748 munus
972 1695 1028 1749 S.
1057 1696 1215 1750 Petro
1251 1699 1312 1750 cb
1350 1698 1614 1769 primatum
1653 1696 1904 1748 tribuitur.

88 1784 163 1837 Ea
191 1795 351 1838 autem
390 1785 466 1839 vis
505 1784 731 1838 coactiva
769 1801 836 1836 ex
876 1783 1161 1837 constitutis
1202 1785 1362 1856 capite
1401 1784 1718 1856 praecedenti
1747 1785 1908 1836 mani-

88 1871 353 1925 festissime
380 1870 543 1941 colligi
570 1880 752 1942 potest.
806 1868 863 1923 Si
890 1871 1021 1924 enim
1047 1891 1195 1924 unum
1236 1881 1382 1943 caput
1419 1872 1479 1923 ad
1518 1870 1790 1923 schismata
1815 1871 1906 1923 im-

88 1959 324 2030 pedienda
347 1958 684 2027 unitatemque
723 1958 962 2011 ecclesiae
1000 1959 1296 2013 servandam
1331 1958 1670 2011 necessarium
1697 1958 1816 2022 fuit,
1857 1968 1904 2010 ct

86 2064 144 2097 eo
172 2045 363 2114 quidem
391 2043 596 2097 consilio
623 2042 808 2096 Petrus
836 2063 865 2096 a
893 2042 1097 2098 Christo
1136 2055 1283 2116 caput
1308 2043 1568 2098 Ecclesiae
1607 2045 1907 2098 constitutus

88 2141 190 2193 est,
229 2140 283 2181 ut
308 2130 548 2181 unitatem
575 2129 795 2181 eamdem
823 2131 1097 2183 custodiret
1123 2142 1172 2184 et
1195 2131 1498 2194 vindicaret⁷
1538 2132 1665 2199 quod
1702 2149 1907 2201 praece-

89 2215 223 2269 denti
263 2214 423 2286 capite
460 2232 528 2267 ex
566 2214 864 2279 traditione,
915 2215 1038 2286 ipsis
1076 2216 1225 2268 etiam
1275 2216 1577 2269 adversariis
1616 2216 1906 2280 fatentibuS,

88 2300 562 2366 demonstravimus3
589 2301 689 2354 vim
716 2301 885 2372 procul
913 2301 1055 2354 dubio
1085 2301 1294 2372 cogendi
1321 2303 1382 2354 ad
1407 2303 1648 2355 unitatem
1676 2302 1904 2355 obtinere

87 2387 278 2441 debuit:
315 2388 422 2439 sola
449 2387 631 2440 etenim
658 2387 866 2440 unitatis
893 2387 1052 2458 figura
1080 2399 1227 2459 atque
1253 2389 1722 2461 repraesentatione
1749 2389 1906 2442 schis-

86 2484 220 2526 mata
246 2473 351 2526 tolli
375 2473 454 2528 vel
479 2473 704 2545 impediri
741 2493 841 2527 non
878 2486 1104 2546 possunt.
1157 2475 1523 2546 Praeterquam
1551 2476 1678 2545 quod
1716 2476 1758 2527 si
1799 2477 1907 2528 sola

88 2559 291 2612 unitatis
317 2561 714 2631 repraesentatio
743 2563 927 2630 absque
955 2563 1180 2617 coactiva
1196 2565 1311 2634 jure
1323 2562 1467 2616 Petri
1494 2563 1758 2635 primatum
1787 2581 1905 2615 con-

87 2646 344 2711 stitueret3
384 2646 625 2717 primatus
651 2647 778 2700 meri
803 2648 992 2700 ordinis
1020 2660 1070 2702 et
1094 2650 1299 2702 honoris
1339 2650 1451 2702 inde
1477 2650 1720 2714 oriretur,
1762 2669 1905 2720 quem

87 2750 230 2785 nemo
259 2732 611 2784 catholicorum
652 2732 883 2784 admittit.
935 2732 1176 2803 Equidem
1204 2735 1410 2787 Marcus
1436 2735 1690 2788 Antonius
1718 2738 1775 2789 de
1802 2735 1907 2789 Do-

89 2817 233 2869 minis
261 2835 367 2870 cum
396 2817 498 2868 suis
527 2818 731 2869 asseclis
757 2828 950 2869 tantum
967 2858 980 2883 ‚
1018 2819 1098 2887 qui
1137 2820 1400 2889 primatum
1422 2821 1784 2890 jurisdictionis
1812 2841 1905 2875 ex-

87 2904 313 2967 cludunt,
342 2904 469 2956 hanc
493 2903 591 2957 vim
620 2905 912 2968 coactivam,
940 2923 1066 2974 quae
1085 2905 1421 2976 jurisdictioni
1449 2908 1739 2960 necessaria
1767 2927 1795 2960 a
1823 2928 1905 2962 ca-

84 2989 279 3042 tholicis
307 2989 608 3055 adstruitur,
648 2990 894 3043 inficiatus
933 2991 1059 3043 libro
1086 2991 1244 3063 primo
1274 2995 1339 3044 cle.
1370 2994 1666 3061 Republica
1693 2997 1900 3049 Eccles.

86 3095 193 3146 cap.
224 3076 272 3127 l.
302 3094 351 3127 n.
382 3077 430 3128 1.
449 3116 463 3140 ‚
490 3095 678 3129 meram
702 3077 802 3131 vim
828 3077 1035 3130 unitatis
1062 3089 1112 3131 et
1136 3077 1395 3131 Ecclesiae
1422 3082 1903 3152 repraesentativam

86 3163 138 3213 in
163 3160 320 3214 Petro
358 3173 720 3232 consequenter
758 3164 966 3235 agnovit
1003 3182 1111 3236 cap.
1143 3166 1191 3220 7.
1232 3184 1282 3217 n.
1310 3166 1361 3220 8.
1417 3163 1706 3221 Catholicos
1735 3178 1899 3222 autem

86 3266 227 3301 secus
254 3248 453 3301 tradere
477 3250 689 3314 fatetur,
730 3251 811 3320 qui
838 3270 945 3304 cum
973 3254 1594 3324 veram-jurisdictionem
1631 3254 1683 3307 in
1710 3273 1898 3308 summo

87 3395 370 3445 magistratum
411 3395 627 3435 Ecclesiae
680 3398 885 3447 regendae
924 3401 1018 3450 Jure
1068 3400 1208 3439 divino
1262 3402 1561 3454 praepositum,
1622 3404 1764 3443 eodem
1809 3404 1904 3453 jure

87 3454 201 3494 omni
241 3455 483 3496 necessaria
524 3454 580 3495 ad
628 3457 880 3507 explendum
920 3471 1077 3500 munus
1107 3471 1185 3511 pro
1218 3462 1355 3501 salute.
1385 3459 1599 3503 Ecclesiae
1638 3463 1794 3513 agendi
1823 3474 1903 3513 po-

91 3515 240 3553 testate
269 3515 525 3555 instructum
556 3513 787 3558 affirmavit.
