2314 3984
789 232 1172 299 ——527
1264 272 1431 281 ———

213 411 468 486 «pissima
490 421 635 464 sunt:
652 411 773 465 >dein
797 427 867 463 ex
892 409 1150 481 promissis
1170 407 1380 474 Christi,
1405 425 1534 478 quae
1559 405 1839 460 Petri-'fidei
1862 406 2012 470 facta,

210 497 319 550 fidei
341 508 533 566 quoque
557 510 900 549 successorum
925 498 1031 568 ejus
1065 508 1225 566 aequa
1247 494 1446 549 ratione
1470 484 1786 548 conveniunt.
1831 483 2015 557 Quoad

209 583 414 655 primum
438 597 604 636 nonne
627 581 748 654 ipsis
775 581 1077 637 adversariis
1102 580 1485 634 concedentibus
1509 579 1750 652 primatus
1765 618 1779 644 ,
1795 611 1798 614 <
1815 577 1900 647 qni
1936 585 2014 630 est

208 668 559 741 praerogativa
582 669 860 739 personalis
886 662 1208 722 solius'Petri
1234 675 1284 720 et
1318 679 1660 720 successorum
1697 666 1831 738 ejus,
1859 663 2013 735 juris·

210 754 471 807 dictionem
496 755 808 825 personalem
832 752 1004 808 iisdem
1023 753 1254 806 attribuit
1283 752 1520 824 primario
1557 751 1795 804 directam
1821 751 1882 803 ad
1905 750 2014 804 vin-

209 841 459 894 dicandam
476 880 490 904 ,
517 850 567 893 et
591 851 826 913 perpetuo
853 839 1246 894 conservandam
1268 838 1322 890 in
1346 832 1577 892 Ecclesia
1600 838 1711 892 fidei
1734 837 2012 890 unitatem?

212 926 393 980 Nonne
417 927 539 980 haec
567 927 846 998 jurisdictio
880 936 935 980 ut
970 926 1032 979 ad
1053 917 1163 979 eum
1199 925 1346 978 finem
1381 942 1450 978 ex
1477 921 1668 977 Christi
1701 923 2014 976 institutione

212 1013 604 1083 consequendum
638 1022 756 1084 apta
778 1013 870 1074 sit,
906 1021 963 1066 ut
998 1028 1111 1064 esse
1136 1011 1306 1074 debet,
1340 1009 1440 1063 vim
1478 1009 1752 1063 coactivam
1787 999 2014 1072 involvit,

210 1099 318 1151 sine
352 1117 448 1168 qua
480 1098 643 1151 unitas
675 1098 786 1151 fidei
818 1097 1084 1162 vindicari,
1120 1107 1170 1150 et
1207 1095 1443 1150 custodiri
1477 1111 1577 1146 non
1614 1095 1818 1166 posset?
1878 1092 2015 1147 Haec

208 1184 284 1237 vis
309 1184 561 1248 coactiva,
601 1184 795 1236 ratione
828 1183 1068 1255 primatus
1096 1192 1407 1254 competenS,
1448 1198 1575 1250 qnae
1601 1196 1702 1232 non
1727 1179 1813 1230 uni
1838 1177 2014 1242 Petr0,

210 1270 296 1323 sed
321 1280 371 1323 et
396 1269 764 1323 successoribus
790 1271 895 1340 ejus
922 1270 1093 1323 eodem
1131 1269 1345 1341 primatu
1370 1267 1607 1340 praeditis
1633 1267 1894 1319 tribuenda
1921 1276 2015 1329 est,

210 1373 374 1408 nonne
413 1356 555 1408 affert
589 1355 964 1420 necessitatem,
1010 1374 1098 1407 seu
1133 1355 1484 1425 obligationem
1533 1353 1859 1406 conveniendi
1908 1371 2017 1405 cum

211 1441 331 1512 ipsis
356 1441 406 1492 in
432 1441 560 1493 fide?
598 1439 741 1493 Hanc
766 1441 1115 1494 necessitatem
1143 1458 1308 1494 nonne
1336 1450 1507 1512 aperte
1532 1439 1804 1493 declaravit
1829 1437 1885 1491 S.
1914 1437 2017 1491 Ire-

211 1545 364 1579 naeus
380 1566 393 1590 ,
420 1535 471 1578 et
496 1526 721 1578 similiter
746 1527 953 1579 aliorum
978 1545 1170 1596 quoque
1196 1526 1404 1579 Patrum
1428 1526 1646 1590 traditio,
1675 1543 1879 1594 quorum
1903 1535 2018 1578 tex-

210 1624 292 1665 tus
318 1613 360 1665 si
386 1631 485 1664 non
510 1630 682 1664 omnes
709 1612 997 1684 singillatim
1023 1613 1182 1684 ipsam
1208 1613 1559 1666 necessitatem
1595 1612 1910 1683 exprimunt,
1946 1611 2016 1663 uti

211 1696 266 1751 S.
294 1698 526 1751 Irenaeus
554 1698 732 1767 aliique
758 1709 1150 1770 expresserunt3
1176 1698 1248 1750 ita
1266 1709 1432 1752 tamen
1450 1699 1700 1751 inculcant
1719 1707 1866 1767 atque
1886 1717 2018 1750 com-

212 1786 443 1838 mendant
467 1784 704 1836 unitatem
738 1786 954 1855 ejusdem
986 1785 1098 1838 fidei
1123 1783 1410 1849 Romanae,
1446 1794 1499 1836 ut
1534 1783 1904 1853 aequivalenter
1930 1802 2017 1836 ne-

210 1871 494 1924 cessitatem
519 1871 796 1936 declarent,
835 1890 942 1924 cum
967 1871 1264 1942 praesertim
1291 1889 1360 1923 ex
1387 1871 1534 1923 claris
1562 1870 1917 1941 expressisque
1942 1880 2016 1921 te-

212 1957 454 2010 stimoniis
480 1957 639 2008 minus
666 1958 801 2009 clara
825 1958 875 2009 in
901 1959 1118 2011 eamdem
1155 1957 1454 2010 sententiam
1491 1957 1864 2028 interpretanda
1898 1956 2015 2018 sint,

211 2054 263 2093 ut
289 2043 452 2095 omnia
476 2061 583 2095 cum
608 2044 860 2114 principiis
898 2044 1205 2115 praestitutis
1242 2053 1387 2112 atque
1424 2043 1676 2096 concessis
1709 2043 1808 2096 vim
1836 2043 2018 2095 coacti-

214 2146 326 2180 vam
364 2128 680 2198 exigentibus
717 2131 870 2199 probe
907 2130 1243 2182 concordent‘?
1303 2128 1487 2181 Nonne
1522 2129 1643 2182 haec
1678 2130 1756 2182 vis
1795 2129 2019 2182 coactiva

213 2214 403 2267 ratione
429 2214 665 2285 primatus
690 2215 800 2268 fidei
826 2214 1086 2268 Romanae
1111 2216 1259 2280 sediS,
1286 2216 1565 2280 cathedrae,
1593 2226 1739 2285 atque
1762 2214 2017 2268 Ecclesiae

214 2299 478 2364 attributa,
526 2319 632 2352 cum
668 2301 740 2354 ita
777 2301 842 2353 sit
885 2302 1162 2373 personalis
1197 2301 1539 2354 Romanorum
1575 2299 1898 2366 Pontificum,
1947 2302 2015 2352 uti

213 2385 487 2456 personalis
514 2395 591 2438 est
629 2385 734 2457 ipse
759 2388 996 2458 primatus
1013 2430 1026 2454 ,
1065 2389 1123 2441 de
1150 2407 1209 2441 ea
1247 2388 1339 2441 fide
1366 2387 1626 2442 Romanae
1652 2389 1811 2453 sediS,
1851 2389 2018 2441 cathe-

213 2472 358 2536 drae,
385 2482 435 2524 et
459 2470 715 2524 Ecclesiae
739 2473 1056 2543 intelligenda
1081 2483 1184 2539 est,
1213 2493 1358 2544 quam
1383 2475 1477 2544 ipsi
1503 2474 1722 2528 Romani
1746 2473 2018 2528 Pontifices

214 2575 281 2608 ex
307 2559 543 2628 primatus
569 2558 664 2611 fine
690 2569 739 2611 et
757 2560 916 2612 officio
936 2561 1114 2613 docent
1131 2561 1192 2612 ob
1214 2561 1559 2613 continendam
1577 2562 2016 2631 vindicandamque

214 2643 324 2695 fidei
347 2645 603 2706 unitatem,
631 2654 685 2695 ut
708 2645 834 2697 idem
860 2645 1135 2698 Bossuetus
1160 2646 1483 2717 interpretari
1509 2657 1710 2700 coactus
1737 2649 1860 2700 fuit?
1887 2648 2015 2702 Vide

216 2746 363 2798 supra
388 2730 478 2782 hoc
502 2730 608 2800 ipso
635 2730 794 2800 capite
819 2749 952 2782 num.
985 2732 1067 2784 17.
1121 2729 1334 2795 Mirum,
1370 2732 1413 2783 si
1438 2733 1548 2800 quis
1585 2733 1709 2786 hanc
1746 2735 2016 2788 coactivam

214 2813 339 2877 vim,
377 2833 484 2866 eam
522 2816 844 2868 conveniendi
880 2809 1230 2868 necessitatem
1267 2815 1506 2882 afferenS,
1541 2837 1666 2888 quae
1701 2838 1769 2871 ex
1803 2821 2016 2890 primatu

217 2899 343 2962 fluit,
373 2908 601 2968 propter
631 2907 1013 2970 potentiorem,
1047 2911 1101 2952 ut
1139 2902 1206 2953 ait
1239 2900 1504 2968 Irenaeus,
1540 2908 2015 2974 principalitatem,

215 2985 453 3055 quispiam
479 2987 717 3056 abjudicet
742 2989 832 3053 iis,
868 2990 919 3041 in
945 2989 1118 3057 quihus
1143 2998 1335 3041 tantum
1373 3001 1450 3042 est
1483 2991 1559 3045 vis
1598 3010 1654 3044 ac
1690 2992 1819 3044 ratio
1846 3011 2016 3064 perso-

216 3071 340 3123 nalis
366 3073 633 3143 primatuS,
670 3084 722 3126 ut
749 3075 988 3127 attribuat
1026 3075 1163 3138 aliis,
1201 3076 1283 3144 qui
1316 3077 1527 3148 primatu
1564 3079 1764 3130 carent!
1813 3077 1900 3130 Ex
1926 3079 2016 3132 hac

217 3157 408 3209 tandem
434 3160 731 3213 necessitate
757 3162 1077 3215 conveniendi
1103 3176 1210 3214 cum
1235 3163 1343 3226 fide,
1371 3181 1515 3232 quam
1543 3164 1718 3215 summi
1741 3163 2013 3219 Pontifices

208 3244 321 3311 jure
360 3243 594 3312 primatus
628 3247 803 3300 docent
840 3258 987 3318 atque
1013 3248 1272 3312 definiunt,
1310 3266 1474 3302 nonne
1501 3268 1669 3302 eorum
1695 3248 2014 3304 infallibilitas

216 3328 266 3378 in
292 3328 400 3380 fidei
427 3329 781 3386 definitionibus
806 3335 1088 3388 necessario
1116 3335 1373 3405 sequitur?
1409 3334 1541 3389 Vide
1564 3350 1714 3409 supra
1733 3338 1823 3392 hoc
1844 3340 2010 3392 eodem

220 3414 379 3484 capite
405 3433 535 3467 num.
563 3417 614 3470 3.
666 3416 802 3473 Haec
828 3438 895 3473 ex
922 3421 1174 3492 principiis
1202 3420 1418 3493 expositi
1452 3423 1742 3493 systematis
1777 3425 1834 3478 de
1872 3425 1920 3478 vi
1960 3444 2015 3476 ac
