2314 3984
316 387 613 461 quicumque
648 388 696 441 ei
730 386 1089 442 adscribendus
1124 387 1389 456 credatur,
1437 389 1604 444 errori
1652 389 1958 444 definitionis
1991 388 2177 462 potiuS,

317 498 466 550 quam
492 475 784 532 omissionis
811 476 1096 548 adjudicare
1120 478 1328 550 potest?
1379 474 1439 529 In
1462 478 1842 548 quaestionibus
1881 478 2179 549 quandoque

317 565 558 621 excitatis
585 563 722 620 circa
745 581 901 618 voces
927 563 1122 635 aliquas
1149 574 1236 617 aut
1255 565 1558 628 sententiaS‚
1585 584 1713 637 quae
1738 584 1871 620 nunc
1894 565 1949 618 in
1972 565 2177 631 bonum,

317 672 451 708 nunc
477 653 530 707 in
557 670 766 726 pravum
794 670 1000 705 sensum
1026 651 1185 725 accipi
1211 663 1425 724 queunt,
1461 672 1610 708 error
1635 672 1707 708 ex
1741 673 1903 728 prava
1927 653 2180 726 interpre-

318 742 534 796 tantium
559 751 731 795 mente
757 740 1022 813 dependet.
1077 738 1206 795 Cum
1232 741 1404 814 itaque
1431 760 1502 796 ex
1529 742 1702 796 earum
1735 761 1915 798 vocum
1942 759 2179 815 suppres-

318 831 492 897 sione,
532 829 712 884 aliisve
737 827 957 882 Honorii
993 829 1203 885 vocibus
1241 831 1406 884 minus
1433 840 1580 885 caute
1603 830 1890 905 usurpatis,
1926 848 1993 884 ne
2017 830 2182 900 quoad

316 919 478 992 ipsam
506 917 856 989 quaestionem
883 937 985 971 non
1012 919 1142 972 malo
1171 919 1383 974 consilio
1412 919 1677 991 quicquam
1705 919 1965 984 definiret,
1994 917 2182 971 Mono—

318 1007 527 1063 tbelitae
566 1025 658 1060 suo
699 1006 866 1060 errori
901 1007 1235 1080 patrocinium
1263 1008 1602 1080 quaesierint3
1642 1018 1780 1062 totus
1807 1026 1956 1061 error
1980 1017 2184 1061 contra-

320 1096 425 1150 rius
453 1094 700 1149 catholico
729 1095 952 1168 dogmati
979 1116 1135 1169 prave
1160 1097 1604 1170 interpretantium
1633 1115 1779 1149 error
1805 1095 1927 1158 fuit,
1966 1114 2068 1148 non
2096 1113 2184 1147 au-

320 1194 423 1239 tem
462 1183 710 1249 Honorii,
751 1202 914 1255 neque
954 1185 1290 1252 definitioniS,
1329 1205 1361 1239 a
1387 1205 1487 1257 qua
1521 1184 1840 1258 apertissime
1879 1193 1928 1237 et
1954 1183 2183 1238 consulto

321 1272 582 1327 abstinuit.
636 1268 772 1338 Quid
797 1271 1057 1324 dicendum
1096 1274 1156 1326 de
1182 1275 1290 1344 ejus
1317 1273 1735 1327 condemnatione
1759 1272 1894 1325 facta
1918 1272 1971 1324 in
1999 1269 2185 1327 Conci-

320 1361 389 1413 lio
416 1357 510 1414 VI.
539 1358 894 1424 oecumenic0,
931 1359 1298 1432 explicavimus
1339 1359 1465 1413 satis
1503 1360 1558 1413 in
1593 1359 1877 1432 praemisso
1917 1377 2071 1431 opere
2097 1359 2186 1411 De

314 1455 515 1519 potest.
547 1448 696 1500 Eccl.
728 1465 771 1500 c.
802 1447 853 1499 5.
882 1457 989 1500 not.
1020 1449 1072 1500 2.
1102 1446 1204 1502 Sed
1232 1449 1291 1502 de
1317 1447 1550 1503 Honorio
1577 1447 1726 1501 nimis
1753 1447 1927 1500 multa.

470 1534 669 1590 Similia
693 1535 754 1589 de
781 1534 892 1589 aliis
920 1534 1280 1602 PontificibuS,
1309 1536 1489 1608 quibus
1516 1555 1722 1590 errores
1750 1543 2086 1609 opponuntur,
2116 1535 2189 1586 af-

322 1623 448 1678 ferri
473 1634 712 1697 possent,
740 1633 792 1677 et
816 1624 898 1678 vel
927 1625 987 1677 ab
1018 1623 1132 1678 aliis
1158 1624 1535 1678 infallibilitatis
1562 1624 1865 1679 Pontificiae
1890 1623 2187 1687 vindicibuS,

323 1713 404 1767 vel
431 1712 584 1766 etiam
613 1732 641 1766 a
666 1731 746 1766 me
774 1713 884 1765 loco
911 1712 1131 1767 indicato
1162 1715 1316 1767 allata
1335 1713 1632 1787 fueruntz*)
1662 1723 1844 1767 contra
1863 1730 1991 1784 quae
2012 1711 2056 1764 si
2077 1710 2189 1782 quis

326 1800 694 1854 contentiosius
731 1800 969 1867 insistat,
1018 1802 1152 1855 nullo
1194 1811 1332 1855 certo
1370 1822 1547 1856 errore
1593 1803 1729 1857 circa
1765 1802 1909 1855 fidem
1949 1801 2188 1873 probato,

326 1890 461 1942 nulla
487 1890 730 1963 producta
755 1889 1047 1944 definitione
1075 1900 1232 1957 certa,
1260 1891 1312 1943 in
1339 1910 1437 1962 qua
1463 1900 1632 1945 certus
1660 1909 1805 1944 error
1831 1889 1972 1955 insit,
1999 1889 2052 1942 in
2079 1906 2190 1942 cas-

270 1973 274 1978 ’
326 1997 435 2031 sum
475 1978 745 2032 laborabit.
799 1975 946 2046 Quod
979 1979 1024 2032 si
1060 1979 1220 2033 adhuc
1258 1999 1362 2033 non
1401 1979 1688 2051 acquiescat
1721 1997 1791 2031 ex
1829 1976 2192 2049 quamplurium

328 2086 559 2121 errorum
586 2067 1027 2140 praesumptione,
1065 2067 1284 2134 indicet,
1321 2087 1538 2140 quaeso,
1578 2086 1732 2120 unum
1758 2084 1848 2120 suo
1868 2063 2055 2137 judicio
2086 2062 2192 2117 evi-

329 2156 548 2220 dentem,
577 2154 661 2225 qui
687 2155 754 2208 sit
779 2155 853 2208 ita
879 2165 1067 2222 certus,
1094 2166 1151 2209 ut
1175 2157 1312 2210 nulla
1338 2156 1502 2230 possit
1518 2154 1944 2228 interpretatione
1966 2170 2191 2224 congrue

328 2243 541 2317 purgari
558 2285 571 2309 ,
599 2243 764 2315 sitque
791 2262 940 2297 error
967 2255 1139 2299 certae
1166 2245 1473 2299 definitionis
1501 2244 1848 2318 dogmaticae,
1879 2252 1929 2296 et
1954 2241 2079 2294 nibil
2105 2240 2192 2293 du-

328 2333 434 2387 bito
463 2332 582 2404 quin
618 2343 767 2406 aptae
803 2333 1132 2406 probationes
1168 2335 1251 2389 vel
1279 2335 1554 2401 alterutra,
1590 2333 1673 2388 vel
1709 2342 1925 2402 utraque
1962 2329 2114 2383 etiam
2140 2328 2192 2381 in

330 2554 333 2556 q
456 2501 500 2552 ⁸)
534 2503 790 2552 Quicumque
831 2511 899 2539 ex.
933 2510 996 2550 gr.
1041 2499 1199 2551 absque
1238 2499 1500 2550 praejudicio
1535 2497 1784 2550 expenderit
1815 2496 1982 2537 Nicolai
2014 2496 2085 2536 ΙΙΙ.
2121 2495 2192 2534 de-

333 2563 533 2602 cretalem
567 2560 706 2609 Exiit,
740 2572 828 2612 qua
859 2560 905 2600 S.
934 2559 1152 2599 Francisci
1183 2560 1373 2610 regulam
1406 2559 1604 2611 explicat,
1639 2570 1813 2609 eamque
1846 2556 2075 2598 contulerit
2102 2568 2192 2595 cum

331 2621 615 2663 decretalibus
645 2622 764 2661 Joan.
798 2619 954 2659 XXIII.
1014 2619 1123 2661 Cum
1151 2620 1268 2659 inter
1298 2622 1557 2668 nonnullos,
1600 2621 1641 2658 et
1678 2619 1789 2665 Quia
1822 2617 2093 2670 quorundam
2124 2617 2193 2656 tit.

335 2685 399 2725 De
430 2684 654 2724 verborum
699 2678 1050 2732 signvficatione‚
1089 2681 1278 2720 inveniet
1308 2681 1421 2720 illum
1454 2692 1538 2720 non
1570 2679 1790 2731 accepisse
1822 2691 1949 2718 voces
1980 2677 2196 2729 simpbicis

327 2745 443 2797 sacti
474 2756 601 2784 usum
641 2755 720 2795 pro
763 2754 839 2781 usu
881 2741 944 2781 rei
977 2741 1141 2781 alienae
1174 2741 1310 2782 invito
1342 2742 1544 2789 Domino,
1588 2740 1657 2792 qui
1687 2752 1789 2780 sane
1820 2751 1919 2778 usus
1951 2739 2101 2778 fuisset
2133 2739 2196 2778 in-

328 2808 468 2858 justus
510 2808 552 2844 et
591 2803 788 2850 illicitus,
833 2813 970 2854 neque
1011 2801 1121 2842 hunc
1164 2814 1282 2842 usum
1324 2805 1411 2842 tam
1455 2802 1651 2853 injustum
1691 2801 1893 2840 tribuisse
1926 2799 2095 2839 Christo
2128 2798 2196 2838 vel

332 2867 572 2919 Apostolis‚
614 2867 687 2904 aut
729 2863 1024 2904 Franciscanis
1056 2863 1344 2915 Apostolicam
1387 2862 1737 2915 perfectissimam
1779 2864 2069 2913 paupertatem
2099 2871 2195 2912 pro-

337 2928 487 2973 fessis,
530 2926 642 2978 quod
681 2928 872 2976 apertam
909 2924 1118 2964 baeresim
1160 2926 1423 2972 contineret,
1473 2928 1518 2963 ut
1561 2924 1743 2963 Joannes
1784 2922 1939 2962 XXIII.
1984 2920 2177 2961 definivit

337 2989 414 3029 sed
455 3001 478 3028 e
518 2990 666 3027 contra
708 2985 794 3025 illis
839 2985 1014 3025 vocibus
1054 2986 1273 3037 accepisse
1317 2985 1476 3026 licitum
1522 2987 1564 3024 et
1606 2982 1866 3023 moderatum
1909 2993 2047 3021 rerum
2079 2991 2198 3020 usum

338 3049 494 3090 eisdem
526 3046 820 3089 Franciscanis
854 3058 1094 3086 concessum
1126 3045 1335 3092 durante,
1380 3049 1426 3085 ut
1457 3044 1567 3085 idem
1598 3043 1802 3084 Nicolaus
1834 3042 2048 3088 declarat,
2094 3051 2198 3082 con-

340 3110 532 3151 cedentis
565 3107 768 3155 ticentia,
816 3119 924 3158 quae
956 3105 1210 3158 significatio
1253 3105 1357 3146 nihil
1388 3106 1607 3156 injustum,
1647 3103 1715 3143 vel
1753 3103 1966 3151 illicitum,
2012 3101 2198 3154 nihilque

340 3171 602 3211 haereticum
645 3168 846 3221 praefert.
910 3168 973 3207 Ita
1012 3168 1124 3207 inter
1154 3167 1272 3207 Joan.
1305 3166 1462 3207 XXIII.
1506 3169 1548 3206 et
1579 3164 1799 3204 Nicolaum
1829 3161 1900 3203 111.
1934 3163 2071 3215 quoad
2102 3162 2198 3203 sub-

340 3232 543 3272 stantiam
584 3229 687 3270 nihil
727 3228 919 3276 dissidii,
965 3228 1046 3268 etsi
1088 3227 1291 3280 quaedam
1333 3226 1464 3267 verba
1495 3225 1724 3278 separatim
1756 3223 2029 3264 considerata
2059 3224 2198 3275 aliquo

341 3293 464 3333 modo
497 3291 705 3331 dissidere
736 3289 981 3330 videantur:
1016 3288 1201 3341 nihilque
1233 3291 1450 3341 superest,
1492 3299 1544 3326 ex
1577 3298 1658 3338 quo
1690 3285 1893 3325 Nicotaus
1936 3285 1979 3325 in
2009 3285 2199 3324 haeresis

342 3353 626 3405 suspicionem
656 3364 682 3390 a
711 3351 873 3391 ,Ioanne
904 3349 1111 3390 adductus
1143 3349 1354 3399 credatur.
1416 3348 1536 3387 Haec
1567 3346 1763 3386 addenda
1794 3346 1934 3395 fuere,
1974 3349 2021 3386 ut
2052 3345 2199 3398 paucis

342 3417 386 3455 et
408 3413 562 3454 clarius
583 3414 876 3463 expungantur
898 3423 1006 3462 quae
1039 3423 1130 3452 cum
1161 3410 1256 3450 aliis
1289 3408 1547 3449 adversariis
1579 3407 1759 3459 ingessit
1775 3408 2006 3448 Bossuetus
2037 3405 2080 3446 in
2112 3405 2199 3446 dis-

343 3478 445 3515 sert.
478 3472 662 3526 praevia
703 3469 740 3524 ξ.
773 3471 847 3514 46.
881 3477 925 3512 et
956 3472 999 3511 in
1031 3471 1104 3512 lib.
1136 3471 1180 3511 9.
1222 3469 1500 3522 Deserta-ionis
1533 3481 1569 3509 c.
1601 3468 1674 3509 41.
1722 3471 1765 3508 et
1795 3480 1913 3519 seqq.
1956 3466 2123 3507 tametsi
2157 3466 2201 3505 in

345 3536 492 3577 eadem
533 3533 834 3574 dissertatione
877 3532 1046 3574 dubium
1076 3531 1315 3579 notaverit,
1358 3542 1412 3571 an
1446 3530 1529 3571 duo
1562 3529 1623 3570 illi
1656 3527 1885 3571 Pontifices
1918 3540 1970 3570 ea
2000 3528 2043 3567 in
2077 3539 2202 3579 quae-

343 3598 483 3639 stione
513 3606 684 3637 summa
715 3594 1012 3646 consentiant,
1043 3592 1183 3634 verbis
1215 3592 1402 3643 litigent.
