2314 3984
733 237 1382 296 *379—

153 421 340 467 certum
364 410 720 466 affirmarem
741 425 891 479 posse
915 425 1051 473 reor,
1074 405 1287 461 Petrum
1310 407 1373 461 de
1394 405 1970 473 Amnem-&ohannem

153 496 461 562 Gersonem,
496 494 736 566 quininter
762 492 1052 566 Theologos
1075 492 1247 564 magni
1278 492 1495 549 nominis
1531 493 1971 564 primiinfauibili-

152 593 305 638 tatem
338 581 655 636 Pontificiam
700 598 946 653 expresso
993 579 1372 652 impetiverunt,
1409 579 1663 652 judicasse
1709 579 1971 639 Romanos

154 670 421 725 Pontifices
447 669 610 723 errori
634 668 885 722 obnoxios
910 666 1059 720 etiam
1074 705 1089 732 ,
1117 685 1225 720 cum
1250 666 1451 738 proprie
1475 667 1633 720 dictas
1657 666 1971 725 definitiones

154 775 222 811 ex
246 757 489 828 primatus
525 757 622 809 fine
655 765 806 827 atque
831 753 992 808 officio
1018 753 1349 824 promulgant.
1401 750 1556 808 Certe
1579 752 1767 810 Petrus
1791 757 1852 812 de
1875 757 1972 812 Al-

151 843 276 896 liaco
302 841 548 897 Gersonis
572 841 851 914 Magister,
889 839 1204 908 antiquorum
1240 838 1558 892 traditionem
1582 839 1643 893 de
1666 840 1973 897 indefectibi-

153 930 292 984 litate
318 929 581 983 Romanae
605 928 732 994 fidei,
759 926 951 983 Christi
973 925 1416 998 pollicitationibus
1442 926 1637 992 fultam,
1663 945 1754 980 suo
1780 947 1973 1000 quoque

156 1036 279 1071 aevo
306 1017 610 1071 obtinentem
635 1015 870 1068 deserere
895 1030 998 1066 non
1025 1030 1202 1076 ausuS,
1227 1011 1281 1063 in
1305 1011 1557 1082 legatione
1573 1051 1588 1077 ,
1625 1031 1771 1082 quam
1797 1017 1975 1071 adver-

154 1121 240 1157 sus
258 1102 613 1157 Montesonum
631 1098 993 1154 Universitatis
1011 1095 1321 1151 Parisiensis
1346 1098 1547 1152 nomine
1564 1097 1835 1155 Avenione
1858 1122 1976 1174 ges-

154 1191 223 1242 sit
247 1190 309 1242 ad
333 1186 644 1242 Clementem
667 1184 783 1240 Vll.
811 1185 1033 1239 eamdem
1060 1183 1379 1238 traditionem
1404 1194 1658 1255 sequutus,
1687 1185 1975 1260 Christique

155 1274 413 1347 promissis
438 1274 644 1327 innixus
670 1271 960 1326 affirmavit:
987 1272 1075 1323 De
1102 1291 1207 1340 qua
1227 1274 1352 1324 sede
1365 1270 1656 1343 (Romana)
1669 1276 1721 1324 in
1733 1294 1976 1343 persona

159 1364 314 1415 Petri
337 1365 392 1414 in
419 1381 484 1414 ea
509 1363 738 1414 sedentis
764 1362 962 1412 dictam
988 1365 1090 1410 est:
1133 1358 1298 1410 Petre
1324 1363 1513 1428 royavi
1537 1379 1646 1427 pro
1673 1369 1750 1422 te,
1787 1370 1847 1416 ut
1867 1384 1975 1422 non

156 1452 371 1518 deficiat
389 1450 522 1518 fides
548 1454 656 1500 tua.
700 1443 773 1498 Et
795 1444 1024 1498 similiter
1049 1444 1101 1496 in
1126 1453 1363 1509 tractatu,
1391 1463 1535 1514 quem
1560 1445 1612 1498 in
1639 1448 1811 1501 eadem
1836 1450 1976 1521 lega-

157 1535 291 1588 tione
319 1535 379 1587 ad
403 1532 595 1606 Papam
620 1541 670 1586 et
695 1530 989 1586 Cardinales
1017 1530 1194 1595 edidit,
1230 1531 1402 1584 eadem
1427 1529 1620 1585 Christi
1645 1535 1978 1604 promissione

156 1621 355 1674 laudata
378 1621 619 1692 approbat
643 1619 772 1689 quod
795 1618 848 1671 in
874 1636 981 1688 cap.
1030 1618 1184 1670 Haec
1211 1625 1289 1669 est
1307 1621 1445 1687 fides
1471 1618 1530 1672 de
1556 1618 1819 1675 Romanae
1846 1624 1978 1677 sedis

158 1708 251 1760 fide
276 1707 517 1759 traditur:
545 1707 671 1774 Ipsa
700 1725 906 1774 semper
932 1706 1273 1756 immaculata
1294 1710 1607 1773 permansit,
1635 1715 1686 1758 et
1711 1712 1765 1760 in
1786 1713 1978 1778 futuro

151 1795 487 1864 permanebit
495 1813 512 1854 ,·
538 1793 785 1861 infertque
811 1790 1004 1855 statim,
1045 1792 1138 1842 Ex
1171 1792 1358 1860 quibus
1399 1794 1636 1845 omnibus
1662 1799 1791 1848 satis
1809 1804 1982 1864 patet,

158 1885 307 1952 qaod
329 1886 440 1952 ejus
465 1898 748 1949 numquam
774 1881 954 1948 deficit
970 1879 1124 1946 fides,
1152 1876 1225 1928 uti
1253 1874 1486 1931 Christus
1512 1879 1830 1950 promiserat.
1858 1881 1980 1936 Non

162 1957 452 2020 absimiliter
475 1964 698 2020 Joannes
725 1963 926 2018 Gerson
951 1964 1004 2016 in
1030 1982 1263 2017 sermone
1289 1983 1456 2018 coram
1481 1965 1780 2020 Alexandro
1807 1967 1875 2023 V.
1903 1970 1981 2024 die

162 2052 488 2105 Ascensionis
512 2051 714 2103 Domini
738 2051 922 2114 habit0,
950 2050 1195 2103 rationem
1221 2051 1527 2115 redditurus,
1553 2071 1642 2104 cur
1667 2052 1864 2108 Graeca
1881 2055 1982 2110 Ec-

164 2138 316 2191 clesia
341 2137 596 2190 erroribus
622 2137 733 2189 fidei
758 2137 933 2190 vitiata
958 2136 1126 2200 fuerit,
1153 2155 1254 2189 non
1281 2146 1446 2189 autem
1471 2135 1692 2204 Latina3
1720 2140 1983 2196 Romanae

163 2224 274 2276 fidei
310 2223 784 2276 indefectibilitatem
825 2223 1008 2276 exinde
1045 2223 1265 2288 deducit,
1303 2223 1417 2292 quia
1441 2224 1707 2279 Latinitas
1745 2232 1864 2296 ipsa
1882 2250 1981 2298 pu-

162 2315 278 2362 rior
314 2314 362 2362 ei
396 2311 738 2361 immaculata
760 2311 936 2361 sedem
963 2311 1120 2362 habet
1148 2311 1327 2370 Petri,
1365 2330 1471 2378 pro
1499 2318 1649 2384 eujus
1670 2317 1779 2383 fide
1803 2335 1870 2368 ne
1897 2319 1982 2368 de-

160 2402 368 2467 ficeret,
404 2397 707 2464 specialiter
746 2400 920 2448 oravit
954 2398 1076 2458 ille,
1108 2401 1280 2467 quiin
1320 2399 1555 2450 omnibus
1593 2403 1878 2454 exauditus
1906 2411 1984 2456 est

157 2501 264 2551 pro
290 2502 387 2534 sua
412 2485 726 2534 reverentia.

306 2564 564 2634 Quomodo
603 2567 724 2619 haec
759 2567 1017 2620 conciliari
1041 2579 1226 2638 queant
1251 2588 1360 2622 cum
1386 2572 1663 2636 sententia,
1701 2592 1797 2642 qua
1822 2575 1872 2626 hi
1899 2594 1986 2627 au-

164 2665 328 2707 ctores
354 2653 466 2705 aliis
492 2653 544 2704 in
569 2654 798 2723 operibus
825 2653 1084 2707 Romanos
1109 2654 1384 2708 Pontifices
1422 2655 1476 2708 in
1511 2657 1605 2710 fide
1636 2678 1785 2729 posse
1811 2680 1987 2715 errare

164 2748 494 2811 propugnant,
521 2739 765 2810 explicari
784 2740 913 2792 solet
923 2739 977 2810 *)
1004 2739 1326 2794 distinctione
1345 2742 1556 2797 solemni
1580 2743 1715 2796 inter
1739 2747 1880 2799 fidem
1906 2767 1987 2801 se·

281 2939 323 2989 ⁸)
355 2939 445 2978 Hac
476 2939 746 2978 distinctione
777 2939 887 2978 inter
917 2937 1056 2977 sedem
1089 2942 1131 2978 et
1162 2939 1471 2980 Praesidentem
1504 2953 1554 2981 ex
1587 2943 1630 2985 S.
1653 2944 1795 2985 Leone
1826 2951 1987 2999 sumpta

164 2998 396 3038 adversarii
427 2999 591 3038 nimium
624 2999 864 3046 abutuntur,
895 3009 983 3037 cum
1015 2997 1299 3039 definitionum
1329 3001 1641 3043 Pontificiarum
1673 3016 1849 3053 errores,
1884 3019 1988 3058 qnos

165 3058 382 3108 possibiles
414 3062 701 3109 praesumunt,
744 3069 826 3096 non
867 3057 957 3096 sedi
988 3057 1280 3109 Apostolicae,
1319 3059 1391 3098 sed
1437 3061 1538 3112 ipsis
1565 3062 1838 3104 Pontificibus
1867 3068 1988 3106 attri-

166 3117 309 3155 buunt.
372 3118 417 3156 S.
450 3118 536 3157 Leo
580 3130 667 3156 eam
711 3117 1019 3156 distinctionem
1060 3118 1169 3156 inter
1209 3119 1347 3158 sedem
1390 3123 1432 3158 et
1463 3121 1773 3163 Praesidentem
1815 3125 1990 3176 perinde

166 3177 355 3227 accepit,
395 3179 440 3214 nt
479 3176 818 3228 distinguendum
857 3176 1058 3215 indicarit
1098 3177 1209 3216 inter
1240 3177 1424 3228 legitima
1453 3182 1550 3230 Jura
1580 3182 1764 3230 sedium,
1807 3188 1851 3223 et
1881 3186 1990 3225 inter

166 3235 271 3273 vitia
301 3247 373 3274 seu
405 3235 605 3276 demerita
634 3235 889 3282 praesidum,
920 3248 1024 3286 quae
1055 3236 1250 3286 legitimis
1281 3237 1436 3278 sedium
1460 3240 1623 3289 Juribus
1653 3241 1753 3281 nihil
1783 3246 1990 3295 praejudi-

168 3298 279 3334 cant.
338 3293 443 3334 Vide
484 3295 556 3333 lib.
597 3295 659 3334 De
700 3295 744 3334 υἱ
784 3296 998 3345 primatus
1039 3307 1076 3334 c.
1110 3294 1181 3335 14.
1224 3307 1264 3337 n.
1295 3296 1369 3336 24.
1439 3298 1486 3337 Id
1524 3302 1754 3350 generatim
1794 3306 1991 3343 convenit

169 3353 355 3392 omnibus
384 3353 602 3393 Ecclesiae
630 3355 896 3394 Praesidibus
926 3355 967 3393 in
1002 3354 1054 3393 iis
1084 3355 1268 3401 actibus,
1317 3356 1360 3396 in
1399 3357 1545 3408 quibus
1585 3362 1755 3411 proprio
1787 3363 1892 3403 vitio
1924 3364 1989 3402 vel

168 3412 334 3452 defectu
374 3413 512 3463 aliquo
554 3416 765 3464 potestate
793 3413 1090 3459 abuterentur,
1133 3418 1206 3453 aut
1238 3420 1442 3458 errarent.
1506 3418 1566 3457 Ab
1598 3418 1678 3459 hoc
1707 3432 1874 3462 numero
1908 3434 1990 3462 non

168 3475 265 3510 aunt
295 3472 526 3524 excipiendi
558 3472 700 3511 summi
731 3472 959 3513 Pontifices
993 3473 1130 3525 quoad
1161 3485 1233 3512 eos
1264 3478 1408 3522 actus,
1454 3476 1495 3516 in
1529 3478 1675 3529 quibus
1714 3481 1805 3520 sive
1835 3493 1887 3521 ex
1918 3481 1989 3520 ob-

168 3528 383 3582 reptione,
417 3532 504 3571 sive
538 3543 587 3571 ex
618 3531 885 3584 subreptione
916 3533 1007 3572 sive
1039 3533 1275 3585 opinionum
1307 3536 1580 3587 praejudicio,
1611 3543 1685 3579 aut
1716 3540 1821 3580 vitio
1851 3540 1988 3592 aliquo
