2320 3990
693 241 1303 300 —27..-..

232 416 284 468 5.
329 413 387 468 Si
399 412 716 468 Pontificium
740 412 1006 484 primatum
1034 406 1135 463 SS.
1157 407 1347 462 Patres
1372 417 1423 462 et
1436 405 1713 462 catholicae
1736 403 1915 460 Eccle-

92 503 199 556 siae
231 501 434 554 traditio
471 517 542 554 ex
581 499 811 570 allegatis
839 517 868 551 a
892 497 1092 570 Dupino
1138 495 1364 550 textibus
1412 495 1465 548 in
1503 495 1722 549 eamdem
1759 494 1915 567 ipsius

92 588 337 642 rationem
361 587 507 640 unice
522 627 536 651 ‚
562 587 644 640 vel
670 586 980 658 potissimum
1007 591 1315 647 assererent,
1341 581 1464 634 nihil
1489 583 1791 636 laborarem.
1843 581 1917 635 At

92 695 200 730 eum
224 693 326 728 non
352 692 422 728 ex
448 674 524 726 his
549 672 869 736 testimoniis,
907 669 994 722 sed
1018 686 1089 722 ex
1113 667 1214 720 illis
1241 676 1390 720 antea
1416 687 1446 719 a
1468 668 1616 720 nohis
1653 669 1921 742 descriptis

92 763 312 817 eumdem
351 761 615 833 primatum
650 756 917 831 praecipue
954 763 1204 829 statua-nt,
1244 753 1355 824 quis
1390 752 1577 826 Dupini
1614 757 1916 809 sententiam

91 851 305 922 probare
322 852 437 919 jure
461 845 679 920 poterit?
716 844 826 896 Huc
853 842 1041 896 accedit
1057 881 1070 906 ,
1098 841 1226 911 quod
1253 858 1322 894 ex
1344 841 1508 893 allatis
1524 841 1766 914 aDupino
1794 842 1916 896 locis

93 936 294 988 nonnisi
317 935 443 988 meri
469 932 657 986 ordinis
682 931 923 1003 primatus
960 927 1131 982 deduci
1155 927 1315 982 videri
1339 937 1505 999 potest
1520 968 1534 992 ‚
1573 938 1627 980 ut
1651 928 1914 1000 primatum

92 1023 283 1092 quidem
309 1021 434 1074 meri
457 1018 646 1073 ordinis
671 1017 855 1070 exinde
881 1015 1146 1085 collegisse
1169 1014 1366 1068 videtur
1389 1015 1515 1093 idem
1542 1014 1788 1087 Daphnis,
1815 1034 1918 1068 non

92 1110 249 1161 solum
275 1108 390 1178 quia
415 1124 485 1159 ex
508 1105 631 1177 ipsis
655 1104 773 1156 illud
797 1113 990 1155 tantum
1017 1101 1180 1156 evinci
1208 1102 1304 1168 ait,
1344 1103 1472 1172 quod
1498 1100 1684 1155 Petrus
1710 1123 1918 1171 semper

87 1199 291 1264 primus
316 1196 614 1246 collocatur
638 1196 691 1244 in
711 1194 917 1252 ordine,
945 1197 996 1242 et
1011 1194 1220 1258 primus
1242 1193 1414 1258 fuisse
1441 1193 1763 1259 affirmatur,
1789 1208 1917 1259 quac

93 1300 121 1333 a
146 1282 270 1335 meri
296 1280 484 1334 ordinis
512 1290 562 1332 et
586 1279 792 1332 honoris
818 1277 1032 1350 primatu
1057 1276 1260 1328 nihilum
1286 1276 1600 1348 discrepant3
1642 1277 1727 1330 sed
1755 1276 1917 1347 magis

92 1368 243 1420 multo
273 1366 388 1436 quia
425 1366 661 1437 ejusmodi
698 1365 940 1436 primatus
979 1363 1226 1415 rationem
1252 1363 1590 1434 praestituens
1617 1364 1663 1430 ξ.
1695 1364 1743 1415 1.
1770 1364 1917 1415 unius

94 1453 281 1506 ordinis
307 1452 661 1505 necessitatem
685 1450 929 1513 inculcat,
970 1459 1238 1520 propterea
1264 1451 1392 1519 quod
1419 1455 1472 1502 in
1501 1455 1730 1502 omnium
1757 1452 1917 1502 leomi-

93 1560 214 1591 num
238 1540 476 1608 Colleyio
504 1540 656 1590 debet
679 1541 901 1597 servari,
928 1544 985 1588 ut
1005 1538 1199 1605 aliquis
1217 1541 1427 1605 pri-mus
1456 1541 1594 1590 inter
1620 1556 1797 1589 omnes
1820 1541 1918 1598 sit5

94 1635 141 1678 et
162 1624 367 1676 inferius
394 1624 440 1690 ἕ.
457 1624 509 1676 3.
534 1640 865 1693 responsurus
892 1621 1156 1674 haereticis
1183 1625 1545 1694 opponentibus
1558 1624 1918 1695 Apostolorum

94 1710 441 1779 aequalitatem
467 1708 519 1760 in
544 1717 792 1779 potestate
819 1717 868 1759 et
898 1708 1042 1777 jure,
1084 1725 1153 1758 ex
1193 1726 1289 1776 qua
1337 1711 1638 1778 aequalitate
1675 1711 1918 1782 primatus

94 1794 233 1848 Petri
260 1795 454 1849 xidetur
480 1794 705 1859 excludi,
745 1793 942 1865 reponit
969 1812 1027 1846 eo
1054 1793 1210 1864 ipsius
1238 1794 1453 1865 primatu
1481 1797 1771 1866 aequalitati
1799 1797 1915 1848 nihil

91 1882 352 1953 derogari3
392 1901 542 1941 nant,
568 1888 627 1932 at
652 1885 971 1941 moma'muS,
1009 1879 1185 1949 inquit,
1206 1884 1396 1949 plures
1425 1904 1535 1936 esse
1561 1904 1667 1936 nou
1690 1892 1920 1953 possunt

84 1973 267 2037 primi,
294 1970 391 2020 sed
412 1987 569 2019 uuum
597 1987 707 2020 esse
730 1971 958 2036 primum
986 1987 1199 2020 neeesse
1229 1977 1318 2021 est.
1371 1969 1505 2023 Hinc
1536 1981 1698 2024 autem
1731 1971 1917 2043 prima-

90 2064 192 2106 tum
223 2055 333 2106 aliis
347 2053 610 2125 Apostolis
635 2054 1011 2123 haudquaquam
1038 2055 1192 2107 fuisse
1220 2058 1629 2111 communicatum
1659 2058 1745 2122 ait‚
1776 2061 1922 2127 quod

88 2146 349 2210 primatus
375 2160 460 2192 res
488 2144 583 2199 sit,
623 2159 758 2208 quae
784 2145 877 2191 uni
900 2149 1101 2192 tautum
1129 2147 1398 2204 convenit,
1435 2165 1532 2196 nec
1550 2153 1735 2212 potest
1759 2149 1920 2197 alteri

93 2228 498 2285 communicari,
546 2222 663 2277 lic’et
692 2233 960 2293 potestate
1006 2231 1427 2297 auctoritateque
1467 2233 1715 2298 aequales
1746 2236 1918 2299 fuisse

93 2313 387 2365 contendat:
451 2329 577 2379 quae
626 2311 712 2362 uni
763 2312 996 2382 primatui
1048 2313 1237 2365 ordinis
1278 2324 1327 2365 et
1378 2315 1583 2368 honoris
1636 2327 1917 2388 competere

91 2408 289 2467 queunt.
342 2396 598 2450 Haeretici
623 2416 815 2467 quoque
844 2407 990 2468 atque
1017 2398 1318 2452 schismatici
1344 2419 1412 2454 ex
1438 2403 1725 2456 memoratis
1747 2403 1918 2457 Evan-

90 2483 206 2553 gelii
233 2483 354 2535 locis
380 2482 524 2535 Petri
549 2483 811 2554 primatum
838 2485 947 2556 pari
985 2485 1180 2539 ratione
1207 2506 1354 2557 posse
1391 2489 1594 2541 concedi
1632 2491 1916 2560 neutiquam

91 2569 459 2634 inficiabuntur,
501 2588 607 2621 cum
634 2571 761 2623 meri
796 2571 983 2624 ordinis
1011 2582 1061 2624 et
1087 2571 1292 2626 honoris
1327 2575 1561 2645 primatui
1587 2595 1687 2628 non
1715 2579 1915 2631 omnino

91 2666 384 2725 repugnent.
435 2654 676 2724 Equidem
704 2655 939 2711 Claudius
952 2656 1229 2712 Salmasius
1256 2661 1306 2714 in
1323 2662 1610 2732 Apparatu
1638 2665 1915 2735 praemisso

93 2739 232 2810 operi
258 2743 344 2792 De
363 2746 602 2810 primatu
630 2744 820 2811 Papae
846 2763 960 2814 pag.
991 2746 1076 2798 13.
1107 2765 1175 2798 ex
1200 2747 1374 2799 iisdem
1401 2750 1700 2802 testimoniis
1728 2752 1916 2804 ordinis

92 2835 141 2877 et
170 2825 369 2878 honoris
396 2827 659 2897 primatum
687 2830 989 2882 solummodo
1018 2829 1222 2900 colligit.

234 2912 285 2964 6.
338 2910 396 2963 Si
422 2931 544 2966 vero
572 2933 672 2966 non
700 2915 826 2967 meri
863 2916 1052 2967 ordinis
1070 2957 1083 2981 ‚
1124 2918 1210 2969 sed
1235 2919 1534 2990 praecipuae
1553 2921 1915 2992 jurisdictionis

93 2997 332 3068 primatus
361 3017 390 3050 a
415 2999 539 3052 viris
566 3000 821 3053 catholicis
850 3012 926 3054 est
954 3003 1299 3069 admittendus5
1327 3015 1378 3056 ut
1406 3005 1563 3076 ipsum
1591 3028 1784 3079 quoque
1809 3009 1915 3063 Du-

92 3085 255 3155 pinum
297 3086 488 3157 (minus
526 3087 643 3140 licet
679 3088 1036 3159 cohaerenter)
1077 3091 1337 3143 admittere
1386 3093 1692 3148 ostendimus
1728 3115 1832 3168 cap.
1861 3099 1912 3150 2.

94 3171 170 3223 hic
197 3182 358 3224 autem
385 3174 679 3245 praecipuae
698 3175 1056 3246 jurisdictionis
1083 3178 1323 3249 primatus
1342 3179 1457 3248 jure
1482 3179 1648 3235 divino
1674 3184 1915 3236 constitu-

96 3266 201 3320 tus,
248 3257 357 3328 ipso
395 3259 584 3330 pariter
619 3263 947 3329 concedente,
998 3275 1076 3318 est
1112 3283 1181 3317 ex
1220 3264 1378 3317 sacris
1423 3266 1562 3320 libris
1600 3269 1912 3339 potissimum

93 3345 369 3409 eruendus3
411 3363 511 3398 non
548 3347 633 3398 illa
670 3357 861 3400 tantum
898 3351 1189 3404 testimonia
1230 3371 1257 3402 a
1284 3350 1482 3424 Dupino
1517 3354 1747 3426 ingesta,
1786 3378 1912 3427 qnae

94 3430 217 3482 meri
255 3431 443 3485 ordinis
479 3434 743 3504 primatum
781 3446 1003 3491 statuere
1042 3447 1255 3508 queunt,
1305 3439 1365 3490 ad
1397 3439 1556 3512 ipsum
1603 3445 1909 3514 probandum

97 3515 263 3568 afferri
290 3518 484 3578 debent,
515 3521 598 3572 sed
629 3522 724 3573 alia
750 3522 943 3592 potiora
973 3543 1000 3576 a
1028 3524 1171 3576 nohis
1209 3524 1451 3578 indicata.
1488 3547 1614 3597 quae
1641 3531 1831 3599 quidem
1862 3531 1909 3581 in
