2314 3984
875 185 1537 246 ——252—

282 352 394 407 fidei
420 352 664 407 unitatem
694 371 805 406 cum
831 350 981 406 Petri
1007 352 1248 407 cathedra
1279 356 1483 434 ‘ratione
1520 359 1767 431 primatus
1807 358 2024 430 positum
2052 358 2143 410 mi-

283 440 418 494 nime
446 439 683 511 agnovit,
723 439 894 492 mitius
926 440 1188 493 ferendum
1225 438 1503 496 videretun
1555 444 1632 500 At
1669 461 1778 500 cum
1816 446 1877 500 de
1903 445 2143 518 ejusmodi

283 537 458 582 centro
481 565 496 592 ‚
525 535 577 580 et
602 526 663 580 de
690 526 1000 582 necessitate
1025 527 1235 581 unitatis
1261 527 1375 581 fidei
1401 547 1512 583 cum
1536 533 1711 587 eodem
1746 542 1855 587 tam
1881 534 2037 588 multa
2066 542 2142 586 at-

282 633 377 684 que
405 631 659 686 expressa
683 614 854 668 multis
879 615 932 668 in
947 615 1071 669 locis
1084 615 1487 688 praedicaverit3
1515 617 1692 671 horum
1706 637 1876 692 pugna
1891 640 2001 674 cum
2022 639 2142 674 con-

279 700 468 756 ditione
487 712 770 756 memorata
789 712 846 755 ut
865 702 1072 757 evidens
1091 703 1197 770 fiat,
1223 704 1374 758 velim
1401 704 1563 778 primo
1582 703 1863 761 Bossuetus
1882 708 1934 761 in
1955 726 2143 762 memo—

282 789 408 842 riam
448 800 688 856 revocet,
738 809 866 861 quae
908 800 1088 845 contra
1128 791 1374 845 sectarios
1413 787 1738 847 Pontificiam
1787 795 2142 849 auctoritatem

281 878 429 949 paulo
470 877 687 931 absimili
727 877 1013 933 conditione
1051 879 1525 934 circumscribentes
1563 880 1779 935 inseruit
1809 882 1942 935 ,libro
1970 881 2145 952 quinto

297 967 672 1019 Variationum
699 985 746 1019 n.
777 967 865 1020 ⁶24.
919 965 1329 1022 Melanchthonis
1354 969 1515 1022 locum
1543 969 1882 1035 recitaverat,
1910 988 2007 1040 quo
2034 968 2144 1022 Ro-

280 1053 420 1107 mani
445 1053 712 1108 Antistitis
739 1055 1008 1128 primatum
1034 1055 1086 1108 in
1112 1053 1346 1110 Ecclesia
1374 1056 1714 1110 necessarium
1752 1059 2012 1128 professus
2038 1059 2144 1111 fue-

283 1152 364 1195 rat
391 1146 467 1196 ad
491 1146 919 1197 conservandam
945 1148 999 1196 in
1015 1146 1323 1197 nationibus
1338 1149 1593 1198 unitatem
1611 1147 1911 1199 doctrinae.
1941 1146 2016 1198 At
2031 1163 2140 1199 cum

280 1231 365 1284 ille
392 1230 522 1284 hanc
548 1241 851 1303 potestatem
873 1232 1085 1285 unitatis
1112 1233 1227 1286 fidei
1253 1233 1534 1301 coactivam
1548 1250 1609 1285 ea
1624 1232 1824 1286 ratione
1838 1233 2142 1287 restrinxis-

282 1327 389 1382 set,
418 1328 667 1388 quatenus
694 1315 839 1388 Papa
880 1335 1059 1370 sanam
1096 1319 1379 1372 doctrinam
1417 1338 1518 1372 non
1546 1319 1885 1390 opprimeret3
1933 1322 1995 1372 Si
2022 1323 2143 1373 lice-

281 1413 393 1468 ret,
421 1404 624 1477 subjicit
649 1402 958 1470 BossuetuS,
986 1408 1169 1459 dicere
1197 1425 1312 1459 eam
1340 1426 1374 1459 a
1405 1406 1759 1476 Pontificibus
1787 1411 2055 1477 opprimi,
2096 1416 2149 1460 et

283 1495 386 1546 hoc
405 1500 707 1564 praetextu
733 1513 936 1564 neyare
963 1496 1155 1547 iisdem
1180 1495 1411 1547 debitam
1441 1495 1828 1557 obedieutiam3
1857 1497 2143 1548 recidimus

280 1586 459 1636 statim
485 1586 539 1635 in
560 1584 833 1652 pericula,
861 1603 999 1653 quae
1027 1586 1228 1636 evitare
1256 1586 1550 1644 studemus,
1579 1589 1631 1634 et
1655 1586 1953 1636 auctoritas
1982 1586 2143 1636 eccle-

280 1675 502 1724 siastica
530 1673 768 1725 ludibrio
798 1680 877 1725 est
901 1673 1162 1733 erunibus,
1190 1675 1284 1742 qui
1309 1691 1364 1724 se
1380 1691 1435 1724 se
1461 1673 1630 1723 eidem
1652 1690 1930 1740 opponere
1951 1673 2141 1723 velint:

283 1759 460 1830 quibus
486 1758 658 1814 verbis
688 1757 766 1813 Cl.
820 1760 1020 1812 Auctor
1047 1777 1158 1813 eam
1186 1759 1299 1812 fidei
1326 1759 1601 1824 unitatem,
1644 1757 1721 1811 cui
1761 1759 2143 1812 conservandae

283 1846 603 1900 Pontificiam
633 1847 988 1901 auctoritatem
1012 1847 1357 1901 necessariam
1385 1845 1747 1900 Melanchthon
1777 1846 2142 1910 affirmaverat,

279 1934 635 1990 schismatibus
662 1946 856 2009 patere,
884 1936 1130 2006 facileque
1157 1935 1421 1989 discissum
1451 1933 1515 1987 iri
1534 1933 1798 2006 judicavit,
1828 1934 1871 1987 si
1899 1953 1960 1987 ea
1989 1934 2142 1987 liber-

280 2034 360 2077 tas
401 2034 453 2078 et
490 2023 711 2078 conditio
746 2023 1089 2096 permittatur.
1142 2022 1448 2076 Absolutam
1483 2022 1656 2091 itaque
1699 2041 1812 2075 eam
1838 2030 2142 2094 potestatem

282 2131 397 2165 esse
425 2121 663 2184 oportere
691 2112 911 2177 censuit,
951 2122 1006 2164 ut
1045 2111 1125 2166 vis
1163 2110 1215 2162 in
1256 2109 1502 2163 unitatem
1542 2109 1654 2162 fidei
1682 2109 1918 2163 tuendam
1947 2118 2064 2181 apta
2091 2119 2143 2162 et

283 2200 468 2254 efficax
494 2199 578 2253 sit.
608 2198 707 2254 Vis
735 2210 786 2253 et
812 2199 1119 2266 auctoritas,
1149 2217 1277 2270 quae
1303 2198 1356 2251 in
1381 2198 1628 2251 unitatem
1655 2216 1755 2250 non
1785 2215 1924 2250 mere
1940 2215 2146 2269 reprae-

282 2288 607 2353 sentandam,
638 2288 725 2342 sed
752 2287 1128 2342 custodiendam
1154 2276 1387 2340 instituta
1419 2306 1449 2339 a
1473 2284 1587 2339 Deo
1615 2285 1735 2350 fuit,
1764 2284 1930 2355 sitque
1957 2304 2048 2357 per
2088 2304 2143 2338 se

281 2397 336 2431 se
365 2387 486 2450 apta
512 2387 564 2431 et
591 2377 809 2443 efficax,
847 2386 902 2429 ut
942 2375 1107 2448 (Vide
1145 2376 1300 2430 allata
1329 2394 1371 2428 c.
1401 2374 1486 2446 9.)
1525 2375 1605 2429 vel
1640 2372 1922 2427 adversarii
1962 2373 2144 2426 debere

280 2484 394 2520 esse
420 2467 677 2530 fatentur,
706 2464 829 2516 nulli
857 2463 1134 2516 conditioni
1162 2462 1417 2514 hominum
1436 2461 1645 2532 judicio,
1676 2471 1763 2512 aut
1789 2461 2000 2514 arbitrio
2028 2462 2144 2514 sub-

275 2556 444 2625 jectae
473 2551 670 2622 alligari
698 2549 896 2615 debuit,
937 2548 1084 2602 facile
1124 2546 1257 2600 enim
1297 2547 1613 2612 eluderetur,
1653 2565 1816 2617 neque
1870 2546 2143 2600 haereticis

281 2639 572 2694 succenseri
597 2638 786 2693 invicte
812 2647 1016 2710 posset,
1054 2635 1096 2688 si
1137 2634 1439 2706 dogmaticis
1479 2634 1782 2688 Pontificum
1810 2634 2030 2688 decretis
2057 2653 2143 2687 eo-

282 2747 389 2780 rum
431 2744 638 2779 errores
675 2725 1123 2780 condemnantibus
1140 2764 1154 2789 ,
1199 2723 1252 2776 in
1300 2722 1478 2793 quibus
1525 2722 1851 2776 traditionem
1889 2722 2142 2776 desertam

280 2815 577 2887 opinentur,
621 2812 945 2883 acquiescere
981 2811 1162 2865 nolint.
1215 2809 1392 2881 Itaque
1431 2829 1495 2864 ne
1521 2810 1703 2862 unitati
1730 2809 1842 2862 fidei
1870 2811 1999 2863 male
2026 2829 2143 2883 pro-

278 2904 443 2958 visum
490 2921 521 2955 a
558 2899 766 2955 Christo
802 2900 1026 2955 dicamus
1062 2899 1114 2952 in
1153 2897 1388 2952 Romana
1415 2897 1684 2960 cathedra,
1714 2899 1994 2951 absolutam
2020 2897 2138 2962 vim,

282 3011 411 3063 quae
451 2990 574 3043 nulli
613 2988 889 3044 conditioni
928 2988 1118 3052 subsit,
1159 2986 1410 3040 Romanis
1446 2985 1777 3039 Pontificibus
1815 3001 1885 3037 ex
1920 2984 2139 3055 primatu

281 3089 570 3152 competere
598 3077 834 3132 debemus
862 3093 1171 3148 agnoscere,
1202 3075 1246 3127 si
1273 3072 1468 3143 quidem
1497 3071 1548 3124 in
1577 3089 1636 3124 ea
1666 3071 1905 3125 cathedra
1928 3112 1941 3136 ,
1971 3090 2060 3125 seu
2087 3072 2139 3124 in

281 3168 374 3221 fide
392 3208 405 3233 ,
434 3186 583 3238 quam
608 3165 682 3219 illi
709 3183 780 3219 ex
807 3165 970 3218 officio
997 3171 1286 3237 proponunt
1311 3162 1428 3233 jure
1466 3158 1712 3231 primatus
1729 3199 1742 3225 ,
1784 3159 1995 3213 unitatis
2023 3178 2140 3214 cen-

282 3265 415 3308 trum
447 3275 474 3308 a
512 3252 720 3309 Christo
755 3253 972 3326 positum
1000 3254 1279 3315 fateamur,
1325 3258 1381 3301 ut
1418 3247 1733 3313 BossuetuS,
1772 3257 1821 3301 et
1857 3246 2138 3302 adversarii

283 3339 418 3395 Galli
446 3344 688 3396 fatentur.

429 3430 516 3485 27.
572 3428 759 3484 Patres
787 3428 983 3501 quidem
1013 3448 1123 3483 cum
1150 3427 1427 3480 docueruut
1464 3423 1832 3477 adhaerendum
1872 3420 2139 3474 Romanae

286 3518 396 3572 fidei
425 3517 622 3572 ratione
649 3518 923 3589 primatus,
953 3517 1035 3588 qui
1062 3516 1112 3570 in
1142 3514 1404 3568 tuitionem
1446 3512 1653 3566 unitatis
1680 3510 1993 3584 potissimum
2029 3509 2140 3563 fidei
