2314 3984
946 185 1607 245 ——876--—

1181 392 1237 463 §.¹
1269 389 1366 445 xl.

347 531 488 580 Num
530 533 810 584 sententia,
853 541 987 589 quae
1027 526 1463 588 infallibilitatem
1493 525 1785 588 Pontifici&
1824 527 2205 589 definitionibus

570 595 627 639 in
656 593 886 637 materia
911 588 1039 650 fidei
1068 587 1277 650 tribuit,
1312 591 1539 648 antiquis
1566 589 1736 650 fuerit
1764 594 1957 652 iqnota.

490 710 576 766 Ab
603 711 696 766 hae
719 708 1016 784 Appendiee
1042 708 1287 762 calamum
1314 727 1509 780 nequeo
1536 709 1840 776 subducere,
1873 710 1975 764 nisi
2006 710 2146 784 prius
2174 730 2205 764 a
2290 730 2293 734 ·

347 799 605 854 sententia
622 839 638 866 ,
667 817 796 871 quae
821 796 1230 852 infallibilitatem
1254 796 1507 851 Romanis
1532 795 1866 852 Pontificibus
1901 798 1956 852 in
1980 798 2094 854 fidei
2119 800 2205 852 de-

346 887 658 942 finitionibus
685 886 898 955 asserit,
925 885 1171 942 novitatis
1197 895 1370 939 notam
1395 886 1715 960 abstergam3
1755 888 1960 958 ejusque
1987 886 2206 958 antiqui-

346 986 506 1031 tatem
541 976 712 1048 aliqua
748 995 852 1030 non
886 976 1107 1029 obscura
1142 973 1344 1029 ratione
1378 974 1704 1029 constituam.
1757 973 1832 1027 Ut
1857 984 2026 1028 autem
2061 973 2205 1048 hujus

347 1065 635 1120 sententiae
659 1065 901 1138 probetur
928 1063 1236 1135 antiquitaS,
1275 1062 1407 1117 haud
1442 1082 1567 1138 opus
1604 1073 1685 1118 est
1719 1081 1830 1117 eam
1857 1081 2105 1135 expresse
2130 1064 2209 1117 in-

344 1153 661 1208 fauibilitatis
685 1154 931 1209 vocabulo
957 1152 1179 1209 inveniri
1205 1152 1333 1225 apud
1353 1152 1607 1224 antiquoS‚
1633 1152 1723 1207 sed
1740 1152 1941 1218 sufficit,
1968 1153 2013 1206 si
2039 1153 2209 1224 aequi-

346 1243 635 1298 valentibus
673 1242 845 1298 verbis
881 1252 1032 1313 atque
1067 1240 1338 1294 sententiis
1374 1240 1502 1295 satis
1540 1241 1799 1295 declarata
1821 1240 2039 1295 vetustis
2064 1242 2209 1295 testi-

346 1330 532 1384 moniis
570 1338 918 1395 monstretur,
965 1327 1188 1398 nihilque
1235 1327 1448 1380 solidum
1491 1346 1562 1382 ex
1605 1327 1827 1398 antiquis
1861 1325 2207 1402 Scriptoribus

347 1428 529 1474 contra
550 1418 735 1493 opponi
773 1426 944 1488 queat.
997 1414 1376 1486 Antiquitatem
1414 1434 1539 1470 sane
1578 1417 1687 1488 ejus
1726 1416 2012 1470 sententiae
2037 1435 2207 1472 nonne

348 1505 785 1578 aequivalentibus
805 1505 977 1561 verbis
1006 1514 1157 1576 atque
1184 1503 1454 1558 sententiis
1480 1503 1608 1558 satis
1635 1504 1896 1559 declarant
1922 1505 2115 1577 antiqui
2139 1506 2211 1559 illi

348 1593 556 1661 PatreS,
584 1595 669 1666 qui
695 1593 983 1649 Romanam
1009 1593 1154 1646 fidem
1179 1592 1437 1646 immotam
1453 1591 1543 1666 (de
1568 1592 1769 1666 primat.
1786 1611 1829 1646 c.
1850 1592 1936 1646 15.
1951 1593 2209 1664 §.4.),in-

348 1683 677 1738 defectibilem
695 1724 709 1750 ‚
737 1692 983 1757 perpetuo
1011 1691 1367 1736 conservatam
1383 1722 1397 1748 ‚
1436 1691 1731 1755 petramque
1757 1677 2109 1736 solidissimam
2134 1692 2213 1737 te-

349 1781 579 1838 stantur,
607 1783 789 1826 contra
815 1791 963 1845 quam
989 1789 1094 1828 non
1118 1770 1486 1843 praevalebunt
1509 1789 1731 1842 unquam
1756 1780 1934 1843 portae
1954 1771 2132 1838 inferi,
2160 1781 2212 1826 et

348 1879 441 1933 pro
469 1880 568 1932 qua
583 1858 819 1915 Christus
845 1859 1066 1932 rogavit,
1094 1878 1159 1912 ne
1185 1859 1445 1927 deficeret3
1474 1878 1567 1913 nec
1594 1878 1697 1913 non
1721 1859 1757 1911 ii
1785 1859 1880 1931 (ib.
1899 1878 1942 1912 c.
1959 1859 2009 1912 2.
2033 1869 2084 1913 et
2104 1859 2210 1932 3.),

349 1948 436 2020 qui
462 1949 554 2002 has
582 1947 779 2008 Christi
803 1947 1170 2023 promissiones
1197 1956 1436 2020 aptarunt
1462 1947 1592 2010 fidei,
1619 1966 1768 2018 quam
1793 1945 2074 2002 Pontifices
2101 1948 2212 2002 Ro·-

350 2037 489 2091 mani
515 2036 665 2091 Petri
692 2055 1017 2092 successores
1044 2037 1227 2090 docent
1255 2046 1403 2107 atque
1429 2036 1698 2098 definiunt,
1723 2045 1780 2088 ut
1804 2035 2052 2090 unitatem
2079 2039 2213 2110 ejus-

350 2126 465 2180 dem
490 2126 605 2180 fidei
631 2142 703 2180 ex
727 2127 827 2180 fine
855 2135 906 2180 et
931 2125 1094 2179 officio
1120 2125 1367 2198 primatus
1407 2124 1722 2192 custodiant3
1765 2134 1815 2178 et
1849 2125 1922 2178 ita
1957 2135 2211 2198 aptarunt,

351 2224 408 2267 ut
435 2215 737 2269 affirmarint
762 2213 853 2288 (de
880 2215 1082 2288 primat.
1112 2234 1156 2269 c.
1187 2214 1273 2269 13.
1303 2214 1351 2284 ἕ.
1370 2213 1489 2288 14.)
1517 2211 1575 2267 S.
1603 2210 1816 2267 Petrum
1841 2212 1894 2265 in
1920 2211 2044 2286 ipsis
2069 2215 2214 2268 fidem

352 2303 704 2358 definientibus
743 2304 880 2376 loqui
914 2313 965 2358 et
991 2305 1173 2359 docere
1209 2303 1323 2357 fidei
1347 2303 1650 2358 veritatem?
1700 2300 2004 2357 Adversarii
2031 2302 2115 2374 qui
2139 2313 2216 2356 tot

353 2391 678 2463 antiquorum
702 2392 997 2448 testimonia
1023 2409 1055 2453 a
1080 2411 1159 2446 me
1186 2391 1343 2446 allata
1366 2390 1420 2444 in
1445 2390 1572 2445 libro
1594 2391 1683 2443 De
1712 2393 1765 2443 υἱ
1793 2398 1846 2443 et
1869 2395 2079 2444 ratione
2098 2397 2214 2462 pri·

270 2502 279 2514 ⁸
351 2488 525 2534 matus
561 2482 760 2535 eludere
797 2482 898 2535 nisi
924 2491 1042 2534 sunt
1068 2500 1127 2535 eo
1154 2479 1384 2545 nomine,
1424 2479 1554 2549 quod
1579 2479 1847 2547 loquantur
1874 2478 1934 2532 de
1960 2479 2053 2533 fide
2080 2482 2213 2534 sedis

351 2586 445 2622 seu
469 2565 734 2622 Ecclesiae
760 2568 1058 2630 Romanae,
1095 2586 1200 2620 non
1237 2566 1297 2620 de
1335 2566 1460 2639 ipsis
1500 2565 1870 2619 definitionibus
1895 2564 2212 2636 Pontificii83

354 2656 562 2730 perinde
601 2675 660 2710 ae
686 2657 732 2710 si
756 2656 1151 2730 praerogativae
1189 2664 1533 2727 competentes
1571 2654 1678 2708 sedi
1705 2663 1790 2706 aut
1814 2651 2077 2710 Ecclesiae
2104 2656 2215 2710 Ro-

355 2763 540 2799 manae
575 2744 777 2799 ratione
814 2744 1088 2817 primat11S‚
1135 2762 1239 2797 non
1278 2743 1381 2796 sint
1419 2742 1656 2814 alligatae
1702 2760 1954 2815 personae
1990 2743 2214 2817 ipsorum

354 2833 680 2900 Pontifieum‚
705 2834 789 2889 vel
814 2833 937 2887 fides
964 2832 1098 2886 sedis
1124 2842 1211 2885 aut
1223 2830 1489 2886 Ecclesiae
1515 2829 1782 2886 Romanae
1808 2831 1911 2884 alia
1937 2832 2004 2885 sit
2025 2851 2055 2885 a
2074 2831 2215 2887 Pon-

354 2923 544 2977 tificum
570 2923 694 2989 fide,
731 2922 841 2996 ipso
868 2921 1123 2975 Bossueto
1151 2920 1282 2975 hanc
1307 2918 1681 2973 distinctionem
1708 2919 2013 2992 reprobante
2041 2920 2138 2993 (ib.
2168 2941 2212 2975 c.

359 3012 446 3065 15.
475 3030 527 3064 n.
560 3010 708 3084 17.),
745 3010 1005 3084 rejiciendi
1033 3020 1178 3063 sunt:
1218 3007 1367 3063 sicuti
1401 3027 1504 3061 non
1530 3007 1694 3061 minus
1731 3007 1955 3079 ineptam
1983 3027 2041 3062 ac
2067 3028 2216 3082 repu-

355 3109 599 3172 gnantem
627 3100 827 3154 ostendi
853 3099 1005 3153 aliam
1027 3098 1248 3170 ejusdem
1266 3096 1507 3150 Bossueti
1527 3095 1919 3162 distinctionem,
1947 3115 2046 3166 qua
2071 3097 2215 3152 fidem

357 3188 512 3243 seriei
540 3208 600 3243 ae
625 3187 965 3243 successionis
992 3205 1299 3240 summorum
1324 3183 1629 3240 Pontificum
1665 3183 1976 3238 infallibilem
2002 3195 2052 3239 et
2077 3185 2217 3239 iude-

356 3277 628 3332 fectibilem
668 3278 766 3351 (ib.
803 3295 855 3330 n.
886 3274 1006 3348 18.)
1042 3274 1417 3348 agnoscendam
1454 3272 1763 3338 concedem,
1812 3271 2215 3344 distinguendam

357 3365 571 3420 eredidit
597 3385 628 3419 a
652 3366 748 3420 fide
774 3365 1088 3438 singulorum
1114 3361 1444 3423 Pontificum,
1479 3379 1688 3431 quorum
1717 3360 1912 3432 aliquos
1936 3360 1990 3414 in
2015 3361 2109 3415 fide
2135 3379 2217 3414 er-

360 3471 507 3507 rasse
535 3472 594 3507 ac
620 3453 865 3510 defecisse
891 3452 1172 3508 existimat.
1223 3449 1335 3505 Hae
1373 3449 1606 3503 nimirum
1641 3449 1991 3506 distinctiones
2017 3449 2216 3519 aliaque

359 3541 582 3619 ejusdem
618 3542 827 3615 generis
864 3541 1050 3614 effugia
1089 3541 1150 3599 ab
1187 3537 1497 3596 adversariis
1525 3539 1852 3617 excogitata,
1887 3547 1942 3591 ut
1979 3536 2217 3608 antiquae
