<?xml version="1.0" encoding="UTF-8"?>
<!DOCTYPE html PUBLIC "-//W3C//DTD XHTML 1.0 Transitional//EN"
    "http://www.w3.org/TR/xhtml1/DTD/xhtml1-transitional.dtd">
<html xmlns="http://www.w3.org/1999/xhtml" xml:lang="en" lang="en">
 <head>
  <title>
</title>
<meta http-equiv="Content-Type" content="text/html;charset=utf-8" />
  <meta name='ocr-system' content='tesseract 3.04.00' />
  <meta name='ocr-capabilities' content='ocr_page ocr_carea ocr_par ocr_line ocrx_word'/>
</head>
<body>
  <div class='ocr_page' id='page_1' title='image "a546178500balluoft_0367.png"; bbox 0 0 2314 3984; ppageno 0'>
   <div class='ocr_carea' id='block_1_1' title="bbox 0 0 113 3984">
    <p class='ocr_par' dir='ltr' id='par_1_1' title="bbox 0 0 113 3984">
     <span class='ocr_line' id='line_1_1' title="bbox 0 0 113 3984; baseline 0 0"><span class='ocrx_word' id='word_1_1' title='bbox 0 0 113 3984; x_wconf 95' lang='lat' dir='ltr'><strong> </strong></span> 
     </span>
    </p>
   </div>
   <div class='ocr_carea' id='block_1_2' title="bbox 749 247 1400 307">
    <p class='ocr_par' dir='ltr' id='par_1_2' title="bbox 749 247 1400 307">
     <span class='ocr_line' id='line_1_2' title="bbox 749 247 1400 307; baseline -0.003 0"><span class='ocrx_word' id='word_1_2' title='bbox 749 247 1400 307; x_wconf 72' lang='lat'><strong>——335———-</strong></span> 
     </span>
    </p>
   </div>
   <div class='ocr_carea' id='block_1_3' title="bbox 173 415 1988 3489">
    <p class='ocr_par' dir='ltr' id='par_1_3' title="bbox 173 415 1984 1247">
     <span class='ocr_line' id='line_1_3' title="bbox 173 415 1983 489; baseline -0.004 -12"><span class='ocrx_word' id='word_1_3' title='bbox 173 425 264 477; x_wconf 81' lang='lat' dir='ltr'><strong>bus</strong></span> <span class='ocrx_word' id='word_1_4' title='bbox 285 421 467 484; x_wconf 65' lang='lat' dir='ltr'><strong>missa,</strong></span> <span class='ocrx_word' id='word_1_5' title='bbox 506 435 706 472; x_wconf 80' lang='lat' dir='ltr'><strong>omnem·</strong></span> <span class='ocrx_word' id='word_1_6' title='bbox 732 415 868 470; x_wconf 70' lang='lat' dir='ltr'><strong>drea</strong></span> <span class='ocrx_word' id='word_1_7' title='bbox 891 416 1034 471; x_wconf 82' lang='lat' dir='ltr'><strong>fldem</strong></span> <span class='ocrx_word' id='word_1_8' title='bbox 1073 419 1176 489; x_wconf 80' lang='lat' dir='ltr'><strong>ejus</strong></span> <span class='ocrx_word' id='word_1_9' title='bbox 1201 415 1898 488; x_wconf 77' lang='lat' dir='ltr'><strong>suspicionem-deterserunt,</strong></span> <span class='ocrx_word' id='word_1_10' title='bbox 1925 435 1983 470; x_wconf 72' lang='lat' dir='ltr'><strong>ue</strong></span> 
     </span>
     <span class='ocr_line' id='line_1_4' title="bbox 175 500 1984 579; baseline -0.002 -19"><span class='ocrx_word' id='word_1_11' title='bbox 175 514 438 579; x_wconf 76' lang='lat' dir='ltr'><strong>propterea</strong></span> <span class='ocrx_word' id='word_1_12' title='bbox 461 505 586 558; x_wconf 85' lang='lat' dir='ltr'><strong>adeo</strong></span> <span class='ocrx_word' id='word_1_13' title='bbox 609 504 808 556; x_wconf 74' lang='lat' dir='ltr'><strong>filerunt</strong></span> <span class='ocrx_word' id='word_1_14' title='bbox 832 512 1093 575; x_wconf 82' lang='lat' dir='ltr'><strong>suscepta,</strong></span> <span class='ocrx_word' id='word_1_15' title='bbox 1116 501 1275 557; x_wconf 70' lang='lat' dir='ltr'><strong>-ut&#39;in</strong></span> <span class='ocrx_word' id='word_1_16' title='bbox 1299 501 1498 557; x_wconf 84' lang='lat' dir='ltr'><strong>scriniis</strong></span> <span class='ocrx_word' id='word_1_17' title='bbox 1521 501 1786 556; x_wconf 80' lang='lat' dir='ltr'><strong>Romanae</strong></span> <span class='ocrx_word' id='word_1_18' title='bbox 1794 500 1984 556; x_wconf 75' lang='lat' dir='ltr'><strong>-Eccle-</strong></span> 
     </span>
     <span class='ocr_line' id='line_1_5' title="bbox 175 588 1984 662; baseline -0.001 -17"><span class='ocrx_word' id='word_1_19' title='bbox 175 593 280 646; x_wconf 79' lang='lat' dir='ltr'><strong>siae</strong></span> <span class='ocrx_word' id='word_1_20' title='bbox 305 590 637 644; x_wconf 85' lang='lat' dir='ltr'><strong>authenticum</strong></span> <span class='ocrx_word' id='word_1_21' title='bbox 661 607 830 643; x_wconf 87' lang='lat' dir='ltr'><strong>eorum</strong></span> <span class='ocrx_word' id='word_1_22' title='bbox 858 589 1141 662; x_wconf 87' lang='lat' dir='ltr'><strong>exemplum</strong></span> <span class='ocrx_word' id='word_1_23' title='bbox 1165 588 1438 661; x_wconf 85' lang='lat' dir='ltr'><strong>repositum</strong></span> <span class='ocrx_word' id='word_1_24' title='bbox 1474 598 1526 643; x_wconf 90' lang='lat' dir='ltr'><strong>et</strong></span> <span class='ocrx_word' id='word_1_25' title='bbox 1559 589 1855 643; x_wconf 84' lang='lat' dir='ltr'><strong>custoditum</strong></span> <span class='ocrx_word' id='word_1_26' title='bbox 1878 590 1984 643; x_wconf 78' lang='lat' dir='ltr'><strong>fue-</strong></span> 
     </span>
     <span class='ocr_line' id='line_1_6' title="bbox 176 673 1983 748; baseline -0.001 -17"><span class='ocrx_word' id='word_1_27' title='bbox 176 678 267 740; x_wconf 84' lang='lat' dir='ltr'><strong>rit,</strong></span> <span class='ocrx_word' id='word_1_28' title='bbox 292 677 419 747; x_wconf 86' lang='lat' dir='ltr'><strong>quod</strong></span> <span class='ocrx_word' id='word_1_29' title='bbox 442 676 751 730; x_wconf 82' lang='lat' dir='ltr'><strong>immediatae</strong></span> <span class='ocrx_word' id='word_1_30' title='bbox 790 675 1149 731; x_wconf 81' lang='lat' dir='ltr'><strong>communionis</strong></span> <span class='ocrx_word' id='word_1_31' title='bbox 1187 684 1534 745; x_wconf 81' lang='lat' dir='ltr'><strong>argumentum</strong></span> <span class='ocrx_word' id='word_1_32' title='bbox 1557 686 1648 728; x_wconf 89' lang='lat' dir='ltr'><strong>est.</strong></span> <span class='ocrx_word' id='word_1_33' title='bbox 1697 673 1838 729; x_wconf 89' lang='lat' dir='ltr'><strong>Nihil</strong></span> <span class='ocrx_word' id='word_1_34' title='bbox 1862 694 1983 748; x_wconf 86' lang='lat' dir='ltr'><strong>ergo</strong></span> 
     </span>
     <span class='ocr_line' id='line_1_7' title="bbox 174 760 1983 835; baseline -0.002 -17"><span class='ocrx_word' id='word_1_35' title='bbox 174 765 345 828; x_wconf 87' lang='lat' dir='ltr'><strong>obest,</strong></span> <span class='ocrx_word' id='word_1_36' title='bbox 385 762 501 832; x_wconf 90' lang='lat' dir='ltr'><strong>quin</strong></span> <span class='ocrx_word' id='word_1_37' title='bbox 524 772 715 817; x_wconf 86' lang='lat' dir='ltr'><strong>tantum</strong></span> <span class='ocrx_word' id='word_1_38' title='bbox 749 763 1031 835; x_wconf 88' lang='lat' dir='ltr'><strong>episcopum</strong></span> <span class='ocrx_word' id='word_1_39' title='bbox 1068 761 1129 815; x_wconf 90' lang='lat' dir='ltr'><strong>de</strong></span> <span class='ocrx_word' id='word_1_40' title='bbox 1153 761 1397 815; x_wconf 83' lang='lat' dir='ltr'><strong>catholica</strong></span> <span class='ocrx_word' id='word_1_41' title='bbox 1430 760 1555 826; x_wconf 81' lang='lat' dir='ltr'><strong>fide,</strong></span> <span class='ocrx_word' id='word_1_42' title='bbox 1590 780 1684 833; x_wconf 90' lang='lat' dir='ltr'><strong>pro</strong></span> <span class='ocrx_word' id='word_1_43' title='bbox 1708 779 1803 832; x_wconf 86' lang='lat' dir='ltr'><strong>qua</strong></span> <span class='ocrx_word' id='word_1_44' title='bbox 1827 771 1907 815; x_wconf 89' lang='lat' dir='ltr'><strong>ter</strong></span> <span class='ocrx_word' id='word_1_45' title='bbox 1930 761 1983 814; x_wconf 89' lang='lat' dir='ltr'><strong>in</strong></span> 
     </span>
     <span class='ocr_line' id='line_1_8' title="bbox 176 847 1983 920; baseline -0.002 -16"><span class='ocrx_word' id='word_1_46' title='bbox 176 850 379 905; x_wconf 84' lang='lat' dir='ltr'><strong>exilium</strong></span> <span class='ocrx_word' id='word_1_47' title='bbox 411 849 590 902; x_wconf 89' lang='lat' dir='ltr'><strong>missus</strong></span> <span class='ocrx_word' id='word_1_48' title='bbox 626 849 744 914; x_wconf 83' lang='lat' dir='ltr'><strong>fuit,</strong></span> <span class='ocrx_word' id='word_1_49' title='bbox 782 848 964 920; x_wconf 89' lang='lat' dir='ltr'><strong>optime</strong></span> <span class='ocrx_word' id='word_1_50' title='bbox 1000 847 1258 911; x_wconf 85' lang='lat' dir='ltr'><strong>meritum,</strong></span> <span class='ocrx_word' id='word_1_51' title='bbox 1298 857 1349 900; x_wconf 90' lang='lat' dir='ltr'><strong>et</strong></span> <span class='ocrx_word' id='word_1_52' title='bbox 1373 847 1436 900; x_wconf 86' lang='lat' dir='ltr'><strong>ob</strong></span> <span class='ocrx_word' id='word_1_53' title='bbox 1462 847 1678 900; x_wconf 84' lang='lat' dir='ltr'><strong>eximias</strong></span> <span class='ocrx_word' id='word_1_54' title='bbox 1714 848 1926 902; x_wconf 87' lang='lat' dir='ltr'><strong>virtutes</strong></span> <span class='ocrx_word' id='word_1_55' title='bbox 1953 867 1983 900; x_wconf 87' lang='lat' dir='ltr'><strong>a</strong></span> 
     </span>
     <span class='ocr_line' id='line_1_9' title="bbox 177 927 1983 1007; baseline -0.001 -18"><span class='ocrx_word' id='word_1_56' title='bbox 177 935 503 989; x_wconf 83' lang='lat' dir='ltr'><strong>sanctissimis</strong></span> <span class='ocrx_word' id='word_1_57' title='bbox 527 935 650 989; x_wconf 87' lang='lat' dir='ltr'><strong>viris</strong></span> <span class='ocrx_word' id='word_1_58' title='bbox 672 934 882 1000; x_wconf 88' lang='lat' dir='ltr'><strong>Basilio,</strong></span> <span class='ocrx_word' id='word_1_59' title='bbox 907 927 1117 1004; x_wconf 78' lang='lat' dir='ltr'><strong>utroque</strong></span> <span class='ocrx_word' id='word_1_60' title='bbox 1142 931 1390 1003; x_wconf 84' lang='lat' dir='ltr'><strong>Gregorio</strong></span> <span class='ocrx_word' id='word_1_61' title='bbox 1414 932 1746 988; x_wconf 87' lang='lat' dir='ltr'><strong>Nazianzeno</strong></span> <span class='ocrx_word' id='word_1_62' title='bbox 1773 946 1824 988; x_wconf 91' lang='lat' dir='ltr'><strong>et</strong></span> <span class='ocrx_word' id='word_1_63' title='bbox 1840 933 1983 1007; x_wconf 81' lang='lat' dir='ltr'><strong>Nys-</strong></span> 
     </span>
     <span class='ocr_line' id='line_1_10' title="bbox 177 1019 1981 1092; baseline 0 -18"><span class='ocrx_word' id='word_1_64' title='bbox 177 1041 314 1087; x_wconf 74' lang='lat' dir='ltr'><strong>seno‚</strong></span> <span class='ocrx_word' id='word_1_65' title='bbox 333 1021 527 1076; x_wconf 88' lang='lat' dir='ltr'><strong>Joanne</strong></span> <span class='ocrx_word' id='word_1_66' title='bbox 541 1019 920 1092; x_wconf 78' lang='lat' dir='ltr'><strong>Chrysostomo‚</strong></span> <span class='ocrx_word' id='word_1_67' title='bbox 946 1019 1154 1088; x_wconf 89' lang='lat' dir='ltr'><strong>aliisque</strong></span> <span class='ocrx_word' id='word_1_68' title='bbox 1178 1020 1413 1073; x_wconf 83' lang='lat' dir='ltr'><strong>maximis</strong></span> <span class='ocrx_word' id='word_1_69' title='bbox 1437 1020 1658 1072; x_wconf 83' lang='lat' dir='ltr'><strong>laudibus</strong></span> <span class='ocrx_word' id='word_1_70' title='bbox 1684 1021 1981 1074; x_wconf 87' lang='lat' dir='ltr'><strong>celebratum</strong></span> 
     </span>
     <span class='ocr_line' id='line_1_11' title="bbox 178 1103 1983 1167; baseline -0.001 -7"><span class='ocrx_word' id='word_1_71' title='bbox 178 1109 307 1162; x_wconf 90' lang='lat' dir='ltr'><strong>inter</strong></span> <span class='ocrx_word' id='word_1_72' title='bbox 330 1106 547 1161; x_wconf 85' lang='lat' dir='ltr'><strong>Sanctos</strong></span> <span class='ocrx_word' id='word_1_73' title='bbox 571 1105 902 1161; x_wconf 83' lang='lat' dir='ltr'><strong>Confessores</strong></span> <span class='ocrx_word' id='word_1_74' title='bbox 939 1123 1039 1159; x_wconf 91' lang='lat' dir='ltr'><strong>non</strong></span> <span class='ocrx_word' id='word_1_75' title='bbox 1066 1106 1224 1159; x_wconf 88' lang='lat' dir='ltr'><strong>solum</strong></span> <span class='ocrx_word' id='word_1_76' title='bbox 1252 1103 1473 1167; x_wconf 85' lang='lat' dir='ltr'><strong>Graeca,</strong></span> <span class='ocrx_word' id='word_1_77' title='bbox 1511 1107 1597 1159; x_wconf 89' lang='lat' dir='ltr'><strong>sed</strong></span> <span class='ocrx_word' id='word_1_78' title='bbox 1619 1105 1811 1159; x_wconf 85' lang='lat' dir='ltr'><strong>Latina</strong></span> <span class='ocrx_word' id='word_1_79' title='bbox 1837 1107 1983 1159; x_wconf 86' lang='lat' dir='ltr'><strong>etiam</strong></span> 
     </span>
     <span class='ocr_line' id='line_1_12' title="bbox 176 1191 746 1247; baseline 0.004 -3"><span class='ocrx_word' id='word_1_80' title='bbox 176 1193 481 1247; x_wconf 79' lang='lat' dir='ltr'><strong>recensuerit</strong></span> <span class='ocrx_word' id='word_1_81' title='bbox 502 1191 746 1246; x_wconf 82' lang='lat' dir='ltr'><strong>Ecclesia.</strong></span> 
     </span>
    </p>

    <p class='ocr_par' dir='ltr' id='par_1_4' title="bbox 175 1277 1988 3489">
     <span class='ocr_line' id='line_1_13' title="bbox 315 1277 1985 1349; baseline -0.001 -18"><span class='ocrx_word' id='word_1_82' title='bbox 315 1282 365 1332; x_wconf 86' lang='lat'><strong>5.</strong></span> <span class='ocrx_word' id='word_1_83' title='bbox 405 1278 682 1332; x_wconf 86' lang='lat' dir='ltr'><strong>Difficultas</strong></span> <span class='ocrx_word' id='word_1_84' title='bbox 719 1288 882 1332; x_wconf 86' lang='lat' dir='ltr'><strong>autem</strong></span> <span class='ocrx_word' id='word_1_85' title='bbox 919 1278 970 1330; x_wconf 92' lang='lat' dir='ltr'><strong>in</strong></span> <span class='ocrx_word' id='word_1_86' title='bbox 997 1277 1254 1330; x_wconf 88' lang='lat' dir='ltr'><strong>Acaciano</strong></span> <span class='ocrx_word' id='word_1_87' title='bbox 1290 1278 1556 1331; x_wconf 80' lang='lat' dir='ltr'><strong>schismate</strong></span> <span class='ocrx_word' id='word_1_88' title='bbox 1591 1280 1751 1349; x_wconf 91' lang='lat' dir='ltr'><strong>major</strong></span> <span class='ocrx_word' id='word_1_89' title='bbox 1789 1279 1985 1332; x_wconf 86' lang='lat' dir='ltr'><strong>videtur</strong></span> 
     </span>
     <span class='ocr_line' id='line_1_14' title="bbox 178 1361 1987 1435; baseline -0.001 -17"><span class='ocrx_word' id='word_1_90' title='bbox 178 1369 334 1435; x_wconf 89' lang='lat' dir='ltr'><strong>quoad</strong></span> <span class='ocrx_word' id='word_1_91' title='bbox 359 1384 445 1419; x_wconf 90' lang='lat' dir='ltr'><strong>eos</strong></span> <span class='ocrx_word' id='word_1_92' title='bbox 471 1375 688 1429; x_wconf 81' lang='lat' dir='ltr'><strong>sanctoS‚</strong></span> <span class='ocrx_word' id='word_1_93' title='bbox 716 1365 798 1434; x_wconf 89' lang='lat' dir='ltr'><strong>qui</strong></span> <span class='ocrx_word' id='word_1_94' title='bbox 823 1366 926 1435; x_wconf 87' lang='lat' dir='ltr'><strong>ejus</strong></span> <span class='ocrx_word' id='word_1_95' title='bbox 952 1363 1231 1416; x_wconf 85' lang='lat' dir='ltr'><strong>schismatis</strong></span> <span class='ocrx_word' id='word_1_96' title='bbox 1256 1373 1479 1434; x_wconf 88' lang='lat' dir='ltr'><strong>tempore</strong></span> <span class='ocrx_word' id='word_1_97' title='bbox 1503 1363 1555 1415; x_wconf 92' lang='lat' dir='ltr'><strong>in</strong></span> <span class='ocrx_word' id='word_1_98' title='bbox 1576 1361 1782 1417; x_wconf 84' lang='lat' dir='ltr'><strong>Oriente</strong></span> <span class='ocrx_word' id='word_1_99' title='bbox 1809 1365 1987 1417; x_wconf 89' lang='lat' dir='ltr'><strong>florue-</strong></span> 
     </span>
     <span class='ocr_line' id='line_1_15' title="bbox 179 1449 1987 1522; baseline -0.001 -19"><span class='ocrx_word' id='word_1_100' title='bbox 179 1461 310 1504; x_wconf 89' lang='lat' dir='ltr'><strong>runt.</strong></span> <span class='ocrx_word' id='word_1_101' title='bbox 363 1449 521 1518; x_wconf 80' lang='lat' dir='ltr'><strong>Quam</strong></span> <span class='ocrx_word' id='word_1_102' title='bbox 558 1460 613 1503; x_wconf 92' lang='lat' dir='ltr'><strong>ut</strong></span> <span class='ocrx_word' id='word_1_103' title='bbox 649 1451 840 1504; x_wconf 86' lang='lat' dir='ltr'><strong>facilius</strong></span> <span class='ocrx_word' id='word_1_104' title='bbox 879 1450 1207 1521; x_wconf 87' lang='lat' dir='ltr'><strong>disjiciamuS‚</strong></span> <span class='ocrx_word' id='word_1_105' title='bbox 1245 1450 1481 1519; x_wconf 87' lang='lat' dir='ltr'><strong>quaedam</strong></span> <span class='ocrx_word' id='word_1_106' title='bbox 1507 1449 1750 1521; x_wconf 88' lang='lat' dir='ltr'><strong>principia</strong></span> <span class='ocrx_word' id='word_1_107' title='bbox 1773 1451 1987 1522; x_wconf 87' lang='lat' dir='ltr'><strong>praesti-</strong></span> 
     </span>
     <span class='ocr_line' id='line_1_16' title="bbox 179 1536 1983 1608; baseline -0.001 -19"><span class='ocrx_word' id='word_1_108' title='bbox 179 1539 356 1591; x_wconf 87' lang='lat' dir='ltr'><strong>tuenda</strong></span> <span class='ocrx_word' id='word_1_109' title='bbox 380 1539 623 1591; x_wconf 89' lang='lat' dir='ltr'><strong>videntur.</strong></span> <span class='ocrx_word' id='word_1_110' title='bbox 674 1536 899 1590; x_wconf 85' lang='lat' dir='ltr'><strong>Schisma</strong></span> <span class='ocrx_word' id='word_1_111' title='bbox 933 1537 1130 1608; x_wconf 86' lang='lat' dir='ltr'><strong>proprie</strong></span> <span class='ocrx_word' id='word_1_112' title='bbox 1167 1536 1375 1602; x_wconf 84' lang='lat' dir='ltr'><strong>dictum,</strong></span> <span class='ocrx_word' id='word_1_113' title='bbox 1410 1536 1483 1589; x_wconf 89' lang='lat' dir='ltr'><strong>uti</strong></span> <span class='ocrx_word' id='word_1_114' title='bbox 1519 1537 1797 1590; x_wconf 89' lang='lat' dir='ltr'><strong>monuimus</strong></span> <span class='ocrx_word' id='word_1_115' title='bbox 1823 1556 1868 1590; x_wconf 92' lang='lat' dir='ltr'><strong>c.</strong></span> <span class='ocrx_word' id='word_1_116' title='bbox 1898 1537 1983 1589; x_wconf 90' lang='lat' dir='ltr'><strong>ll.</strong></span> 
     </span>
     <span class='ocr_line' id='line_1_17' title="bbox 178 1620 1986 1695; baseline 0.001 -19"><span class='ocrx_word' id='word_1_117' title='bbox 178 1644 226 1676; x_wconf 87' lang='lat' dir='ltr'><strong>n.</strong></span> <span class='ocrx_word' id='word_1_118' title='bbox 254 1625 305 1678; x_wconf 86' lang='lat'><strong>3.</strong></span> <span class='ocrx_word' id='word_1_119' title='bbox 333 1625 447 1677; x_wconf 89' lang='lat' dir='ltr'><strong>illud</strong></span> <span class='ocrx_word' id='word_1_120' title='bbox 473 1635 576 1688; x_wconf 85' lang='lat' dir='ltr'><strong>est,</strong></span> <span class='ocrx_word' id='word_1_121' title='bbox 602 1624 830 1694; x_wconf 68' lang='lat' dir='ltr'><strong>qumquis</strong></span> <span class='ocrx_word' id='word_1_122' title='bbox 858 1625 918 1676; x_wconf 90' lang='lat' dir='ltr'><strong>ab</strong></span> <span class='ocrx_word' id='word_1_123' title='bbox 944 1624 1135 1675; x_wconf 88' lang='lat' dir='ltr'><strong>unitate</strong></span> <span class='ocrx_word' id='word_1_124' title='bbox 1160 1620 1419 1676; x_wconf 86' lang='lat' dir='ltr'><strong>Ecclesiae</strong></span> <span class='ocrx_word' id='word_1_125' title='bbox 1445 1623 1744 1687; x_wconf 78' lang='lat' dir='ltr'><strong>catholicae,</strong></span> <span class='ocrx_word' id='word_1_126' title='bbox 1785 1626 1986 1695; x_wconf 85' lang='lat' dir='ltr'><strong>ejusque</strong></span> 
     </span>
     <span class='ocr_line' id='line_1_18' title="bbox 179 1710 1987 1781; baseline 0 -18"><span class='ocrx_word' id='word_1_127' title='bbox 179 1721 348 1763; x_wconf 91' lang='lat' dir='ltr'><strong>centro</strong></span> <span class='ocrx_word' id='word_1_128' title='bbox 376 1711 605 1764; x_wconf 90' lang='lat' dir='ltr'><strong>Romano</strong></span> <span class='ocrx_word' id='word_1_129' title='bbox 630 1710 872 1764; x_wconf 88' lang='lat' dir='ltr'><strong>Pontifice</strong></span> <span class='ocrx_word' id='word_1_130' title='bbox 898 1720 1074 1780; x_wconf 83' lang='lat' dir='ltr'><strong>sponte</strong></span> <span class='ocrx_word' id='word_1_131' title='bbox 1099 1727 1190 1761; x_wconf 85' lang='lat' dir='ltr'><strong>sua</strong></span> <span class='ocrx_word' id='word_1_132' title='bbox 1216 1727 1271 1761; x_wconf 88' lang='lat' dir='ltr'><strong>se</strong></span> <span class='ocrx_word' id='word_1_133' title='bbox 1298 1720 1515 1780; x_wconf 86' lang='lat' dir='ltr'><strong>separat,</strong></span> <span class='ocrx_word' id='word_1_134' title='bbox 1541 1720 1595 1761; x_wconf 92' lang='lat' dir='ltr'><strong>ut</strong></span> <span class='ocrx_word' id='word_1_135' title='bbox 1619 1711 1875 1781; x_wconf 89' lang='lat' dir='ltr'><strong>perspicue</strong></span> <span class='ocrx_word' id='word_1_136' title='bbox 1901 1712 1987 1763; x_wconf 82' lang='lat' dir='ltr'><strong>do-</strong></span> 
     </span>
     <span class='ocr_line' id='line_1_19' title="bbox 177 1796 1985 1866; baseline -0.001 -17"><span class='ocrx_word' id='word_1_137' title='bbox 177 1797 278 1849; x_wconf 90' lang='lat' dir='ltr'><strong>cuit</strong></span> <span class='ocrx_word' id='word_1_138' title='bbox 302 1796 358 1849; x_wconf 91' lang='lat' dir='ltr'><strong>S.</strong></span> <span class='ocrx_word' id='word_1_139' title='bbox 387 1797 608 1850; x_wconf 84' lang='lat' dir='ltr'><strong>Thomas</strong></span> <span class='ocrx_word' id='word_1_140' title='bbox 636 1798 720 1849; x_wconf 67' lang='lat'><strong>⁵22.</strong></span> <span class='ocrx_word' id='word_1_141' title='bbox 749 1816 798 1866; x_wconf 87' lang='lat' dir='ltr'><strong>q.</strong></span> <span class='ocrx_word' id='word_1_142' title='bbox 825 1796 912 1849; x_wconf 84' lang='lat'><strong>39.</strong></span> <span class='ocrx_word' id='word_1_143' title='bbox 943 1814 989 1847; x_wconf 90' lang='lat' dir='ltr'><strong>a.</strong></span> <span class='ocrx_word' id='word_1_144' title='bbox 1020 1796 1069 1847; x_wconf 91' lang='lat' dir='ltr'><strong>l.</strong></span> <span class='ocrx_word' id='word_1_145' title='bbox 1111 1796 1348 1863; x_wconf 81' lang='lat' dir='ltr'><strong>Proprie</strong></span> <span class='ocrx_word' id='word_1_146' title='bbox 1374 1798 1696 1848; x_wconf 78' lang='lat' dir='ltr'><strong>schismatici</strong></span> <span class='ocrx_word' id='word_1_147' title='bbox 1721 1799 1985 1855; x_wconf 78' lang='lat' dir='ltr'><strong>dicuntur,</strong></span> 
     </span>
     <span class='ocr_line' id='line_1_20' title="bbox 176 1883 1987 1952; baseline 0 -18"><span class='ocrx_word' id='word_1_148' title='bbox 176 1886 267 1951; x_wconf 81' lang='lat' dir='ltr'><strong>qui</strong></span> <span class='ocrx_word' id='word_1_149' title='bbox 284 1888 515 1952; x_wconf 83' lang='lat' dir='ltr'><strong>propria</strong></span> <span class='ocrx_word' id='word_1_150' title='bbox 540 1891 726 1952; x_wconf 81' lang='lat' dir='ltr'><strong>sponte</strong></span> <span class='ocrx_word' id='word_1_151' title='bbox 753 1891 806 1935; x_wconf 85' lang='lat' dir='ltr'><strong>et</strong></span> <span class='ocrx_word' id='word_1_152' title='bbox 825 1885 1112 1934; x_wconf 77' lang='lat' dir='ltr'><strong>intentione</strong></span> <span class='ocrx_word' id='word_1_153' title='bbox 1138 1900 1192 1934; x_wconf 86' lang='lat' dir='ltr'><strong>se</strong></span> <span class='ocrx_word' id='word_1_154' title='bbox 1218 1883 1283 1933; x_wconf 85' lang='lat' dir='ltr'><strong>ab</strong></span> <span class='ocrx_word' id='word_1_155' title='bbox 1309 1887 1511 1934; x_wconf 81' lang='lat' dir='ltr'><strong>unitate</strong></span> <span class='ocrx_word' id='word_1_156' title='bbox 1538 1884 1813 1935; x_wconf 76' lang='lat' dir='ltr'><strong>Ecclesiae</strong></span> <span class='ocrx_word' id='word_1_157' title='bbox 1840 1902 1987 1950; x_wconf 82' lang='lat' dir='ltr'><strong>sepa-</strong></span> 
     </span>
     <span class='ocr_line' id='line_1_21' title="bbox 175 1970 1985 2031; baseline 0 -11"><span class='ocrx_word' id='word_1_158' title='bbox 175 1978 300 2021; x_wconf 82' lang='lat' dir='ltr'><strong>rant</strong></span> <span class='ocrx_word' id='word_1_159' title='bbox 325 2009 336 2020; x_wconf 93' lang='lat'><strong>.</strong></span> <span class='ocrx_word' id='word_1_160' title='bbox 369 2009 380 2020; x_wconf 93' lang='lat'><strong>.</strong></span> <span class='ocrx_word' id='word_1_161' title='bbox 411 2009 423 2020; x_wconf 90' lang='lat'><strong>.</strong></span> <span class='ocrx_word' id='word_1_162' title='bbox 456 2009 467 2020; x_wconf 91' lang='lat'><strong>.</strong></span> <span class='ocrx_word' id='word_1_163' title='bbox 497 1971 770 2022; x_wconf 84' lang='lat' dir='ltr'><strong>Ecclesiae</strong></span> <span class='ocrx_word' id='word_1_164' title='bbox 798 1976 968 2021; x_wconf 80' lang='lat' dir='ltr'><strong>autem</strong></span> <span class='ocrx_word' id='word_1_165' title='bbox 992 1971 1166 2020; x_wconf 76' lang='lat' dir='ltr'><strong>unitas</strong></span> <span class='ocrx_word' id='word_1_166' title='bbox 1192 1971 1246 2019; x_wconf 80' lang='lat' dir='ltr'><strong>in</strong></span> <span class='ocrx_word' id='word_1_167' title='bbox 1274 1970 1475 2021; x_wconf 80' lang='lat' dir='ltr'><strong>duobus</strong></span> <span class='ocrx_word' id='word_1_168' title='bbox 1503 1972 1822 2031; x_wconf 77' lang='lat' dir='ltr'><strong>attenditur,</strong></span> <span class='ocrx_word' id='word_1_169' title='bbox 1848 1972 1985 2021; x_wconf 81' lang='lat' dir='ltr'><strong>scili-</strong></span> 
     </span>
     <span class='ocr_line' id='line_1_22' title="bbox 177 2056 1987 2115; baseline 0.002 -10"><span class='ocrx_word' id='word_1_170' title='bbox 177 2062 259 2106; x_wconf 86' lang='lat' dir='ltr'><strong>cet</strong></span> <span class='ocrx_word' id='word_1_171' title='bbox 294 2059 348 2105; x_wconf 78' lang='lat' dir='ltr'><strong>in</strong></span> <span class='ocrx_word' id='word_1_172' title='bbox 385 2060 715 2108; x_wconf 65' lang='lat' dir='ltr'><strong>connectione</strong></span> <span class='ocrx_word' id='word_1_173' title='bbox 748 2056 1097 2107; x_wconf 77' lang='lat' dir='ltr'><strong>membrorum</strong></span> <span class='ocrx_word' id='word_1_174' title='bbox 1134 2057 1205 2106; x_wconf 79' lang='lat' dir='ltr'><strong>ad</strong></span> <span class='ocrx_word' id='word_1_175' title='bbox 1241 2058 1486 2115; x_wconf 80' lang='lat' dir='ltr'><strong>invicem,</strong></span> <span class='ocrx_word' id='word_1_176' title='bbox 1524 2075 1616 2107; x_wconf 81' lang='lat' dir='ltr'><strong>seu</strong></span> <span class='ocrx_word' id='word_1_177' title='bbox 1642 2060 1987 2108; x_wconf 79' lang='lat' dir='ltr'><strong>communica-</strong></span> 
     </span>
     <span class='ocr_line' id='line_1_23' title="bbox 179 2143 1986 2200; baseline 0.002 -10"><span class='ocrx_word' id='word_1_178' title='bbox 179 2143 344 2200; x_wconf 74' lang='lat' dir='ltr'><strong>tione,</strong></span> <span class='ocrx_word' id='word_1_179' title='bbox 381 2148 432 2191; x_wconf 82' lang='lat' dir='ltr'><strong>et</strong></span> <span class='ocrx_word' id='word_1_180' title='bbox 464 2145 652 2194; x_wconf 79' lang='lat' dir='ltr'><strong>iterum</strong></span> <span class='ocrx_word' id='word_1_181' title='bbox 684 2146 738 2194; x_wconf 82' lang='lat' dir='ltr'><strong>in</strong></span> <span class='ocrx_word' id='word_1_182' title='bbox 772 2145 959 2194; x_wconf 80' lang='lat' dir='ltr'><strong>ordine</strong></span> <span class='ocrx_word' id='word_1_183' title='bbox 999 2144 1224 2191; x_wconf 77' lang='lat' dir='ltr'><strong>omnium</strong></span> <span class='ocrx_word' id='word_1_184' title='bbox 1247 2143 1595 2194; x_wconf 77' lang='lat' dir='ltr'><strong>membrorum</strong></span> <span class='ocrx_word' id='word_1_185' title='bbox 1621 2145 1695 2194; x_wconf 77' lang='lat' dir='ltr'><strong>acl</strong></span> <span class='ocrx_word' id='word_1_186' title='bbox 1719 2162 1877 2194; x_wconf 73' lang='lat' dir='ltr'><strong>mium</strong></span> <span class='ocrx_word' id='word_1_187' title='bbox 1903 2162 1986 2194; x_wconf 86' lang='lat' dir='ltr'><strong>ca-</strong></span> 
     </span>
     <span class='ocr_line' id='line_1_24' title="bbox 175 2229 1982 2299; baseline 0 -21"><span class='ocrx_word' id='word_1_188' title='bbox 175 2233 278 2292; x_wconf 80' lang='lat' dir='ltr'><strong>put</strong></span> <span class='ocrx_word' id='word_1_189' title='bbox 303 2265 314 2276; x_wconf 93' lang='lat'><strong>.</strong></span> <span class='ocrx_word' id='word_1_190' title='bbox 346 2265 357 2276; x_wconf 90' lang='lat'><strong>.</strong></span> <span class='ocrx_word' id='word_1_191' title='bbox 389 2266 401 2277; x_wconf 96' lang='lat'><strong>.</strong></span> <span class='ocrx_word' id='word_1_192' title='bbox 433 2266 444 2277; x_wconf 92' lang='lat'><strong>.</strong></span> <span class='ocrx_word' id='word_1_193' title='bbox 499 2229 620 2279; x_wconf 91' lang='lat' dir='ltr'><strong>Hoc</strong></span> <span class='ocrx_word' id='word_1_194' title='bbox 646 2234 816 2279; x_wconf 81' lang='lat' dir='ltr'><strong>autem</strong></span> <span class='ocrx_word' id='word_1_195' title='bbox 841 2235 1003 2296; x_wconf 82' lang='lat' dir='ltr'><strong>caput</strong></span> <span class='ocrx_word' id='word_1_196' title='bbox 1028 2235 1103 2279; x_wconf 75' lang='lat' dir='ltr'><strong>est</strong></span> <span class='ocrx_word' id='word_1_197' title='bbox 1128 2231 1242 2295; x_wconf 81' lang='lat' dir='ltr'><strong>ipse</strong></span> <span class='ocrx_word' id='word_1_198' title='bbox 1277 2229 1513 2280; x_wconf 76' lang='lat' dir='ltr'><strong>Christus</strong></span> <span class='ocrx_word' id='word_1_199' title='bbox 1529 2267 1542 2291; x_wconf 80' lang='lat'><strong>‚</strong></span> <span class='ocrx_word' id='word_1_200' title='bbox 1570 2234 1716 2299; x_wconf 67' lang='lat' dir='ltr'><strong>cnjus</strong></span> <span class='ocrx_word' id='word_1_201' title='bbox 1743 2233 1905 2280; x_wconf 77' lang='lat' dir='ltr'><strong>vicem</strong></span> <span class='ocrx_word' id='word_1_202' title='bbox 1929 2232 1982 2279; x_wconf 82' lang='lat' dir='ltr'><strong>in</strong></span> 
     </span>
     <span class='ocr_line' id='line_1_25' title="bbox 182 2313 1986 2382; baseline 0.001 -20"><span class='ocrx_word' id='word_1_203' title='bbox 182 2313 422 2365; x_wconf 82' lang='lat' dir='ltr'><strong>Ecclesia</strong></span> <span class='ocrx_word' id='word_1_204' title='bbox 456 2318 597 2381; x_wconf 71' lang='lat' dir='ltr'><strong>yerit</strong></span> <span class='ocrx_word' id='word_1_205' title='bbox 633 2333 855 2365; x_wconf 78' lang='lat' dir='ltr'><strong>summus</strong></span> <span class='ocrx_word' id='word_1_206' title='bbox 886 2315 1180 2382; x_wconf 76' lang='lat' dir='ltr'><strong>Pontifeoe3</strong></span> <span class='ocrx_word' id='word_1_207' title='bbox 1219 2322 1271 2366; x_wconf 84' lang='lat' dir='ltr'><strong>et</strong></span> <span class='ocrx_word' id='word_1_208' title='bbox 1302 2318 1423 2366; x_wconf 83' lang='lat' dir='ltr'><strong>ideo</strong></span> <span class='ocrx_word' id='word_1_209' title='bbox 1461 2316 1783 2367; x_wconf 75' lang='lat' dir='ltr'><strong>schismatici</strong></span> <span class='ocrx_word' id='word_1_210' title='bbox 1807 2317 1986 2366; x_wconf 75' lang='lat' dir='ltr'><strong>dicun·</strong></span> 
     </span>
     <span class='ocr_line' id='line_1_26' title="bbox 179 2401 1986 2470; baseline 0.002 -22"><span class='ocrx_word' id='word_1_211' title='bbox 179 2406 288 2458; x_wconf 82' lang='lat' dir='ltr'><strong>tur,</strong></span> <span class='ocrx_word' id='word_1_212' title='bbox 315 2403 406 2467; x_wconf 79' lang='lat' dir='ltr'><strong>qni</strong></span> <span class='ocrx_word' id='word_1_213' title='bbox 429 2401 635 2452; x_wconf 80' lang='lat' dir='ltr'><strong>subesse</strong></span> <span class='ocrx_word' id='word_1_214' title='bbox 660 2408 889 2452; x_wconf 79' lang='lat' dir='ltr'><strong>renuunt</strong></span> <span class='ocrx_word' id='word_1_215' title='bbox 912 2419 1107 2453; x_wconf 83' lang='lat' dir='ltr'><strong>summo</strong></span> <span class='ocrx_word' id='word_1_216' title='bbox 1136 2401 1405 2470; x_wconf 78' lang='lat' dir='ltr'><strong>Pontifici,</strong></span> <span class='ocrx_word' id='word_1_217' title='bbox 1432 2409 1483 2454; x_wconf 87' lang='lat' dir='ltr'><strong>et</strong></span> <span class='ocrx_word' id='word_1_218' title='bbox 1507 2406 1598 2470; x_wconf 75' lang='lat' dir='ltr'><strong>qui</strong></span> <span class='ocrx_word' id='word_1_219' title='bbox 1623 2403 1863 2453; x_wconf 79' lang='lat' dir='ltr'><strong>membris</strong></span> <span class='ocrx_word' id='word_1_220' title='bbox 1889 2403 1986 2452; x_wconf 74' lang='lat' dir='ltr'><strong>Ec-</strong></span> 
     </span>
     <span class='ocr_line' id='line_1_27' title="bbox 178 2483 1987 2557; baseline 0.002 -23"><span class='ocrx_word' id='word_1_221' title='bbox 178 2485 369 2535; x_wconf 81' lang='lat' dir='ltr'><strong>clesiae</strong></span> <span class='ocrx_word' id='word_1_222' title='bbox 395 2489 444 2536; x_wconf 86' lang='lat' dir='ltr'><strong>ei</strong></span> <span class='ocrx_word' id='word_1_223' title='bbox 467 2487 710 2557; x_wconf 81' lang='lat' dir='ltr'><strong>sabjectis</strong></span> <span class='ocrx_word' id='word_1_224' title='bbox 736 2490 1118 2538; x_wconf 80' lang='lat' dir='ltr'><strong>communicare</strong></span> <span class='ocrx_word' id='word_1_225' title='bbox 1143 2494 1408 2538; x_wconf 78' lang='lat' dir='ltr'><strong>recusant.</strong></span> <span class='ocrx_word' id='word_1_226' title='bbox 1455 2483 1598 2552; x_wconf 82' lang='lat' dir='ltr'><strong>Quod</strong></span> <span class='ocrx_word' id='word_1_227' title='bbox 1625 2487 1778 2555; x_wconf 89' lang='lat' dir='ltr'><strong>siquis</strong></span> <span class='ocrx_word' id='word_1_228' title='bbox 1806 2505 1905 2539; x_wconf 88' lang='lat' dir='ltr'><strong>non</strong></span> <span class='ocrx_word' id='word_1_229' title='bbox 1933 2505 1987 2538; x_wconf 81' lang='lat' dir='ltr'><strong>se</strong></span> 
     </span>
     <span class='ocr_line' id='line_1_28' title="bbox 178 2570 1986 2639; baseline 0.002 -19"><span class='ocrx_word' id='word_1_230' title='bbox 178 2570 429 2639; x_wconf 85' lang='lat' dir='ltr'><strong>separavit</strong></span> <span class='ocrx_word' id='word_1_231' title='bbox 455 2572 513 2623; x_wconf 87' lang='lat' dir='ltr'><strong>ab</strong></span> <span class='ocrx_word' id='word_1_232' title='bbox 539 2572 728 2624; x_wconf 85' lang='lat' dir='ltr'><strong>unitate</strong></span> <span class='ocrx_word' id='word_1_233' title='bbox 753 2570 1010 2624; x_wconf 85' lang='lat' dir='ltr'><strong>Ecclesiae</strong></span> <span class='ocrx_word' id='word_1_234' title='bbox 1026 2611 1039 2636; x_wconf 84' lang='lat'>‚</span> <span class='ocrx_word' id='word_1_235' title='bbox 1067 2591 1158 2624; x_wconf 88' lang='lat' dir='ltr'><strong>nec</strong></span> <span class='ocrx_word' id='word_1_236' title='bbox 1185 2591 1214 2624; x_wconf 89' lang='lat' dir='ltr'><strong>a</strong></span> <span class='ocrx_word' id='word_1_237' title='bbox 1240 2572 1582 2626; x_wconf 89' lang='lat' dir='ltr'><strong>communione</strong></span> <span class='ocrx_word' id='word_1_238' title='bbox 1609 2572 1783 2624; x_wconf 87' lang='lat' dir='ltr'><strong>summi</strong></span> <span class='ocrx_word' id='word_1_239' title='bbox 1810 2571 1986 2624; x_wconf 85' lang='lat' dir='ltr'><strong>Ponti-</strong></span> 
     </span>
     <span class='ocr_line' id='line_1_29' title="bbox 179 2655 1985 2726; baseline 0.002 -20"><span class='ocrx_word' id='word_1_240' title='bbox 179 2655 282 2706; x_wconf 81' lang='lat' dir='ltr'><strong>fleis</strong></span> <span class='ocrx_word' id='word_1_241' title='bbox 317 2657 743 2726; x_wconf 87' lang='lat' dir='ltr'><strong>membrorumque</strong></span> <span class='ocrx_word' id='word_1_242' title='bbox 776 2657 1035 2710; x_wconf 88' lang='lat' dir='ltr'><strong>Ecclesiae</strong></span> <span class='ocrx_word' id='word_1_243' title='bbox 1086 2675 1273 2709; x_wconf 89' lang='lat' dir='ltr'><strong>summo</strong></span> <span class='ocrx_word' id='word_1_244' title='bbox 1312 2656 1546 2711; x_wconf 80' lang='lat' dir='ltr'><strong>Pontifici</strong></span> <span class='ocrx_word' id='word_1_245' title='bbox 1594 2660 1985 2721; x_wconf 67' lang='lat' dir='ltr'><strong>adhaerentium,</strong></span> 
     </span>
     <span class='ocr_line' id='line_1_30' title="bbox 179 2741 1988 2816; baseline 0.003 -25"><span class='ocrx_word' id='word_1_246' title='bbox 179 2741 267 2792; x_wconf 92' lang='lat' dir='ltr'><strong>sed</strong></span> <span class='ocrx_word' id='word_1_247' title='bbox 287 2742 367 2793; x_wconf 83' lang='lat' dir='ltr'><strong>vel</strong></span> <span class='ocrx_word' id='word_1_248' title='bbox 391 2743 642 2812; x_wconf 87' lang='lat' dir='ltr'><strong>praecisus</strong></span> <span class='ocrx_word' id='word_1_249' title='bbox 667 2743 757 2794; x_wconf 89' lang='lat' dir='ltr'><strong>fuit</strong></span> <span class='ocrx_word' id='word_1_250' title='bbox 782 2743 841 2795; x_wconf 89' lang='lat' dir='ltr'><strong>ab</strong></span> <span class='ocrx_word' id='word_1_251' title='bbox 868 2742 1059 2795; x_wconf 87' lang='lat' dir='ltr'><strong>unitate</strong></span> <span class='ocrx_word' id='word_1_252' title='bbox 1084 2741 1342 2795; x_wconf 88' lang='lat' dir='ltr'><strong>Ecclesiae</strong></span> <span class='ocrx_word' id='word_1_253' title='bbox 1369 2753 1420 2795; x_wconf 87' lang='lat' dir='ltr'><strong>et</strong></span> <span class='ocrx_word' id='word_1_254' title='bbox 1444 2745 1787 2797; x_wconf 86' lang='lat' dir='ltr'><strong>communione</strong></span> <span class='ocrx_word' id='word_1_255' title='bbox 1814 2746 1988 2816; x_wconf 87' lang='lat' dir='ltr'><strong>capitis</strong></span> 
     </span>
     <span class='ocr_line' id='line_1_31' title="bbox 180 2827 1987 2899; baseline 0.003 -22"><span class='ocrx_word' id='word_1_256' title='bbox 180 2844 237 2878; x_wconf 87' lang='lat' dir='ltr'><strong>ac</strong></span> <span class='ocrx_word' id='word_1_257' title='bbox 273 2828 601 2880; x_wconf 86' lang='lat' dir='ltr'><strong>membrorum</strong></span> <span class='ocrx_word' id='word_1_258' title='bbox 638 2830 853 2899; x_wconf 88' lang='lat' dir='ltr'><strong>ejusdem</strong></span> <span class='ocrx_word' id='word_1_259' title='bbox 890 2827 1145 2881; x_wconf 89' lang='lat' dir='ltr'><strong>Ecclesiae</strong></span> <span class='ocrx_word' id='word_1_260' title='bbox 1181 2847 1269 2899; x_wconf 87' lang='lat' dir='ltr'><strong>per</strong></span> <span class='ocrx_word' id='word_1_261' title='bbox 1306 2830 1835 2883; x_wconf 83' lang='lat' dir='ltr'><strong>excommunicationis</strong></span> <span class='ocrx_word' id='word_1_262' title='bbox 1873 2850 1987 2883; x_wconf 87' lang='lat' dir='ltr'><strong>sen-</strong></span> 
     </span>
     <span class='ocr_line' id='line_1_32' title="bbox 178 2913 1987 2986; baseline 0.004 -23"><span class='ocrx_word' id='word_1_263' title='bbox 178 2913 410 2977; x_wconf 85' lang='lat' dir='ltr'><strong>tentiam,</strong></span> <span class='ocrx_word' id='word_1_264' title='bbox 447 2915 526 2966; x_wconf 90' lang='lat' dir='ltr'><strong>vel</strong></span> <span class='ocrx_word' id='word_1_265' title='bbox 550 2914 614 2966; x_wconf 91' lang='lat' dir='ltr'><strong>iis</strong></span> <span class='ocrx_word' id='word_1_266' title='bbox 639 2914 690 2966; x_wconf 89' lang='lat' dir='ltr'><strong>in</strong></span> <span class='ocrx_word' id='word_1_267' title='bbox 715 2914 835 2968; x_wconf 85' lang='lat' dir='ltr'><strong>locis</strong></span> <span class='ocrx_word' id='word_1_268' title='bbox 862 2925 913 2968; x_wconf 89' lang='lat' dir='ltr'><strong>et</strong></span> <span class='ocrx_word' id='word_1_269' title='bbox 937 2914 1322 2968; x_wconf 80' lang='lat' dir='ltr'><strong>circumstantiis</strong></span> <span class='ocrx_word' id='word_1_270' title='bbox 1350 2923 1455 2978; x_wconf 84' lang='lat' dir='ltr'><strong>est,</strong></span> <span class='ocrx_word' id='word_1_271' title='bbox 1490 2915 1542 2967; x_wconf 89' lang='lat' dir='ltr'><strong>in</strong></span> <span class='ocrx_word' id='word_1_272' title='bbox 1568 2916 1744 2986; x_wconf 87' lang='lat' dir='ltr'><strong>quibus</strong></span> <span class='ocrx_word' id='word_1_273' title='bbox 1771 2935 1987 2970; x_wconf 88' lang='lat' dir='ltr'><strong>summus</strong></span> 
     </span>
     <span class='ocr_line' id='line_1_33' title="bbox 178 2996 1988 3073; baseline 0.003 -23"><span class='ocrx_word' id='word_1_274' title='bbox 178 2996 421 3051; x_wconf 79' lang='lat' dir='ltr'><strong>Pontifex</strong></span> <span class='ocrx_word' id='word_1_275' title='bbox 445 3001 832 3053; x_wconf 86' lang='lat' dir='ltr'><strong>communionem</strong></span> <span class='ocrx_word' id='word_1_276' title='bbox 858 3001 1023 3070; x_wconf 88' lang='lat' dir='ltr'><strong>aliqua</strong></span> <span class='ocrx_word' id='word_1_277' title='bbox 1047 3002 1105 3054; x_wconf 90' lang='lat' dir='ltr'><strong>de</strong></span> <span class='ocrx_word' id='word_1_278' title='bbox 1133 3020 1282 3054; x_wconf 88' lang='lat' dir='ltr'><strong>causa</strong></span> <span class='ocrx_word' id='word_1_279' title='bbox 1300 3000 1395 3073; x_wconf 87' lang='lat' dir='ltr'><strong>ipsi</strong></span> <span class='ocrx_word' id='word_1_280' title='bbox 1416 3002 1646 3073; x_wconf 77' lang='lat' dir='ltr'><strong>denegat‚</strong></span> <span class='ocrx_word' id='word_1_281' title='bbox 1673 3014 1788 3056; x_wconf 89' lang='lat' dir='ltr'><strong>tunc</strong></span> <span class='ocrx_word' id='word_1_282' title='bbox 1812 3004 1988 3056; x_wconf 88' lang='lat' dir='ltr'><strong>distin-</strong></span> 
     </span>
     <span class='ocr_line' id='line_1_34' title="bbox 179 3086 1984 3159; baseline 0.005 -24"><span class='ocrx_word' id='word_1_283' title='bbox 179 3086 420 3154; x_wconf 88' lang='lat' dir='ltr'><strong>guendum</strong></span> <span class='ocrx_word' id='word_1_284' title='bbox 446 3096 540 3138; x_wconf 87' lang='lat' dir='ltr'><strong>est.</strong></span> <span class='ocrx_word' id='word_1_285' title='bbox 591 3086 688 3140; x_wconf 90' lang='lat' dir='ltr'><strong>Vel</strong></span> <span class='ocrx_word' id='word_1_286' title='bbox 714 3087 843 3140; x_wconf 87' lang='lat' dir='ltr'><strong>enim</strong></span> <span class='ocrx_word' id='word_1_287' title='bbox 869 3087 940 3140; x_wconf 91' lang='lat' dir='ltr'><strong>sic</strong></span> <span class='ocrx_word' id='word_1_288' title='bbox 966 3088 1223 3159; x_wconf 89' lang='lat' dir='ltr'><strong>praecisus</strong></span> <span class='ocrx_word' id='word_1_289' title='bbox 1250 3089 1308 3140; x_wconf 88' lang='lat' dir='ltr'><strong>ab</strong></span> <span class='ocrx_word' id='word_1_290' title='bbox 1334 3088 1523 3142; x_wconf 86' lang='lat' dir='ltr'><strong>unitate</strong></span> <span class='ocrx_word' id='word_1_291' title='bbox 1558 3100 1608 3142; x_wconf 86' lang='lat' dir='ltr'><strong>ct</strong></span> <span class='ocrx_word' id='word_1_292' title='bbox 1643 3091 1984 3144; x_wconf 86' lang='lat' dir='ltr'><strong>commuuione</strong></span> 
     </span>
     <span class='ocr_line' id='line_1_35' title="bbox 180 3169 1987 3246; baseline 0.007 -27"><span class='ocrx_word' id='word_1_293' title='bbox 180 3169 299 3220; x_wconf 87' lang='lat' dir='ltr'><strong>nihil</strong></span> <span class='ocrx_word' id='word_1_294' title='bbox 324 3182 480 3237; x_wconf 86' lang='lat' dir='ltr'><strong>curat,</strong></span> <span class='ocrx_word' id='word_1_295' title='bbox 507 3182 560 3224; x_wconf 92' lang='lat' dir='ltr'><strong>ut</strong></span> <span class='ocrx_word' id='word_1_296' title='bbox 584 3172 634 3225; x_wconf 88' lang='lat' dir='ltr'><strong>in</strong></span> <span class='ocrx_word' id='word_1_297' title='bbox 659 3173 894 3227; x_wconf 90' lang='lat' dir='ltr'><strong>unitatem</strong></span> <span class='ocrx_word' id='word_1_298' title='bbox 923 3184 972 3227; x_wconf 88' lang='lat' dir='ltr'><strong>et</strong></span> <span class='ocrx_word' id='word_1_299' title='bbox 1000 3175 1389 3227; x_wconf 86' lang='lat' dir='ltr'><strong>communionem</strong></span> <span class='ocrx_word' id='word_1_300' title='bbox 1416 3175 1713 3246; x_wconf 82' lang='lat' dir='ltr'><strong>recipiatur:</strong></span> <span class='ocrx_word' id='word_1_301' title='bbox 1742 3187 1791 3229; x_wconf 89' lang='lat' dir='ltr'><strong>et</strong></span> <span class='ocrx_word' id='word_1_302' title='bbox 1815 3177 1886 3230; x_wconf 79' lang='lat' dir='ltr'><strong>ita</strong></span> <span class='ocrx_word' id='word_1_303' title='bbox 1906 3197 1987 3231; x_wconf 86' lang='lat' dir='ltr'><strong>se-</strong></span> 
     </span>
     <span class='ocr_line' id='line_1_36' title="bbox 179 3256 1985 3335; baseline 0.006 -29"><span class='ocrx_word' id='word_1_304' title='bbox 179 3256 485 3326; x_wconf 88' lang='lat' dir='ltr'><strong>parationem</strong></span> <span class='ocrx_word' id='word_1_305' title='bbox 510 3276 579 3310; x_wconf 81' lang='lat' dir='ltr'><strong>ex</strong></span> <span class='ocrx_word' id='word_1_306' title='bbox 614 3261 814 3331; x_wconf 87' lang='lat' dir='ltr'><strong>propria</strong></span> <span class='ocrx_word' id='word_1_307' title='bbox 834 3261 1145 3314; x_wconf 88' lang='lat' dir='ltr'><strong>contumacia</strong></span> <span class='ocrx_word' id='word_1_308' title='bbox 1177 3262 1487 3331; x_wconf 80' lang='lat' dir='ltr'><strong>approbanS‚</strong></span> <span class='ocrx_word' id='word_1_309' title='bbox 1516 3262 1731 3315; x_wconf 88' lang='lat' dir='ltr'><strong>schisma</strong></span> <span class='ocrx_word' id='word_1_310' title='bbox 1754 3262 1985 3335; x_wconf 90' lang='lat' dir='ltr'><strong>implicite</strong></span> 
     </span>
     <span class='ocr_line' id='line_1_37' title="bbox 180 3343 1988 3421; baseline 0.006 -28"><span class='ocrx_word' id='word_1_311' title='bbox 180 3343 307 3406; x_wconf 85' lang='lat' dir='ltr'><strong>vult,</strong></span> <span class='ocrx_word' id='word_1_312' title='bbox 343 3351 392 3394; x_wconf 87' lang='lat' dir='ltr'><strong>et</strong></span> <span class='ocrx_word' id='word_1_313' title='bbox 416 3344 565 3397; x_wconf 81' lang='lat' dir='ltr'><strong>veluti</strong></span> <span class='ocrx_word' id='word_1_314' title='bbox 602 3345 941 3406; x_wconf 87' lang='lat' dir='ltr'><strong>schismaticus</strong></span> <span class='ocrx_word' id='word_1_315' title='bbox 970 3351 1086 3420; x_wconf 87' lang='lat' dir='ltr'><strong>jure</strong></span> <span class='ocrx_word' id='word_1_316' title='bbox 1125 3347 1373 3399; x_wconf 90' lang='lat' dir='ltr'><strong>habendus</strong></span> <span class='ocrx_word' id='word_1_317' title='bbox 1401 3347 1524 3412; x_wconf 84' lang='lat' dir='ltr'><strong>erit,</strong></span> <span class='ocrx_word' id='word_1_318' title='bbox 1560 3349 1631 3401; x_wconf 87' lang='lat' dir='ltr'><strong>uti</strong></span> <span class='ocrx_word' id='word_1_319' title='bbox 1657 3359 1828 3421; x_wconf 87' lang='lat' dir='ltr'><strong>aperte</strong></span> <span class='ocrx_word' id='word_1_320' title='bbox 1854 3351 1988 3403; x_wconf 85' lang='lat' dir='ltr'><strong>inter</strong></span> 
     </span>
     <span class='ocr_line' id='line_1_38' title="bbox 181 3429 1983 3489; baseline 0.005 -10"><span class='ocrx_word' id='word_1_321' title='bbox 181 3438 374 3481; x_wconf 84' lang='lat' dir='ltr'><strong>ceteros</strong></span> <span class='ocrx_word' id='word_1_322' title='bbox 425 3431 608 3483; x_wconf 81' lang='lat' dir='ltr'><strong>fatetur</strong></span> <span class='ocrx_word' id='word_1_323' title='bbox 642 3429 867 3486; x_wconf 88' lang='lat' dir='ltr'><strong>Nicolius</strong></span> <span class='ocrx_word' id='word_1_324' title='bbox 916 3435 997 3486; x_wconf 85' lang='lat' dir='ltr'><strong>lib.</strong></span> <span class='ocrx_word' id='word_1_325' title='bbox 1027 3436 1077 3486; x_wconf 73' lang='lat'><strong>9..</strong></span> <span class='ocrx_word' id='word_1_326' title='bbox 1113 3437 1179 3486; x_wconf 79' lang='lat' dir='ltr'><strong>de</strong></span> <span class='ocrx_word' id='word_1_327' title='bbox 1229 3434 1440 3487; x_wconf 78' lang='lat' dir='ltr'><strong>Unitate</strong></span> <span class='ocrx_word' id='word_1_328' title='bbox 1477 3453 1520 3486; x_wconf 85' lang='lat' dir='ltr'><strong>c.</strong></span> <span class='ocrx_word' id='word_1_329' title='bbox 1552 3436 1635 3489; x_wconf 79' lang='lat'><strong>10.</strong></span> <span class='ocrx_word' id='word_1_330' title='bbox 1675 3435 1749 3489; x_wconf 88' lang='lat' dir='ltr'><strong>his</strong></span> <span class='ocrx_word' id='word_1_331' title='bbox 1791 3438 1983 3489; x_wconf 84' lang='lat' dir='ltr'><strong>verbis:</strong></span> 
     </span>
    </p>
   </div>
  </div>
 </body>
</html>
