2320 3990
944 236 1118 243 --·-·
1212 221 1339 257 XXII
1437 233 1616 253 ——.-——

351 373 400 416 S.
429 373 570 417 Petro
602 371 744 431 primo
770 372 972 416 Romano
995 370 1221 414 Pontifice
1251 371 1396 416 totius
1426 371 1666 417 Ecclesiae
1699 372 1891 430 primate
1923 371 2092 430 passim

353 433 624 489 recitantur,
650 431 879 485 nimirum,
915 431 979 474 Tu
996 445 1046 475 es
1066 432 1232 476 Petrus
1257 438 1303 475 ec
1329 445 1464 485 saper
1486 436 1604 476 Ιιαηο
1629 439 1802 487 petram
1822 441 1910 479 etc.
1945 434 2090 476 Pasce

354 507 459 537 oves
481 506 604 538 meas
622 498 709 536 etc.
748 487 962 544 confirma
980 495 1154 544 fratres
1176 499 1280 536 tuo-3
1304 497 1391 535 etc.
1418 523 1973 536 ...................
2014 506 2119 550 pag.
2152 486 2213 530 ‘23

844 595 1072 646 CAPUT
1111 598 1193 646 VI.
1273 595 1530 663 Propositio
1567 601 1715 645 sexta.

413 682 527 725 Cum
562 683 782 740 primatus
814 682 1058 740 peculiaris
1087 681 1422 739 jurisdictionis
1455 687 1504 725 et
1535 680 1787 739 personalis
1818 682 1867 725 S.
1885 683 2015 727 Petri
2043 689 2092 726 et

350 743 652 787 Romanorum
675 743 949 788 Pontificum
974 743 1173 787 laudatis
1188 743 1484 800 Evangelicis
1511 741 1783 785 testimoniis
1810 742 2092 799 potissimum

348 802 605 858 incumbat3
636 805 683 847 in
708 804 868 847 iisdem
893 804 1252 861 interpretandis
1280 819 1370 847 non
1387 803 1532 847 omnia
1549 803 1649 846 aliis
1666 802 1899 860 Apostolis
1916 817 2091 847 eorum-

350 878 439 921 que
458 865 812 920 successoribus,
835 865 958 908 idest
973 864 1232 922 Episcopis‚
1260 864 1429 908 debent
1446 879 1547 907 esse
1565 869 1614 906 et
1631 863 1807 906 censeri
1826 863 2092 918 communia,

349 923 417 966 ita
434 930 484 966 ut
502 925 623 982 quod
639 925 780 968 Petro
800 926 968 968 dictum
987 925 1078 968 fuit
1095 940 1121 968 a
1139 925 1340 975 Christo,
1369 939 1516 983 aeque
1535 924 1739 967 omnibus
1759 923 1928 966 dictum
1945 923 2091 967 fuerit

348 983 393 1026 in
412 983 566 1039 Petro,
594 986 876 1046 eaedemque
895 986 943 1030 in
967 985 1069 1045 ipso
1093 985 1340 1030 facultates
1365 999 1513 1043 aeque
1539 983 1745 1028 omibus
1763 984 1962 1028 traditae
1987 983 2090 1028 fue-

352 1044 470 1098 rint3
513 1046 594 1089 sed
629 1052 814 1103 praeter
844 1045 1090 1089 facultates
1118 1045 1218 1089 aliis
1243 1045 1474 1103 Apostolis
1501 1059 1756 1088 communes
1782 1044 1954 1102 aliquid
1973 1044 2091 1101 juris

349 1105 590 1162 praecipui
627 1121 680 1150 ac
713 1106 964 1163 personalis
990 1107 1119 1150 Petri
1151 1106 1198 1149 in
1234 1107 1346 1164 ipsis
1384 1105 1655 1150 testimoniis
1689 1105 1913 1148 contineri
1940 1105 2095 1159 debet,

355 1165 476 1221 quod
492 1166 539 1209 in
555 1167 782 1210 Romanos
801 1167 1048 1210 Pontifices
1067 1168 1165 1223 ejus
1183 1181 1472 1210 successores
1490 1167 1730 1219 transiens,
1747 1166 1991 1223 primatum
2010 1180 2089 1223 pe-

352 1226 538 1270 culiaris
565 1232 614 1270 et
635 1228 886 1285 personalis
909 1227 1242 1284 jurisdictionis
1261 1227 1416 1271 divino
1430 1228 1534 1284 jure
1552 1226 1812 1270 institutum
1830 1226 2094 1270 constituat.

804 1331 1032 1381 CAPUT
1071 1333 1176 1381 VII.
1257 1331 1513 1398 Propositio
1551 1334 1757 1397 septima.

410 1414 512 1458 Hoc
543 1417 839 1474 praecipuum
871 1420 920 1460 et
950 1417 1190 1474 personale
1224 1417 1272 1458 S.
1305 1416 1436 1460 Petri
1473 1418 1551 1473 jus
1593 1417 1815 1474 primatus
1847 1417 2095 1474 proprium,

352 1475 470 1531 quod
498 1475 543 1519 in
568 1476 764 1521 laudatis
789 1477 1081 1534 Evangelicis
1108 1477 1382 1520 testimoniis
1410 1476 1670 1521 continetur
1701 1476 1778 1530 (ne
1797 1476 1908 1534 quid
1926 1477 2096 1520 confin-

351 1550 507 1591 gamus
540 1552 595 1580 ex
629 1538 866 1594 arbitrio),
915 1553 972 1581 ex
1013 1538 1262 1582 traditione
1301 1537 1463 1581 iisdem
1503 1537 1777 1581 testimoniis
1823 1537 2097 1580 cohaerente

351 1597 598 1640 eruendum
630 1605 716 1641 est.
743 1630 1207 1641 ................
1221 1608 1225 1611 ’
1228 1629 2087 1642 .............................

801 1689 1029 1738 CAPUT
1069 1691 1197 1738 VIII.
1278 1689 1538 1755 Proposita)
1576 1695 1753 1739 octava.

412 1772 484 1816 Ex
501 1774 688 1818 Patrum
704 1776 952 1819 traditione
970 1775 1116 1833 liquet
1128 1810 1139 1829 ,
1169 1775 1401 1819 Pontificii
1416 1775 1638 1833 primatus
1665 1774 1935 1819 instituendi
1953 1775 2096 1820 ratio-

352 1848 452 1876 nem
480 1850 561 1878 seu
588 1836 722 1878 finem
746 1837 889 1879 fuisse
907 1837 1049 1880 totius
1068 1836 1303 1879 Ecclesiae
1319 1836 1542 1880 unitatem
1557 1869 1567 1887 ‚
1601 1837 1658 1879 ob
1677 1850 1809 1893 quam
1827 1851 2096 1892 componen-

353 1893 453 1936 dam
480 1900 528 1938 et
553 1897 908 1940 conservandam
932 1897 1049 1940 idem
1075 1897 1295 1954 primatus
1319 1896 1443 1940 utilis
1462 1912 1515 1939 ac
1532 1896 1833 1950 necessarius,
1865 1912 1891 1939 a
1911 1896 2096 1940 Christo

352 1954 592 1999 institutus
616 1957 708 2000 fuit
711 1987 2086 2002 ..............................................

854 2061 1082 2112 CAPUT
1122 2063 1203 2111 IX.
1284 2061 1540 2128 Propositio
1577 2080 1711 2112 nona.

415 2143 712 2190 Memoratam
751 2149 894 2192 totius
933 2149 1126 2192 unitatis
1159 2148 1412 2192 catholicae
1446 2146 1647 2191 a‘Petro
1680 2148 2017 2204 componendae
2051 2154 2099 2190 et

356 2206 693 2250 conservandae
719 2209 940 2252 rationem
966 2224 1023 2252 ne
1048 2209 1137 2252 sibi
1155 2209 1367 2251 Christus
1391 2208 1568 2251 frustra
1593 2208 1890 2265 proposuisse
1920 2207 2102 2252 dicatur

354 2264 400 2306 in
424 2265 703 2311 instituendo
733 2269 832 2326 ejus
859 2269 1081 2326 primatu;
1114 2269 1205 2312 vim
1232 2275 1280 2312 et
1304 2273 1580 2326 potestatem
1606 2268 1696 2325 ipsi
1723 2268 1906 2325 primati
1922 2268 1979 2311 ad
1998 2283 2100 2312 eum

354 2324 487 2367 finem
505 2327 798 2372 obtinendum
822 2329 1031 2373 idoneam
1049 2329 1228 2372 dedisse
1246 2329 1502 2372 credendus
1521 2334 1614 2380 est,
1641 2329 1718 2384 jus
1737 2328 1913 2372 scilicet
1929 2329 2098 2372 coacti—

355 2399 459 2428 vum
490 2387 659 2431 unitati
689 2390 1025 2447 componendae
1059 2395 1107 2432 et
1139 2390 1480 2443 conservandae
1506 2387 1835 2443 necessarium,
1866 2403 1957 2431 non
1987 2404 2097 2431 vero

354 2459 526 2489 merum
552 2449 749 2492 officium
778 2449 1191 2506 repraesentandae
1213 2449 1420 2493 unitatis.
1467 2449 1568 2492 Hoc
1585 2455 1737 2491 autem
1750 2449 1827 2504 jus
1845 2448 2098 2492 coactivum

357 2505 414 2547 ad
440 2506 661 2551 unitatem
686 2510 950 2552 catholicam
979 2525 1036 2553 ex
1064 2510 1287 2566 primatus
1312 2509 1491 2553 ratione
1519 2523 1573 2552 ac
1599 2509 1689 2552 fine
1716 2509 1765 2551 S.
1784 2509 1924 2552 Petro
1950 2509 2097 2552 tribu-

356 2570 472 2619 tum,
506 2567 653 2624 ipsum
678 2569 909 2626 peculiare
935 2585 988 2612 ac
1016 2570 1255 2627 personale
1282 2570 1503 2628 primatus
1527 2570 1604 2627 jus
1621 2569 1903 2627 potissimum
1930 2570 2098 2613 consti-

357 2629 489 2670 tuere
515 2631 829 2685 percommode
853 2631 1139 2688 intelligitur.
1171 2661 2089 2674 ...............................

841 2735 1069 2785 CAPUT
1108 2738 1165 2786 X.
1246 2735 1504 2803 Propositio
1542 2737 1734 2785 decima.

416 2819 654 2864 Ecclesiae
685 2822 838 2866 unitas
870 2838 990 2866 nunc
1022 2822 1352 2866 consideranda
1384 2823 1553 2880 duplex
1585 2828 1679 2875 est;
1722 2821 1810 2864 alia
1840 2821 1970 2874 fidei,
2011 2836 2103 2878 qua

358 2894 508 2923 omnes
527 2881 860 2926 Christifideles
878 2884 922 2927 in
941 2882 1074 2926 unius
1090 2883 1198 2926 fidei
1214 2883 1502 2940 professione
1521 2883 1691 2927 debent
1708 2882 1977 2934 convenire3
2011 2881 2100 2926 alia

356 2940 561 2984 caritatis
595 2957 684 2999 qua
717 2944 863 2986 onmia
894 2944 1131 2988 Ecclesiae
1163 2944 1362 2989 membra
1391 2943 1513 2985 inter
1545 2957 1594 2986 se
1627 2957 1676 2985 se
1709 2943 1867 2984 eodem
1897 2942 2023 2997 pacis
2052 2947 2101 2984 et

358 3002 680 3045 communionis
698 3003 876 3047 vinculo
895 3004 1064 3046 debent
1082 3002 1311 3059 copulari:
1343 3001 1424 3045 sed
1442 3001 1595 3059 potior
1612 3006 1686 3045 est
1711 3001 1787 3045 illa
1806 3002 1929 3057 prior
1948 3001 2098 3044 unitas

356 3060 485 3115 fidei,
518 3062 591 3104 cui
617 3063 897 3120 potissimum
927 3063 1266 3107 conservandae
1293 3061 1523 3120 posterior
1548 3066 1621 3105 est
1644 3061 1882 3105 Ecclesiae
1910 3062 2098 3104 maxime

358 3122 629 3165 necessaria.
673 3123 902 3168 Primatus
928 3139 1040 3168 vero
1057 3124 1104 3166 S.
1121 3123 1254 3167 Petri
1279 3129 1330 3167 et
1355 3138 1669 3167 successorum
1686 3123 1785 3178 ejus
1805 3122 1860 3166 ob
1879 3122 2099 3166 unitatem

356 3181 401 3223 in
420 3187 518 3224 tota
534 3183 744 3228 Ecclesia
767 3184 1083 3228 continendam
1100 3189 1148 3228 et
1163 3184 1518 3228 conservandam
1542 3183 1797 3235 institutus,
1831 3197 1886 3226 ea
1903 3182 1950 3225 vi
1968 3198 2101 3239 prae-

358 3240 479 3283 ditus
499 3257 599 3286 esse
618 3245 756 3288 debet
769 3281 779 3300 ,
802 3261 892 3303 qua
910 3251 1149 3304 utramque
1166 3246 1281 3289 hanc
1297 3245 1519 3289 unitatem
1534 3243 1775 3288 Ecclesiae
1793 3243 2099 3287 necessariam

358 3301 590 3346 contineat
613 3309 752 3362 atque
776 3312 1018 3351 conservet
1022 3334 2093 3350 ....................................

793 3397 1022 3448 CAPUT
1059 3400 1142 3451 XI.
1223 3370 1482 3464 Propositio
1518 3397 1775 3446 undecima.

414 3478 641 3524 Primatus
667 3483 714 3525 S.
742 3483 873 3527 Petri
901 3490 948 3527 et
972 3498 1288 3530 successorum
1314 3484 1414 3541 ejus
1441 3483 1556 3528 adeo
1583 3482 1820 3540 praeditus
1847 3486 1919 3526 est
1946 3481 1992 3525 vi
2023 3497 2097 3526 co-

353 3546 491 3597 gente
515 3541 574 3585 ad
598 3548 838 3602 utramque
861 3545 1069 3590 caritatis
1095 3560 1180 3592 seu
1201 3545 1546 3600 communionis,
1578 3551 1626 3588 et
1643 3544 1751 3588 fidei
1768 3543 2014 3597 unitatem,
2046 3548 2098 3587 ut

2157 1221 2218 1267 28

2159 1596 2214 1640 31

2162 2628 2222 2672 40

2167 3301 2227 3346 48
