2320 3990
694 232 1343 292 -.--141—-

921 434 966 499 ἕ.
1009 431 1121 486 vu.

121 568 366 622 Hieronymi
398 566 654 608 testimonia.
719 567 1031 617 Argumentum
1069 564 1245 611 ductum
1281 575 1333 604 ea·
1365 561 1606 604 necessaria
1641 564 1810 607 unitate
1839 572 1934 603 cum

121 626 233 667 Petri
265 622 478 676 cathedra,
510 638 590 678 quo
624 625 852 666 cathedrae
881 624 1085 665 vocabulo
1106 621 1241 672 sidem
1274 623 1496 662 Romanae
1525 621 1640 662 sedis
1670 635 1697 662 a
1728 623 1774 662 S.
1808 621 1932 663 Petro

115 684 287 739 ejusque
316 686 629 726 successoribus
661 684 864 726 traditam
892 680 1137 734 significari
1168 681 1422 722 ostenditur.
1486 679 1682 722 Ecclesia
1722 680 1934 723 catholica

117 749 156 786 et
178 744 291 795 fides
331 745 565 785 catholicae
601 743 813 786 Ecclesiae
853 743 968 784 dicta
1007 744 1069 781 est
1106 741 1299 782 Romana
1340 741 1390 780 ob
1432 740 1640 780 unitatem
1680 741 1932 792 praesertim

408 802 516 853 fidei
548 816 641 844 cum
680 803 871 844 Romana
901 799 1109 842 catholico
1142 802 1296 853 cuique
1326 799 1622 841 necessariam.

259 918 345 971 34.
386 917 603 972 Sanctus
640 927 688 978 et
722 914 972 970 maximus
997 912 1189 967 Doctor
1214 912 1553 986 Hieronymus
1591 914 1732 986 plura
1757 932 1934 987 suppe-

117 1004 306 1056 ditabit.
383 1004 660 1058 Primatum
697 995 754 1055 S.
790 999 948 1054 Petro
984 1000 1192 1053 unitatis
1240 1019 1391 1054 causa
1425 1001 1635 1054 delatum
1672 1002 1935 1071 explorate

45 1156 54 1165 ¹
119 1093 316 1143 fatetur.
370 1092 673 1159 Propterea
708 1092 847 1140 inter
873 1090 1151 1141 duodecim
1188 1107 1322 1140 unus
1349 1090 1563 1156 eliyitur
1600 1087 1660 1157 (l.
1692 1089 1742 1140 l.
1770 1087 1820 1138 in
1846 1085 1936 1140 Jo-

118 1176 218 1229 vin.
246 1194 296 1227 n.
325 1175 443 1247 26.)
460 1215 475 1240 ,
513 1183 571 1228 ut
594 1178 770 1243 capite
808 1179 1091 1228 constituto
1129 1175 1426 1227 schismatis
1453 1175 1675 1226 tollatur
1702 1177 1932 1226 occasio.

118 1259 403 1315 Constituto
432 1271 595 1315 autem
620 1262 712 1314 hoc
747 1261 906 1332 capite
944 1280 1045 1314 uon
1082 1262 1370 1326 tolleretur,
1416 1279 1508 1314 nec
1545 1261 1731 1313 auferri
1765 1270 1938 1332 posset

117 1349 314 1401 occasio
342 1348 684 1412 schismatum,
723 1347 823 1399 nisi
861 1347 1019 1400 eidem
1062 1347 1210 1417 capiti
1236 1348 1313 1400 vis
1354 1348 1412 1398 ad
1438 1347 1678 1399 unitatem
1706 1347 1934 1417 obligans

120 1435 355 1486 attributa
382 1435 628 1487 credatur.
680 1433 822 1484 Hanc
850 1439 972 1484 sane
998 1431 1099 1485 vim
1136 1432 1262 1485 idem
1288 1430 1344 1484 S.
1374 1431 1564 1485 Doctor
1600 1431 1725 1484 satis
1750 1432 1936 1485 indica-

120 1521 218 1584 vit,
255 1538 362 1573 cum
390 1519 441 1570 in
467 1519 660 1590 dialogo
688 1528 863 1571 contra
887 1516 1237 1588 Luciferiauos
1265 1537 1314 1569 n.
1343 1518 1394 1571 9.
1433 1519 1718 1571 facultatem
1743 1519 1935 1591 praeci-

122 1625 263 1676 puam
289 1616 338 1659 et
364 1606 662 1658 eminentem
688 1623 877 1656 summo
905 1603 1167 1658 Sacerdoti
1195 1605 1514 1658 asserendam
1541 1606 1832 1669 affirmavit,
1872 1624 1935 1657 ne

119 1691 161 1743 si
188 1700 425 1760 negetur,
465 1690 732 1743 schismata
771 1690 1084 1743 exoriantur.
1139 1693 1414 1744 Ecclesiae
1453 1695 1622 1752 salus,
1658 1691 1842 1761 inquit,
1881 1695 1934 1743 in

119 1781 303 1828 sarnmi
333 1779 642 1829 Sacerdotis
678 1780 934 1846 diynitate
970 1779 1193 1846 pendet,
1229 1782 1317 1830 cui
1351 1782 1398 1830 si
1434 1798 1539 1830 non
1581 1797 1743 1830 exors
1782 1797 1935 1848 quae-

119 1866 241 1915 dam
268 1871 317 1915 et
343 1865 407 1915 ab
436 1865 671 1916 omnibus
699 1867 925 1916 eminens
963 1865 1228 1916 tribuatur
1259 1872 1533 1932 potestas,
1570 1871 1650 1916 tot
1674 1868 1726 1916 in
1754 1866 1936 1916 Eccle-

121 1953 200 2002 sia
230 1954 530 2019 efficientur
556 1952 868 2012 schismata,
894 1958 1022 2020 quot
1051 1953 1389 2003 Sacerdotes.
1445 1952 1629 2020 Itaque
1666 1955 1742 2003 ad
1773 1954 1936 2003 vitan-

120 2038 240 2086 dum
267 2037 549 2088 schismata
577 2035 781 2106 (Baluz.
810 2037 861 2088 in
888 2047 992 2089 not.
1022 2037 1082 2088 ad
1109 2034 1252 2090 Com.
1281 2038 1453 2089 mouit.
1482 2036 1719 2091 Vincent.
1749 2056 1791 2091 c.
1818 2037 1934 2107 19.)

123 2125 203 2189 (Ut
237 2139 306 2173 ex
344 2132 508 2174 mente
544 2121 600 2174 S.
629 2121 903 2194 Scriptoris
938 2134 1073 2176 recte
1111 2123 1311 2193 collegit
1349 2121 1632 2194 Stephanus
1668 2123 1934 2194 Baluzius)

122 2225 329 2258 necesse
366 2216 469 2268 est,
517 2216 573 2260 ut
607 2213 859 2262 unitatem
896 2212 1170 2262 Ecclesiae
1203 2229 1510 2280 sequamur,
1546 2213 1706 2270 idest,
1746 2211 1936 2262 Roma·

123 2312 239 2344 nam
269 2295 591 2354 Ecclesiam,
620 2297 709 2346 ubi
734 2303 811 2347 est
835 2299 987 2364 oriyo
1016 2304 1068 2348 et
1091 2298 1256 2347 radia·
1282 2300 1516 2348 unitatis.

264 2378 350 2430 35.
391 2378 556 2432 Porro
582 2381 821 2433 unitatem
860 2400 959 2434 non
999 2382 1152 2434 solius
1190 2382 1575 2446 connnuuioniS,
1614 2382 1698 2434 sed
1735 2382 1938 2453 potissi-

123 2482 247 2514 mum
275 2464 385 2516 fidei
412 2483 519 2517 cum
547 2465 886 2519 Romanorum
913 2465 1210 2520 Pontificum
1236 2469 1327 2522 fide
1355 2468 1722 2521 custodiendam
1742 2467 1798 2520 S.
1816 2468 1938 2520 Hie-

122 2568 358 2621 ronymus
385 2551 603 2621 pluribus
629 2553 680 2605 in
707 2554 828 2605 locis
855 2552 1085 2605 inculcat.
1138 2552 1288 2605 Mitto
1325 2554 1451 2623 quod
1486 2553 1810 2625 praescripsit
1835 2553 1937 2606 De-

123 2635 375 2687 metriadi:
414 2639 559 2689 Illud
594 2647 643 2690 te
671 2644 768 2706 pio
808 2643 1051 2692 caritatis
1089 2645 1282 2710 affecta
1307 2643 1762 2709 praemonendam
1785 2649 1937 2710 puto,

124 2728 180 2771 ut
211 2722 266 2771 S.
298 2722 592 2774 Innocentii
618 2722 808 2794 (Epist.
841 2723 960 2777 130.
990 2743 1039 2776 n.
1071 2725 1219 2793 16.),
1258 2730 1349 2795 qui
1382 2726 1726 2794 Apostolicae
1765 2729 1936 2778 cath-e-

124 2809 254 2857 drae
281 2825 552 2858 successor
579 2816 680 2868 est,
716 2817 895 2860 teneas
916 2811 1103 2877 fidem3
1140 2829 1237 2861 nec
1268 2815 1642 2879 peregrinam,
1681 2820 1936 2880 quatenus

122 2892 217 2942 tibi
234 2894 474 2959 prudens
501 2895 804 2963 callidaque
840 2897 1098 2957 videaris,
1132 2899 1427 2949 doctrinam
1467 2900 1717 2965 recipias.
1771 2895 1938 2951 Lucu-

123 2976 332 3029 lentiora
357 2988 474 3029 sunt
509 2998 634 3048 quae
670 2979 721 3030 in
748 2982 1091 3035 controversia
1120 2982 1178 3035 de
1203 2983 1362 3034 tribus
1399 2982 1748 3053 hypostasibus
1774 2986 1937 3056 prodi-

123 3061 208 3112 dit.
273 3061 399 3116 Cum
435 3064 583 3116 trium
622 3065 948 3136 hypostasum
984 3087 1163 3121 nomen
1200 3070 1260 3121 ab
1299 3067 1637 3121 Orientalibus
1678 3070 1933 3123 catholicis

126 3165 212 3216 pro
239 3148 572 3217 significandis
599 3151 756 3205 trihus
785 3151 1053 3207 Trinitatis
1078 3155 1307 3225 personis
1335 3155 1665 3225 acciperetur,
1694 3155 1936 3210 Occiden-

126 3233 249 3285 tales
275 3252 395 3286 vero
422 3254 484 3288 ne
509 3255 617 3290 cum
643 3238 908 3293 haereticis
935 3240 1222 3309 quibusdam
1258 3250 1534 3293 sumeretur
1570 3242 1934 3313 significatione

125 3320 455 3384 substantiae,
494 3323 812 3378 vehementer
846 3326 1104 3389 timereut3
1145 3327 1271 3379 male
1306 3327 1431 3397 apud
1466 3327 1554 3380 hos
1589 3327 1716 3382 idem
1751 3348 1932 3383 nomen

126 3405 376 3470 audiebat,
414 3407 680 3477 eodemque
714 3420 845 3463 metu
881 3412 1124 3483 Aegyptii
1164 3430 1269 3464 cum
1307 3410 1554 3485 Episcopo
1580 3414 1931 3468 Alexandrino

127 3499 227 3541 tres
264 3492 560 3562 hypostases
599 3494 763 3547 dicere
797 3499 1109 3568 respuebant.
1190 3496 1475 3551 orientales
1510 3499 1709 3553 interim
1746 3501 1932 3552 Antio-
