2320 3990
685 261 1292 320 —83—

80 450 178 488 non
215 433 532 504 repugnabo,
571 432 616 484 si
641 431 785 484 modo
819 431 1178 502 Apostolorum
1214 426 1577 500 praedicationi
1608 435 1662 480 et
1698 427 1811 481 fidei
1835 446 1897 482 ea

78 520 156 573 vis
177 518 457 587 tribuatur,
491 526 736 588 quatenus
763 535 871 571 cum
897 515 1268 590 praedicatione
1293 521 1345 567 et
1368 513 1460 567 fide
1485 511 1631 568 Petri
1654 514 1899 569 unitatem

79 603 265 669 tenuit,
300 603 375 657 ita
396 613 450 657 ut
475 604 716 657 unitatem
755 622 863 657 cum
899 603 992 656 hac
1028 601 1175 655 Petri
1211 601 1304 653 fide
1340 609 1491 669 atque
1530 599 1899 671 praedicatione

81 690 414 743 necessarimn
437 690 641 742 nihilum
658 689 890 754 infirmet,
918 688 1004 741 sed
1027 687 1190 758 potius
1217 694 1406 739 statuat
1425 694 1574 754 atque
1591 697 1896 757 praesumat.

79 776 434 846 Apostolorum
473 776 662 829 scilicet
698 773 999 847 praedicatio
1026 783 1076 826 et
1111 773 1231 826 fides
1268 782 1412 844 petra
1446 789 1584 825 vere
1604 790 1663 826 ac
1699 774 1898 844 proprie

79 862 167 913 fuit
189 880 359 914 earum
381 861 750 934 particularium
763 859 1122 924 Ecclesiarum,
1148 877 1276 928 quae
1289 859 1509 930 ipsoriun
1527 858 1898 930 praedicatione

81 957 425 1013 constructae,
465 967 614 1020 super
636 965 746 1001 eam
770 955 963 1018 petram
990 945 1280 999 aedificatae
1313 946 1542 1010 sues-imm
1591 962 1692 998 non
1730 955 1898 999 autem

78 1034 277 1105 proprie
301 1035 393 1087 fuit
415 1045 560 1107 petra
581 1033 735 1086 totius
759 1030 1022 1086 Ecclesiae
1047 1031 1352 1092 catholicae,
1377 1046 1504 1100 quae
1529 1031 1661 1083 bono
1687 1031 1898 1084 unitatis

78 1138 225 1190 super
247 1138 397 1172 unam
422 1119 566 1172 Petri
589 1119 731 1172 fidem
757 1116 961 1172 Christo
987 1118 1280 1171 instituente
1308 1116 1568 1170 aedificata
1590 1116 1699 1180 fuit.
1763 1115 1896 1171 Hinc

77 1202 292 1257 Sanctus
319 1202 607 1277 Cyprianus
634 1205 779 1276 epist.
810 1205 895 1259 73.
924 1204 1153 1276 scripsit:
1191 1205 1438 1257 Ecclesia
1465 1211 1542 1256 est
1565 1223 1701 1264 una,
1740 1211 1792 1256 et
1815 1223 1895 1256 su-

69 1310 172 1358 per
197 1311 383 1352 unum,
421 1296 514 1361 qui
548 1294 722 1345 claves
748 1295 984 1360 aceepit,
1027 1293 1245 1345 Domini
1279 1309 1405 1342 voce
1425 1291 1674 1358 fundata.
1738 1287 1807 1340 Et
1843 1289 1895 1341 in

78 1375 199 1428 libro
211 1378 297 1428 De
321 1380 521 1430 imitate
547 1379 822 1430 Ecclesiae
843 1378 1049 1430 unitatis
1076 1379 1256 1429 bonum
1284 1393 1584 1447 proponenS,
1611 1376 1715 1444 ejus
1743 1393 1897 1428 causa

79 1481 243 1530 super
269 1465 419 1514 illum
443 1483 602 1516 unum
628 1463 816 1532 (inquit
842 1464 901 1515 de
925 1461 1115 1516 Sancto
1141 1461 1330 1528 Petro)
1358 1463 1620 1514 Dominus
1647 1463 1896 1531 aedificat

81 1549 374 1600 Ecclesiam
403 1569 559 1601 suam.
610 1546 798 1616 Quibus
826 1550 1004 1602 similia
1033 1550 1158 1622 apud
1184 1549 1308 1601 alios
1335 1546 1522 1600 Patres
1550 1547 1796 1600 invenies.
1838 1545 1894 1599 Si

79 1652 199 1702 ergo
237 1653 370 1686 uvius
399 1635 623 1695 Petrus,
661 1635 788 1687 idest
825 1653 925 1687 una
962 1634 1108 1687 Petri
1144 1635 1264 1687 fides
1301 1633 1600 1688 universalis
1635 1631 1895 1686 Ecclesiae

78 1726 219 1788 petra
245 1728 295 1770 et
318 1719 685 1772 fundamentum
710 1719 874 1791 posita
899 1720 989 1771 fuit
1018 1739 1046 1772 a
1071 1718 1306 1784 Christo,
1333 1738 1426 1772 nec
1453 1719 1583 1771 aliud
1607 1719 1897 1771 fundamen-

75 1812 174 1855 tum
201 1803 444 1875 quispiam
471 1813 634 1875 potest
659 1805 815 1858 eidem
839 1803 1100 1858 Ecclesiae
1126 1824 1331 1876 ponere,
1358 1805 1458 1858 nisi
1483 1803 1612 1875 quod
1637 1804 1697 1856 ab
1726 1803 1895 1857 eodem

75 1889 286 1960 positum
328 1891 447 1956 fuit3
507 1891 645 1962 ipsae
693 1891 1021 1963 particulares
1072 1889 1332 1945 Ecclesiae
1382 1893 1443 1944 ab
1489 1890 1751 1961 Apostolis
1803 1908 1897 1942 ex-

74 1985 266 2029 tructae
307 1977 366 2028 ad
401 1977 695 2030 catholicam
735 1975 926 2031 Christi
975 1975 1254 2030 Ecclesiam
1293 1977 1440 2030 aliter
1492 1976 1748 2048 pertinere
1797 1995 1894 2028 non

75 2071 324 2132 poterant,
351 2063 449 2115 nisi
476 2081 622 2135 super
643 2062 787 2116 Petri
812 2064 950 2116 fidem
980 2063 1284 2128 aedificatae,
1311 2063 1466 2134 ipsius
1486 2064 1728 2116 unitatem
1755 2074 1895 2116 tenc-

78 2157 219 2212 rent3
249 2166 306 2200 ac
326 2158 589 2219 propterea
603 2148 855 2219 Apostoli,
883 2167 991 2201 cum
1011 2149 1122 2199 illas
1150 2159 1544 2201 construxerunt
1563 2149 1893 2220 praedicando

76 2232 234 2296 iidem,
262 2250 362 2284 non
389 2233 535 2284 aliam
562 2233 701 2285 iidem
727 2243 991 2304 potuerunt
1027 2252 1213 2304 ponere
1241 2234 1612 2287 fundamentum
1639 2234 1739 2286 nisi
1765 2253 1894 2299 eam,

77 2336 202 2387 quae
238 2318 616 2389 praedicabatur
642 2338 671 2370 a
698 2318 885 2384 Petr0,
923 2320 1005 2373 vel
1041 2338 1142 2372 una
1178 2330 1314 2373 esset
1352 2338 1461 2373 cum
1499 2319 1645 2372 Petri
1683 2320 1800 2385 fide,
1840 2330 1894 2372 ut

75 2422 221 2474 super
241 2405 367 2456 hanc
382 2404 523 2456 fidem
543 2404 658 2456 illae
678 2405 964 2458 aedificatae
984 2404 1078 2458 dici
1101 2417 1324 2476 possent,
1341 2417 1390 2459 et
1405 2416 1611 2460 eatenus
1627 2407 1687 2458 ad
1702 2405 1890 2460 Christi

73 2487 350 2542 Ecclesiam
376 2509 538 2558 super
564 2510 722 2543 unum
747 2491 1052 2544 aedificatam
1079 2502 1383 2562 spectarent.
1437 2492 1569 2545 Hinc
1605 2493 1715 2564 ipsa
1741 2494 1891 2546 etiam

74 2575 428 2646 Apostolorum
453 2576 602 2641 fides,
643 2596 766 2648 quae
806 2595 927 2630 saue
954 2577 1046 2629 fuit
1070 2579 1439 2632 fundamentum
1464 2577 1752 2645 Ecclesiae,
1793 2601 1892 2633 non

76 2661 220 2712 aliter
255 2661 345 2712 fuit
370 2660 628 2713 Ecclesiae
666 2663 1064 2727 fundamentum,
1103 2664 1202 2716 nisi
1240 2665 1354 2734 quia
1391 2665 1483 2717 fuit
1514 2683 1614 2716 una
1652 2684 1759 2718 cum
1799 2668 1891 2720 fide

75 2743 246 2809 Petri,
273 2755 322 2797 et
347 2746 418 2798 sic
443 2745 538 2816 ipsi
563 2747 915 2814 quodammodo
943 2748 1260 2814 inhaerebat,
1301 2751 1380 2802 cui
1405 2761 1512 2803 tota
1535 2749 1793 2818 Ecclesia,
1835 2772 1893 2806 ac

73 2831 224 2882 totius
250 2829 510 2883 Ecclesiae
537 2832 655 2883 fides
683 2829 885 2885 Christo
912 2834 1206 2885 instituente
1244 2835 1389 2886 debet
1427 2835 1730 2888 incimibere.
1783 2837 1892 2890 Hoc

75 2913 265 2968 Christi
302 2915 579 2968 institutum
616 2936 716 2969 nou
755 2937 816 2971 ea
843 2927 1066 2989 spectat,
1105 2928 1160 2970 ut
1197 2938 1288 2990 per
1314 2938 1368 2972 se
1395 2939 1450 2972 se
1475 2920 1524 2973 in
1563 2922 1891 2993 suspicionem

74 3001 339 3054 adducatur
366 3002 572 3054 aliorum
599 3002 955 3073 Apostolorum
984 3005 1118 3069 fides,
1147 3006 1233 3056 sed
1259 3015 1314 3056 ut
1339 3005 1673 3076 intelligamus
1699 3009 1753 3080 *)
1792 3009 1891 3063 Ec-

192 3232 229 3282 ')
247 3235 365 3276 Sicut
383 3236 596 3278 Ecclesiae
613 3242 656 3278 et
673 3239 841 3280 unitatis
859 3240 1005 3280 bonum
1025 3240 1298 3292 efflagitabat,
1328 3245 1374 3281 ut
1391 3245 1576 3283 centrum
1594 3242 1766 3286 unitatis
1785 3257 1891 3287 corn-

74 3293 274 3333 munionis
291 3295 532 3344 catholicae,
560 3310 650 3338 cum
665 3310 744 3349 quo
763 3311 901 3339 omnes
918 3299 1115 3339 catholici
1134 3301 1455 3343 communionem
1470 3307 1698 3356 servarent,
1718 3309 1829 3345 esset
1848 3307 1888 3345 in

73 3352 197 3392 Petro
225 3366 275 3392 ac
304 3355 343 3392 in
374 3356 460 3405 ejus
488 3355 586 3395 sede
598 3386 609 3404 ,
637 3369 755 3407 quam
782 3358 939 3399 idcirco
966 3360 1192 3398 adversarii
1222 3364 1413 3399 centrum
1438 3360 1674 3403 catholicae
1703 3365 1889 3406 imitatis

73 3409 251 3451 fatentur
266 3413 376 3465 (Vid.
395 3414 490 3454 infr.
510 3428 542 3454 c.
563 3415 632 3456 14.
653 3414 687 3469 §.
708 3414 793 3465 1.);
831 3418 889 3456 ita
907 3419 1030 3458 etiam
1049 3419 1306 3470 postulabat,
1338 3422 1381 3458 ut
1400 3423 1583 3462 centrum
1600 3423 1773 3464 unitatis
1790 3424 1886 3464 fidei

73 3468 314 3519 catholicae,
334 3484 422 3513 cum
440 3485 523 3528 quo
542 3486 684 3514 omnes
701 3475 900 3517 unitatem
918 3477 1099 3527 ejusdem
1117 3477 1211 3516 fidei
1230 3478 1514 3528 custodirent,
1533 3481 1574 3520 in
1592 3482 1704 3522 Petri
1724 3483 1886 3534 praedi-

74 3527 233 3567 catione
250 3542 297 3569 ac
315 3530 392 3570 fide
410 3533 460 3572 ab
479 3534 622 3573 eodem
648 3533 839 3585 deposita
856 3537 894 3574 in
913 3548 985 3575 sua
1002 3536 1099 3575 sede.
1129 3537 1426 3587 collocaretur3
1455 3539 1617 3591 ipsique
1641 3542 1824 3592 Apostoli
1846 3543 1884 3581 in

1472 3624 1544 3674 6,,
