2314 3984
624 246 1365 320 ,ἥρωα-

141 418 598 479 munaum-fidei.
619 418 724 472 crit
756 415 1044 488 disputatio.
1096 411 1243 482 Quae
1267 429 1390 468 vero
1415 409 1958 484 exemtimtisrprin-

139 507 279 581 cipiis
301 506 540 560 hactenus
567 503 876 575 reposuimus
892 542 907 567 ,
932 501 1136 555 interim
1159 499 1389 553 sufficere
1410 497 1674 552 credimus.
1787 500 1789 502 ’
1828 520 1832 526 ’

281 593 386 647 29.v
409 590 557 644 Nunc
582 589 913 662 expendenda
936 599 988 642 et
1012 585 1348 658 expungenda
1369 590 1533 638 restat
1567 583 1667 637 alia
1692 584 1755 637 ab
1776 585 1959 638 adver-

139 679 288 733 sariis
310 678 511 748 ingesta
539 677 754 730 conditio
768 716 783 741 ,
821 692 961 746 quae·
980 672 1146 742 siquid
1167 671 1391 736 valeret,
1429 670 1593 729 omnis
1627 669 1706 724 vis
1730 670 1958 725 coactiva

139 767 200 819 ad
223 765 464 818 unitatem
503 763 615 816 fidei
651 780 760 816 cum
786 761 1131 815 Romanorum
1155 756 1455 811 Pontificum
1471 779 1474 781 ·
1491 756 1586 810 fide
1610 773 1641 810 a
1666 757 1811 810 nobis
1844 775 1961 828 pro·

140 862 386 924 pugnata,
420 860 471 904 et
499 848 679 901 unitati
712 847 923 901 tuendae
940 863 1018 900 sex
1041 843 1282 916 primatus
1318 843 1416 896 fine
1450 842 1743 896 necessaria
1766 842 1818 896 in
1844 842 1959 896 irri-

141 949 243 990 tum
279 938 496 990 caderet.
555 934 615 988 Iu
644 932 1020 1004 >quaestionibus
1057 930 1250 984 scilicet
1293 929 1407 982 fidei
1449 928 1738 981 definiendis
1774 929 1959 1000 primas

142 1024 335 1094 quidem
360 1031 528 1094 partes
553 1017 1066 1074 iisd‘cmPontificibus
1086 1015 1366 1071 adversarii
1388 1014 1612 1067 tribuunt
1636 1013 1834 1067 ratione
1859 1015 1961 1085 pri-

142 1120 319 1162 matus.
370 1108 444 1174 At
481 1123 591 1159 cum
624 1105 844 1176 ipsorum
877 1103 1189 1157 definitiones
1223 1099 1620 1154 irretractabiles
1653 1100 1959 1153 solummodo

140 1194 323 1258 velint,
361 1197 410 1246 si
431 1193 657 1245 accedat
680 1191 957 1244 Ecclesiae
982 1207 1294 1250 consensus3
1330 1187 1431 1242 vim
1467 1185 1773 1250 coactivam,
1813 1204 1959 1255 quam

141 1280 237 1333 illis
263 1297 331 1332 ex
357 1278 578 1351 primatu-
604 1276 940 1341 asseruimuS,
979 1275 1155 1329 iisdem
1189 1293 1280 1346 per
1319 1291 1375 1326 se
1413 1291 1468 1326 se
1494 1273 1774 1342 denegant,
1811 1273 1882 1325 ita
1909 1282 1962 1323 ut

143 1376 315 1436 putent
339 1383 426 1418 eas
452 1381 553 1416 non
578 1381 761 1432 cogere
788 1363 849 1414 ad
874 1362 1131 1425 unitatem,
1157 1364 1263 1414 nisi
1286 1369 1546 1431 postquam
1566 1356 1799 1428 (Declar.
1823 1356 1962 1419 Cleri

145 1449 274 1503 Gall.
313 1468 393 1502 an.
425 1449 580 1502 1682.
620 1466 670 1498 n.
698 1446 793 1516 4.)
834 1448 1109 1500 Ecclesiae
1145 1464 1429 1500 consensus
1468 1443 1756 1497 accesserit.
1819 1442 1963 1498 Hane

144 1546 308 1589 autem
331 1535 385 1588 in
410 1552 514 1586 rem
540 1533 612 1586 illi
630 1535 731 1604 jam
757 1551 859 1586 non
883 1534 1100 1604 exigunt
1125 1549 1423 1586 consensum
1447 1528 1708 1584 Ecclesiae
1732 1530 1784 1582 in
1809 1547 1963 1600 gene-

145 1622 238 1675 rali
273 1619 482 1674 concilio
521 1628 752 1684 coactae,
804 1639 913 1672 cum
950 1619 1215 1673 remedium
1253 1617 1494 1690 ejusmodi
1536 1617 1628 1670 hoc
1665 1617 1961 1687 praesertim

146 1718 366 1777 tempore
401 1705 762 1770 difficillimum,
811 1723 870 1759 ac
906 1707 1013 1758 fere
1054 1705 1362 1776 impossibile
1400 1703 1484 1756 sit.
1561 1701 1803 1756 Sufficere
1838 1721 1961 1757 vero

144 1791 436 1845 existimant
461 1809 758 1845 consensum
770 1788 1028 1844 Ecclesiae
1053 1791 1310 1862 dispersae
1334 1807 1436 1841 non
1459 1789 1621 1842 solum
1645 1806 1962 1859 expressum,

143 1878 230 1932 sed
262 1877 412 1930 etiam
445 1876 675 1941 tacitum,
716 1895 860 1946 quem
895 1875 1019 1930 satis
1056 1877 1256 1947 prodire
1292 1876 1526 1940 credunt,
1564 1874 1609 1927 si
1633 1874 1909 1927 definitioni
1937 1893 1967 1926 a

147 1962 375 2016 Romano
401 1961 646 2015 Pontifice
679 1953 844 2016 'editae
882 1981 1056 2027 nemo,
1089 1964 1171 2017 vel
1194 1963 1335 2034 pauci
1376 1971 1673 2032 repugnent:
1713 1960 1796 2030 qui
1833 1961 1963 2014 enim

148 2067 247 2102 nou
273 2049 539 2112 resistunt,
567 2047 854 2101 consentire
871 2049 1172 2118 judicantur.
1212 2047 1265 2101 Id
1289 2058 1456 2101 autem
1482 2067 1542 2100 ea
1567 2049 1626 2100 de
1651 2066 1807 2101 causa
1832 2066 1965 2100 com-

151 2133 284 2185 muni
300 2136 405 2204 jam
429 2136 647 2205 ipsorum
675 2135 1071 2188 adversariorum
1097 2134 1350 2187 sententia
1375 2134 1738 2186 concedendum
1760 2152 1966 2186 censue-

151 2229 288 2283 runt,
316 2229 582 2290 propterea
608 2222 738 2289 quod
761 2220 1094 2284 observarint,
1121 2219 1428 2290 Apostolicis
1448 2218 1645 2288 judiciis
1673 2220 1735 2271 ad
1761 2220 1967 2272 exscin-

149 2304 332 2356 dendos
368 2322 469 2356 non
494 2324 708 2376 paucos,
744 2325 846 2359 non
882 2307 1040 2359 solum
1067 2306 1325 2374 antiquOS,
1365 2305 1452 2358 sed
1485 2305 1792 2375 posteriores
1818 2306 1966 2358 ctiam

150 2408 351 2442 errores
378 2391 651 2445 coactivam
675 2393 773 2446 vim
800 2391 954 2445 fuisse
981 2390 1300 2455 attributam,
1328 2390 1525 2444 etiamsi
1549 2392 1684 2443 nulla
1710 2392 1968 2461 generalia

150 2475 357 2527 concilia
382 2494 470 2528 eos
495 2478 873 2547 profligassent3
911 2486 964 2530 et
997 2477 1050 2529 in
1074 2477 1324 2547 plerisque
1349 2478 1509 2529 nullus
1536 2495 1730 2546 quoque
1756 2477 1967 2548 Episco-

149 2579 322 2631 porum
369 2561 520 2613 totius
566 2563 727 2627 orbis,
779 2564 954 2615 saltem
1002 2563 1241 2633 plurium,
1289 2581 1564 2634 expressus
1610 2563 1968 2617 intervenisset

151 2663 452 2710 consensuS,
480 2647 561 2715 qui
587 2648 859 2701 catholicae
880 2647 1144 2701 Ecclesiae
1169 2667 1445 2702 consensus
1471 2650 1566 2703 dici
1591 2659 1794 2720 posset,
1834 2651 1968 2702 solus

151 2731 282 2782 enim
321 2749 594 2802 expressus
630 2749 902 2786 consensus
936 2732 1237 2786 Antistitum
1273 2734 1449 2798 unius,
1492 2735 1574 2787 vel
1611 2735 1817 2787 alterius
1852 2755 1968 2806 pro-

151 2815 372 2879 vinciae,
412 2834 501 2868 seu
525 2816 776 2887 regionis,
813 2815 1072 2871 Ecclesiae
1110 2818 1380 2871 catholicae
1419 2837 1692 2871 consensus
1731 2822 1968 2891 appellari

154 2902 340 2970 nequit.
392 2901 492 2955 Ubi
526 2901 678 2972 igitur
713 2920 874 2971 neque
899 2903 1150 2973 generalis
1184 2903 1386 2974 synodi,
1424 2922 1584 2973 neque
1608 2903 1968 2976 Episcoporum

152 3005 240 3057 per
276 2987 445 3040 orbem
481 2987 815 3058 dispersorum
851 3006 1125 3060 expressus
1162 2988 1314 3042 adfuit
1348 3007 1651 3054 consensus;
1691 2992 1967 3046 coactivam

151 3073 248 3126 vim
266 3112 281 3136 ,
307 3091 454 3141 quam
478 3073 548 3126 illi
573 3071 838 3128 Pontificio
864 3075 1064 3128 decreto
1091 3093 1181 3146 per
1207 3093 1262 3128 se
1287 3093 1344 3128 se
1371 3093 1468 3127 non
1497 3076 1786 3140 concedunt,
1812 3078 1967 3130 tacito

155 3158 331 3210 saltem
354 3156 643 3224 Ecclesiae,
680 3178 769 3213 seu
808 3158 1166 3232 Episcoporum
1203 3160 1469 3214 consensui
1503 3161 1814 3215 tribuendam
1850 3181 1968 3216 con-

155 3243 375 3295 tendunt.

296 3327 385 3381 30.
423 3327 552 3381 Huic
574 3347 698 3382 vero
723 3333 1044 3402 excogitatae
1072 3333 1471 3386 adversariorum
1492 3333 1832 3387 adinventioni
1853 3351 1971 3387 con-

156 3412 425 3482 ditionique
450 3432 724 3468 consensus
757 3418 934 3470 saltem
969 3418 1109 3470 taciti
1132 3416 1389 3471 Ecclesiae
1424 3418 1686 3471 manifeste
1711 3438 1969 3490 opponun-

156 3507 234 3549 tur
259 3499 527 3570 principia,
566 3519 692 3569 quae
728 3502 1025 3557 adversariis
1063 3504 1438 3558 concinentibus
1477 3504 1873 3575 praestituimuS,
1913 3523 1972 3557 ac
