2314 3984
937 174 1593 233 —264—

348 343 435 397 scd
460 362 530 397 ex
556 343 712 397 solius
725 340 991 395 Pontificis
1015 343 1273 414 personali
1297 344 1515 416 primatu
1539 357 1687 418 atque
1705 347 2058 420 jurisdictione
2084 346 2187 400 ori-

344 430 512 501 ginem
537 429 686 483 ducit.
739 427 844 482 Sed
876 438 932 481 ut
969 429 1320 484 concludamus
1354 433 1557 488 tandem
1593 436 1744 490 hocce
1771 445 1947 508 caput,
1985 434 2186 506 rejectis

336 520 440 589 jam
466 516 695 571 omnibus
734 517 1144 572 adversariorum
1181 517 1406 590 effugiis,
1445 519 1569 575 nihil
1593 523 1738 578 debet
1762 523 2026 596 impedire,
2066 541 2187 593 quo-

346 605 508 657 minus
535 604 704 658 unitas
729 605 1029 678 praesertim
1055 605 1198 672 fidei,
1226 626 1375 677 quam
1401 607 1513 680 ipsa
1535 606 1798 674 Gallicana
1820 610 2052 666 Ecclesia
2078 630 2187 664 cum

348 691 584 746 Romana
608 693 702 747 fide
729 703 1026 748 constanter
1050 695 1319 748 tenendam
1344 696 1550 762 fatetur,
1577 696 1690 750 fidei
1716 716 1747 750 a
1772 697 2021 752 Romanis
2047 697 2186 751 Pon-

349 781 564 835 tificibus
590 782 880 854 propositae
907 801 967 837 ac
992 782 1225 837 definitae
1251 783 1450 838 ratione
1475 783 1745 856 primatuS,
1772 804 1843 839 ex
1870 787 2188 840 adversario—

350 888 458 923 rum
485 888 682 942 quoque
707 869 1068 925 catholicorum
1094 871 1336 926 doctrinis
1371 882 1422 926 et
1448 871 1765 926 confessione
1793 873 2078 927 exhibenda
2106 874 2187 927 sit.

936 1062 1355 1138 CAPUT
1430 1061 1600 1136 XV.

354 1205 722 1267 Homilai-ium,
765 1222 864 1268 quo
896 1211 1250 1263 constituitur,
1295 1208 1420 1268 quid
1458 1222 1521 1253 ex
1556 1211 1880 1270 praestitutis
1914 1211 2193 1270 principiis

348 1273 594 1325 sequatur
625 1270 680 1312 in
711 1282 774 1312 ea
805 1272 1123 1326 quaestione,
1155 1284 1281 1314 num
1314 1269 1638 1328 doqmaticae
1673 1267 2028 1314 Romanorum
2060 1268 2192 1314 Pon-

351 1326 548 1384 tificum
581 1326 901 1384 definitiones
927 1326 1055 1384 fidei
1084 1327 1386 1387 infallibiles
1414 1332 1521 1372 sint
1551 1334 1602 1372 et
1621 1326 1802 1372 haberi
1817 1327 2046 1373 debeant.
2096 1329 2193 1374 Ad-

347 1389 697 1433 versariorum
727 1385 1115 1432 incohaerentia
1145 1393 1341 1432 notata.
1391 1385 1732 1446 Antiquorum
1762 1401 1937 1432 sensus
1969 1403 2031 1433 ac
2064 1393 2194 1434 testi-

349 1450 526 1492 monia
564 1445 754 1492 Christi
771 1450 1045 1508 promissis
1076 1451 1273 1493 innioea.
1347 1445 1513 1492 Unum
1543 1447 1811 1506 neqandae
1854 1447 2194 1507 infallibilita-

352 1511 416 1553 tis
445 1507 874 1567 fundamentum,
909 1523 1007 1567 quo
1041 1509 1332 1554 adversarii
1356 1507 1550 1567 fortius
1581 1507 1958 1568 impediuntur,
1994 1525 2020 1553 e
2041 1525 2195 1570 prae-

349 1572 569 1630 sumptis
615 1568 942 1628 quorundam
984 1566 1300 1627 Pontificum
1354 1566 1613 1614 erroribus
1662 1569 1870 1614 ductum
1922 1574 2194 1623 excutitur,

1054 1635 1207 1690 atque
1240 1628 1507 1688 disjicitur.

1211 1733 1258 1801 ς.
1298 1731 1337 1783 1.

355 1853 566 1904 synopsis
597 1852 939 1903 principiorum,
984 1864 1095 1905 quae
1126 1852 1453 1904 praemisimze.s‚
1498 1855 1538 1892 et
1578 1863 1840 1904 consequens
1871 1852 2115 1902 proximum
2147 1865 2197 1892 er

352 1914 463 1964 ipsis
494 1914 683 1963 legitime
716 1913 946 1954 deductum
978 1913 1124 1966 quoad
1153 1913 1511 1964 infallibilitatem
1545 1913 1840 1954 Romanorum
1860 1911 2120 1963 Pontificum
2150 1914 2198 1953 in

357 1972 615 2024 definiendis
661 1975 965 2015 controversiis
999 1972 1125 2023 fidei.
1193 1975 1331 2021 Quam
1360 1971 1687 2014 incohaerenter
1718 1973 1956 2014 adversarii
1987 1974 2197 2014 concessis

355 2035 548 2076 laudatis
587 2035 823 2087 principiis
854 2033 1188 2086 Pontificiarum
1229 2032 1531 2084 definitionum
1574 2034 1955 2086 infallibilitatem,
2009 2046 2117 2086 quae
2149 2047 2198 2074 ex

821 2095 977 2136 iisdem
1007 2096 1198 2146 legitime
1226 2095 1447 2148 sequitur,
1479 2092 1744 2145 inficientur.
1773 2091 1788 2115 ³*

504 2196 552 2248 l.
595 2194 855 2250 Hactenus
896 2195 1143 2269 principia
1188 2194 1567 2268 proposuimus,
1612 2195 1666 2248 in
1703 2195 1877 2266 quibus
1915 2194 2198 2259 nobiscum,

358 2302 446 2337 seu
485 2284 654 2357 potius
692 2304 803 2339 cum
828 2283 1094 2339 Ecclesiae
1133 2283 1408 2338 catholicae
1446 2283 1731 2350 sententia,
1771 2303 1881 2338 cum
1907 2282 2199 2356 Scripturac

359 2391 418 2426 ac
442 2372 733 2427 traditionis
761 2393 914 2428 sensu
941 2372 1220 2429 adversarii
1254 2372 1481 2426 catholici
1509 2373 1591 2426 vel
1617 2391 1819 2437 omneS,
1857 2372 1939 2427 vel
1963 2374 2070 2426 sere
2096 2391 2201 2424 om—

359 2479 480 2525 neS,
519 2471 569 2514 et
606 2461 944 2532 sapientiores
982 2461 1303 2515 conveniunt.
1379 2458 1557 2512 Primo
1597 2459 1730 2512 enim
1771 2458 1927 2529 (Vid.
1969 2478 2076 2531 cap.
2108 2459 2199 2529 l.)

360 2546 619 2611 convenit,
658 2545 715 2599 S.
743 2547 891 2602 Petri
915 2548 1181 2620 primatum
1215 2546 1268 2598 in
1295 2545 1555 2599 Romanos
1592 2544 1869 2600 Pontifices
1896 2548 2115 2618 ejusdem
2142 2546 2198 2600 S.

360 2633 507 2688 Petri
527 2654 849 2690 successores
869 2635 1155 2701 transiisse,
1184 2652 1392 2704 eumque
1413 2653 1527 2688 esse
1547 2634 1812 2706 primatum
1828 2633 1909 2706 (V
1910 2634 1976 2687 id.
1993 2653 2101 2707 cap.
2119 2634 2202 2705 2.)

362 2742 462 2776 non
490 2723 618 2776 meri
643 2723 860 2788 ordinis,
901 2723 989 2776 sed
1013 2722 1313 2795 praecipuae
1331 2722 1728 2794 jurisdictioniS,
1768 2741 1839 2776 ex
1872 2741 1968 2793 quo
2007 2723 2202 2795 praeci-

360 2831 457 2884 pua
483 2811 606 2883 ipsis
625 2813 744 2883 jura
770 2810 1012 2883 primatus
1038 2811 1273 2884 propria,
1317 2829 1406 2865 seu
1433 2811 1598 2882 aliqua
1631 2811 1901 2883 praecipua
1917 2810 2201 2883 jurisdictio

360 2901 627 2953 tribuenda
664 2909 759 2953 est.
839 2897 1094 2954 Convenit
1139 2899 1332 2971 pariter
1378 2900 1506 2953 hunc
1538 2898 1903 2971 jurisdictionis
1938 2898 2201 2970 primatum

365 2988 512 3060 (Vid.
543 3007 586 3042 c.
615 2987 699 3057 3.)
728 2987 825 3040 soli
851 2984 908 3041 S.
932 2985 1114 3052 Petro,
1141 2986 1488 3057 Romanisque
1514 2984 1846 3038 Pontificibus
1874 2987 1978 3056 ejus
2005 3003 2203 3039 succes-

364 3078 562 3131 soribus
596 3077 671 3130 ita
704 3075 861 3129 fuisse
887 3074 1170 3147 alligatum,
1204 3084 1260 3126 ut
1287 3073 1572 3146 jurisdictio
1607 3071 1812 3144 propria
1850 3072 2090 3145 primatus
2116 3073 2203 3126 iis-

365 3167 475 3220 dem
509 3176 705 3219 tantum
743 3172 1022 3236 competat,
1060 3173 1111 3217 et
1146 3161 1429 3235 personalis
1463 3162 1686 3234 ipsorum
1725 3145 1818 3225 sit,
1859 3179 1952 3214 nec
1989 3160 2075 3213 alii
2102 3161 2202 3214 cui-

367 3254 496 3325 piam
533 3252 824 3307 communis.
891 3248 1147 3306 Convenit
1182 3250 1334 3304 etiam
1370 3249 1497 3302 hanc
1532 3248 1927 3322 jurisdictionem
1963 3249 2201 3321 primatus

366 3341 616 3413 propriam
646 3351 698 3395 et
721 3340 1039 3412 personalem
1067 3338 1214 3411 (Vid.
1243 3358 1287 3393 c.
1314 3337 1399 3410 4.)
1437 3357 1537 3390 non
1573 3339 1843 3402 humanae,
1884 3337 1970 3390 sed
2007 3336 2201 3391 divinae
2279 3367 2284 3375 ·

367 3429 696 3482 institutionis
724 3447 856 3494 esse,
884 3447 1011 3499 quae
1038 3426 1185 3500 (Vid.
1214 3446 1257 3481 c.
1286 3425 1370 3498 5.)
1410 3426 1686 3480 celebribus
1712 3423 2034 3496 Evangelicis
2060 3424 2203 3477 testi-

372 3515 552 3571 moniis
580 3516 639 3569 dc
665 3514 721 3569 S.
752 3515 909 3570 Petro
937 3516 1198 3583 innititur,
1223 3515 1275 3569 in
1303 3514 1478 3586 quibus
1506 3515 1631 3569 idem
1658 3514 1928 3587 primatuS,
1958 3530 2045 3566 scu
2072 3511 2200 3565 ratio
