2314 3984
1003 189 1656 249 ——sis—

397 356 482 410 Ad
505 355 848 431 opininionem
871 373 1067 427 quoque
1093 358 1360 413 referenda
1377 367 1512 415 fs‘unt
1531 362 1636 416 alia
1660 363 1816 416 multa
1841 380 1952 416 cum
1976 362 2030 416 in
2055 378 2251 415 sermo-

399 445 574 510 nibus,
599 454 706 496 tum
729 443 784 497 in
809 443 1072 518 rescriptis
1100 456 1328 512 asserta,
1367 449 1564 518 quando
1589 468 1692 504 non
1719 468 1967 524 expresse
1992 448 2250 515 definiunt,

397 550 490 585 nec
517 531 700 586 docent
724 531 908 604 aliquid
933 533 1265 602 credendum,
1304 535 1388 590 vel
1425 535 1756 592 damnandum
1791 557 1862 592 ex
1896 537 2008 591 fide.
2058 535 2250 591 Nonne

397 617 636 674 Clemens
661 618 732 676 V.
760 619 814 674 in
840 619 950 693 ipso
978 619 1266 677 Viennensi
1294 620 1522 679 Concilio
1558 643 1717 698 agens
1742 626 1803 680 de
1830 625 2040 698 quodam
2066 625 2247 679 effectu

394 706 633 780 baptismi
665 706 800 762 inter
826 717 1062 763 auctores
1089 710 1302 766 diversis
1329 710 1645 785 opinionibus
1678 721 2009 768 controverso
2036 713 2248 767 alteram

398 799 703 866 opinionem
740 803 1011 868 tamquam
1040 801 1471 868 probabiliorem
1510 800 1847 874 amplectenS,
1895 819 1926 853 a
1959 799 2249 854 definitione

398 883 680 938 abstinuit?
722 882 856 938 Hinc
883 884 1011 939 scite
1035 888 1263 957 profecto
1290 887 1542 943 Melchior
1568 885 1762 954 Canus,
1789 897 2052 961 postquam
2078 888 2139 942 de
2164 889 2249 942 de-

394 973 667 1026 cretalibus
703 972 906 1046 scripsit
944 972 1060 1046 (lib.
1089 975 1141 1028 5.
1181 976 1241 1030 de
1266 974 1424 1030 Locis
1460 995 1504 1030 c.
1532 978 1585 1030 5.
1623 978 1714 1031 sub
1753 975 1960 1049 finem):
2009 977 2251 1037 Quarum

391 1063 685 1114 nonnullas
722 1070 936 1115 constat
971 1084 1006 1116 a
1022 1067 1420 1133 posterioribus
1446 1067 1662 1119 meliori
1697 1067 1925 1120 consilio
1965 1068 2251 1134 refutatas,

393 1146 524 1203 hanc
549 1149 801 1203 rationem
836 1149 1071 1222 subjecit:
1121 1154 1390 1213 Quoniam
1422 1173 1530 1206 non
1571 1173 1642 1207 ex
1675 1159 1836 1225 firmo
1873 1156 2117 1215 decreto,
2154 1155 2253 1206 sed

392 1256 466 1290 ex
506 1237 833 1308 Pontificum
866 1243 1123 1308 opinione
1159 1243 1509 1310 prodierunt.
1584 1239 1712 1295 Cum
1751 1240 2032 1313 Gregorius
2057 1238 2156 1293 XI.
2196 1241 2250 1293 in

391 1332 697 1377 testamento
723 1325 1000 1380 declaravit
1025 1326 1185 1399 (apud
1208 1325 1430 1380 Dacher.
1457 1328 1512 1380 in
1535 1326 1775 1400 Spicil.):
1818 1329 2096 1390 Volumus,
2123 1329 2251 1382 dici·

392 1431 524 1473 mus,
552 1419 606 1464 et
620 1420 991 1481 protestamur
1019 1434 1092 1468 ex
1115 1421 1308 1467 nostra
1333 1422 1483 1469 certa
1510 1419 1754 1478 scientia,
1782 1418 1931 1487 quod
1954 1419 2003 1470 si
2027 1419 2082 1468 in
2117 1417 2250 1469 Con-

391 1503 629 1562 sistorio,
656 1508 750 1554 aut
774 1505 831 1554 in
856 1505 1111 1568 concilio,
1132 1505 1221 1556 vel
1244 1507 1298 1556 in
1326 1505 1676 1566 sermonibus,
1699 1506 1788 1557 vel
1799 1508 1854 1557 in
1871 1506 2252 1559 collationibus

383 1590 648 1658 publicis,
686 1591 774 1643 vel
788 1594 1054 1659 privatis,
1092 1593 1180 1643 vel
1205 1593 1363 1661 lapsu
1391 1594 1639 1663 linquae,
1678 1601 1774 1646 aut
1799 1595 1940 1646 alias
1965 1613 2037 1646 ea:
2064 1595 2252 1664 aliqua

389 1678 729 1740 turbatione,
780 1681 868 1732 vel
916 1683 1076 1732 etiam
1127 1681 1335 1732 laetitia
1386 1683 1734 1743 inordinata,
1798 1689 1891 1735 aut
1932 1685 2251 1752 praesentia

390 1767 709 1837 Magnatum
736 1767 813 1819 ad
838 1786 1023 1820 eorum
1055 1772 1298 1837 forsitan
1332 1772 1808 1840 complacentiam,
1845 1789 1939 1823 seu
1965 1790 2037 1823 ex
2063 1772 2251 1840 aliqua

389 1857 860 1924 distemperantia,
898 1858 986 1909 vel
1018 1859 1442 1920 inadvertentia,
1478 1865 1575 1911 aut
1612 1860 2012 1928 superfluitate,
2063 1859 2248 1927 aliqua

391 1945 692 1996 discerimus
729 1963 960 1997 erronea
1010 1953 1205 1998 contra
1250 1949 1413 2017 fidem
1463 1947 1818 2008 catholicam,
1867 1966 2027 2017 quam
2063 1965 2249 1998 coram

391 2032 514 2083 Deo
543 2039 595 2084 et
619 2032 944 2093 hominibuS,
984 2040 1044 2085 ut
1066 2041 1306 2087 tenemur
1323 2054 1468 2104 prae
1494 2039 1715 2097 ceteris,
1740 2039 2096 2106 profitemur,
2123 2037 2250 2087 coli-

388 2139 530 2182 mus,
558 2127 611 2172 et
634 2122 816 2173 colere
842 2125 1113 2190 cupimus,
1141 2142 1235 2176 seu
1255 2127 1497 2193 forsitan
1525 2126 1877 2178 adhaerendo
1906 2123 2247 2193 opinionibus

320 2257 322 2259 .
388 2212 681 2261 contrariis
713 2211 849 2279 fidei
886 2212 1190 2265 catholicae
1227 2216 1459 2265 scienter
1485 2216 1657 2283 (quod
1678 2234 1786 2266 non
1813 2215 2129 2276 credimus),
2166 2213 2254 2264 vel

388 2301 549 2350 etiam
574 2301 891 2368 iynoranter
919 2307 1015 2352 aut
1039 2302 1223 2358 dando
1244 2304 1494 2370 favorem
1520 2303 1788 2374 aliquibus
1807 2309 2001 2355 contra
2026 2302 2248 2354 catholi-

389 2405 506 2438 cam
532 2388 851 2457 reliyionem
877 2388 1287 2458 obloquentibus
1297 2410 1314 2452 ,·
1340 2392 1440 2443 illa
1467 2410 1727 2460 expresse
1755 2398 1806 2444 et
1830 2393 2143 2459 specialiter
2169 2409 2248 2442 re-

386 2493 667 2534 vocamus,
694 2476 1052 2537 detestamur,
1087 2484 1140 2528 et
1163 2479 1357 2530 haberi
1381 2480 1622 2531 volumus
1649 2498 1760 2546 pro
1787 2497 1896 2530 non
1924 2480 2110 2532 dictis.-
2138 2496 2247 2530 cum

389 2562 539 2626 haec,
579 2561 810 2631 inquam,
849 2562 1151 2628 declaravit,
1190 2583 1361 2619 nonne
1399 2566 1720 2639 manifestum
1754 2564 1906 2630 fecit,
1943 2584 1999 2619 se
2026 2565 2162 2636 loqui
2188 2566 2247 2619 de

387 2649 532 2702 dictis
560 2667 631 2702 ex
658 2648 913 2720 opinione,
940 2651 1022 2703 vel
1040 2652 1381 2725 subreptione,
1409 2654 1491 2708 vel
1515 2652 1806 2706 infirmitate
1827 2653 1994 2723 aliqua
2013 2654 2248 2717 humana,

385 2737 563 2808 quibus
602 2756 749 2791 error
783 2737 994 2790 subesse
1019 2749 1216 2810 potest3
1254 2759 1479 2813 quaeque
1516 2741 1726 2814 proinde
1762 2759 1874 2795 cum
1899 2760 2002 2795 non
2029 2742 2131 2795 sint
2158 2743 2247 2795 ha-

385 2827 551 2880 benda
576 2825 891 2879 definitiones
919 2826 1050 2892 fidei,
1079 2828 1123 2880 si
1150 2848 1295 2900 quem
1324 2848 1552 2884 errorem
1576 2829 1916 2897 involverent,
1935 2832 2054 2903 jure
2079 2829 2242 2902 (apud

386 2913 647 2988 Raynald.
687 2914 749 2967 ad
774 2933 858 2968 an.
891 2914 1050 2970 1334.
1089 2935 1140 2969 n.
1173 2917 1260 2972 17.
1299 2916 1421 2971 Vid.
1462 2917 1607 2991 epist.
1641 2919 1688 2971 l.
1731 2919 1951 2990 ejusdem
1986 2917 2162 2989 Papae
2187 2917 2242 2970 in

389 3000 586 3058 Concil.
616 3002 845 3073 collect.)
873 3004 1173 3059 revocavit?
1226 3004 1317 3058 Uti
1353 3006 1473 3059 fecit
1510 3006 1662 3060 etiam
1687 3005 1917 3060 Joannes
1942 3003 2120 3058 XXII.
2159 3006 2242 3075 qui

383 3103 655 3166 propterea
701 3091 870 3146 omnia
905 3092 1126 3164 ejusdem
1162 3093 1368 3166 generis
1408 3093 1596 3165 judicio
1631 3091 1895 3148 Ecclesiae
1943 3113 2002 3148 ac
2039 3112 2241 3149 suorum

385 3200 738 3236 successorrun
764 3181 993 3253 subjecit.
1033 3180 1177 3236 Haec
1203 3182 1428 3256 profecto
1455 3181 1746 3236 testimonia
1772 3201 2040 3256 perperam
2066 3182 2243 3235 obtru-

384 3269 627 3324 derentur
654 3270 716 3323 ad
742 3270 1079 3336 statuendum,
1108 3289 1197 3324 eos
1225 3269 1496 3325 credidisse
1522 3270 1687 3324 errori
1715 3270 1969 3324 obnoxias
1995 3268 2243 3324 definitio-

386 3376 479 3411 nes
505 3358 643 3423 fidei,
682 3377 792 3411 cum
829 3359 991 3412 solum
1026 3360 1270 3432 probent,
1311 3377 1413 3411 non
1452 3359 1646 3424 omnia,
1688 3378 1816 3430 quae
1856 3378 1885 3412 a
1910 3357 2240 3413 Pontificibus

386 3455 633 3518 aguntur,
670 3446 928 3513 dicuntur,
967 3448 1048 3502 vel
1079 3448 1395 3511 scribuntur,
1435 3447 1497 3500 ad
1522 3447 1636 3502 fidei
1673 3449 1877 3502 decreta
1911 3447 2120 3508 debere,
2157 3455 2242 3499 aut

386 3552 535 3606 posse
563 3533 764 3588 referri.
804 3535 935 3589 Hinc
962 3537 1262 3609 superfluum
1293 3536 1606 3607 agnoscitur,
1636 3536 1735 3590 alia
1761 3537 1917 3590 multa
1942 3535 2141 3608 objecta
2168 3552 2239 3587 ex
