2320 3990
651 220 1301 277 —-111-—-

78 394 314 466 Ebepist.
342 390 456 447 m:
507 391 626 443 Una
650 397 728 444 est
751 390 996 441 Ecclesia
1022 407 1057 440 a
1089 387 1302 442 Christo
1326 386 1564 440 Domino
1601 396 1761 454 super
1791 387 1890 439 Pe·

75 490 215 535 trum
245 481 453 548 oriyine
487 479 707 531 unitatis
734 484 784 528 et
809 478 1019 528 ratione
1051 476 1305 542 fundata.
1354 469 1426 524 Et
1459 470 1605 543 epist.
1633 469 1748 526 73.=
1790 471 1888 524 Pe-

77 575 216 626 trus,
264 583 426 634 super
463 582 616 633 quem
654 563 915 615 Dominus
952 562 1255 629 aedificavit
1290 561 1614 620 Ecclesiam,
1663 564 1718 610 et
1748 558 1888 610 unde

74 654 289 706 unitatis
314 652 574 719 oriyinem
610 651 851 703 instituit.
901 644 973 700 Et
1006 645 1059 698 in
1094 645 1222 697 libro
1248 645 1335 697 De
1359 648 1563 698 unitate
1590 644 1886 699 Ecclesiae:

88 738 314 791 Unitatis
353 739 612 805 oriyinem
642 737 708 789 ab
742 753 848 788 uno
886 730 1044 786 Petro
1082 729 1170 802 (de
1204 749 1300 800 quo
1338 739 1607 784 contextus
1643 730 1889 802 loquitur)

77 827 408 892 incipientem
435 841 532 874 sua
557 823 872 875 auctoritate
897 820 1177 887 disposuit.
1215 813 1274 869 Si
1294 827 1458 870 autem
1485 815 1755 870 catholicae
1780 816 1891 868 uni-

80 910 199 963 tatis
225 910 369 980 origo
406 909 471 960 ab
507 926 613 960 uno
638 904 797 959 Petro
834 913 937 969 est3
978 902 1298 974 praecipuam
1335 922 1458 974 ergo
1493 911 1543 955 et
1578 904 1890 974 personalem

79 996 176 1049 vim
202 994 408 1049 unitatis
432 991 718 1049 formandae
743 990 900 1043 eidem
926 987 1086 1044 Petro
1112 989 1346 1042 traditam
1373 1008 1404 1041 a
1430 986 1635 1042 Christo
1663 988 1721 1042 S.
1749 988 1893 1042 Mar-

81 1091 164 1153 tyr
191 1080 414 1151 agnovit,
439 1095 542 1131 non
563 1095 686 1132 vero
711 1094 900 1130 meram
924 1075 1024 1131 vim
1051 1077 1156 1146 ejus
1182 1074 1390 1127 unitatis
1414 1077 1888 1144 repraesentandae.

78 1164 222 1234 Quod
246 1164 290 1218 si
314 1165 367 1217 in
392 1163 564 1217 eodem
588 1161 715 1215 libro
743 1163 865 1216 haec
889 1161 968 1215 vis
992 1170 1187 1214 tantum
1211 1159 1418 1212 unitatis
1436 1163 1892 1230 repraesentandae

79 1250 233 1305 Petro
259 1250 454 1304 videtur
481 1249 745 1314 attributa,
784 1266 893 1303 cum
919 1247 1180 1312 scribitur,
1219 1255 1277 1300 ut
1310 1249 1564 1299 unitatem
1589 1252 1893 1317 manifesta-

78 1346 187 1398 ret,
219 1337 300 1391 vel
334 1344 393 1390 ut
418 1337 663 1388 Ecclesia
697 1335 898 1388 Christi
931 1353 1037 1387 una
1063 1340 1382 1386 monstretur
1394 1352 1411 1393 ,·
1446 1350 1548 1384 non
1581 1332 1691 1385 ideo
1725 1343 1893 1387 tamen

81 1426 200 1477 haec
237 1442 266 1476 a
299 1421 647 1492 vi·praecipua
682 1418 828 1472 Petri
860 1418 1067 1472 unitatis
1109 1419 1263 1490 ipsius
1301 1417 1546 1487 originem
1590 1418 1892 1472 continentis

80 1519 226 1578 atque
251 1506 512 1562 formantis
538 1506 852 1578 disjungitur.
890 1503 976 1558 Sic
1003 1504 1134 1559 enim
1158 1505 1358 1575 integer
1382 1514 1558 1557 textus
1579 1503 1725 1558 habet
1745 1506 1894 1559 etiam

78 1612 147 1646 cx
179 1592 392 1646 editione
418 1591 703 1646 Oxoniensi
739 1602 788 1646 et
812 1591 1118 1656 Baluziana‚
1157 1591 1240 1644 ubi
1276 1591 1515 1643 nonnulla
1550 1610 1640 1662 pro
1678 1592 1894 1663 primatu

79 1677 222 1732 Petri
245 1677 362 1729 olim
385 1677 617 1746 vulgata,
657 1695 726 1730 ex
759 1678 1110 1730 nonnullorum
1145 1677 1366 1729 codicum
1402 1677 1616 1729 lectione
1642 1689 1894 1748 expuncta

77 1767 291 1818 fuerunt.
353 1764 599 1823 Quamvis
626 1761 899 1834 Apostolis
918 1770 1049 1832 post
1071 1766 1512 1815 resurrectionem
1538 1782 1686 1815 suam
1705 1783 1897 1833 parem

74 1857 386 1920 potestatem
419 1851 640 1910 tribuat,
669 1889 682 1901 .
714 1889 725 1901 .
847 1889 859 1900 .
900 1857 1071 1903 tamen
1117 1857 1175 1902 ut
1215 1853 1469 1902 unitatem
1511 1853 1896 1918 manifestaret,

81 1939 295 1990 unitatis
322 1937 549 2007 ejusdem
578 1939 835 2005 oriyinem
862 1937 926 1988 ab
955 1957 1059 1990 uno
1087 1939 1424 2006 incipientem
1458 1956 1553 1989 sua
1581 1941 1898 1990 auctoritate

81 2025 358 2091 disposuit.
435 2022 558 2073 Hoc
597 2029 750 2073 erant
784 2026 962 2092 utique
1002 2031 1053 2075 et
1087 2027 1253 2075 ceteri
1290 2021 1562 2092 Apostoli,
1608 2027 1755 2093 quod
1788 2027 1902 2092 fuit

86 2109 303 2169 Petrus,
334 2110 467 2175 pari
501 2111 770 2158 consortio
799 2111 1041 2174 praediti
1074 2115 1126 2160 et
1149 2109 1368 2160 honoris
1396 2117 1445 2160 et
1464 2114 1778 2176 potestatis3
1804 2115 1901 2163 secl

84 2195 364 2244 exordium
402 2193 466 2242 ab
502 2195 702 2244 unitate
732 2197 1126 2262 proficiscitur,
1172 2201 1231 2244 ut
1269 2194 1513 2245 Ecclesia
1557 2196 1760 2247 Christi
1791 2216 1900 2249 una

87 2285 420 2330 monstretur.
471 2274 618 2329 Petri
654 2277 916 2348 primatum
952 2278 1064 2330 hinc
1100 2278 1261 2332 everti
1294 2277 1337 2330 F
1344 2279 1448 2331 elus
1487 2288 1536 2331 et
1561 2277 1735 2333 Simon
1762 2280 1899 2335 Gou-

88 2363 262 2416 lartius
289 2361 618 2428 contendunt,
658 2381 718 2418 eo
758 2364 887 2433 quod
910 2363 1146 2435 Apostoli
1172 2362 1229 2417 S.
1257 2363 1415 2418 Petro
1443 2373 1712 2434 potestate
1732 2388 1898 2436 pares

83 2449 324 2502 dicantur.
376 2445 477 2502 Sed
503 2467 603 2502 non
629 2451 962 2504 observarunt
986 2469 1137 2521 pares
1162 2451 1258 2504 dici
1282 2469 1453 2503 omnes
1481 2462 1696 2523 excepta
1721 2453 1772 2505 vi
1799 2472 1897 2506 non

85 2535 243 2586 solum
276 2537 756 2604 repraesentandae,
794 2537 882 2590 sed
917 2540 1284 2591 exordiendae
1310 2537 1632 2610 praesertim,
1673 2557 1762 2591 seu
1798 2542 1900 2592 for-

87 2620 293 2671 mandae
325 2620 558 2686 unitatiS‚
605 2641 730 2691 quae
766 2621 853 2674 uni
889 2621 1047 2675 Petro
1085 2624 1344 2677 asseritur.
1419 2623 1562 2676 Hanc
1601 2634 1764 2678 autem
1800 2627 1900 2679 vim

87 2704 198 2756 aliis
222 2704 275 2756 in
300 2705 422 2759 locis
458 2723 486 2756 a
512 2703 569 2757 S.
596 2704 830 2778 Martyre
862 2720 1154 2763 constanter
1188 2719 1239 2762 et
1264 2710 1561 2762 luculentius
1587 2729 1899 2781 expressam„

89 2806 157 2840 ex
183 2789 336 2859 ipsius
370 2798 536 2843 mente
569 2791 669 2844 vim
702 2810 815 2845 esse
850 2795 1089 2863 primatus
1122 2793 1373 2864 propriam
1405 2803 1554 2860 atque
1591 2796 1900 2866 praecipuam

89 2873 312 2926 dubitare
345 2892 446 2927 non
482 2875 626 2939 licet,
679 2894 790 2929 cum
826 2878 1126 2948 praesertim
1160 2879 1269 2931 loco
1305 2877 1502 2930 laudato
1541 2896 1610 2930 ex
1636 2880 1780 2950 epist.
1811 2882 1898 2933 55.

90 2957 233 3012 Petri
258 2959 542 3013 cathedram
568 2964 843 3015 ecclesiam
862 2964 1226 3033 principalem
1251 2963 1480 3028 affirmet,
1507 2981 1576 3016 ex
1603 2983 1698 3034 qua
1724 2971 1900 3019 imitas

89 3048 438 3098 sacerdotalis
472 3055 666 3102 exorta
702 3056 806 3101 est.-
853 3068 980 3119 quae
1017 3051 1175 3104 verba
1207 3049 1416 3101 unitatis
1461 3051 1564 3120 ejus
1610 3052 1900 3105 formandae

92 3130 190 3181 vim
206 3134 631 3200 principalitatis
656 3134 810 3205 ipsius
837 3135 1102 3189 cathedrae
1127 3134 1376 3206 propriam
1413 3144 1560 3205 atque
1585 3138 1900 3209 praecipuam

92 3214 387 3283 significant.

236 3300 320 3354 10.
361 3298 616 3367 Quomodo
643 3314 807 3360 autem
817 3305 1023 3371 Petrus,
1051 3316 1101 3359 et
1126 3307 1296 3359 eodem
1313 3308 1428 3377 jure
1452 3325 1770 3363 successores
1795 3311 1899 3380 ejus

92 3383 306 3438 Romani
331 3384 604 3442 Pontifices
638 3389 740 3444 sint
776 3390 1047 3445 catholicae
1082 3390 1287 3444 unitatis
1314 3392 1457 3463 origo
1473 3432 1487 3459 ,
1524 3398 1729 3464 eamque
1754 3414 1901 3467 prae·

94 3467 232 3538 cipua
258 3470 305 3523 vi
331 3473 544 3525 forment
571 3473 621 3526 in
648 3482 753 3528 tota
779 3474 1004 3530 Ecclesia
1033 3486 1180 3545 atque
1207 3489 1524 3544 conservent,
1552 3480 1762 3549 intelligi
1789 3490 1902 3552 pot-
