2320 3990
968 192 1587 250 *go-...-

353 381 507 436 supra
534 360 731 419 Christi
755 361 926 427 fidem,
965 379 1115 433 quam
1139 360 1383 435 Apostoli
1405 365 1776 437 praedicarunt.
1831 360 1966 432 Quid
1991 382 2116 419 vero
2144 364 2210 418 sit

355 451 473 504 illud
497 450 753 524 peculiare
779 467 839 503 ac
864 448 1124 522 proprium
1150 449 1544 522 praedicationis
1568 450 1627 512 S.
1644 450 1811 516 Petri,
1838 471 1908 506 ex
1936 471 2034 524 quo
2061 470 2210 526 prae-

355 539 499 611 cipua
525 547 576 591 et
601 537 808 611 propria
845 537 1094 610 primatus
1132 540 1242 611 ejus
1267 537 1346 594 vis
1373 557 1432 593 ac
1460 537 1792 595 ratio-deduci
1819 551 1996 612 queat,
2037 540 2210 594 lauda-

355 636 557 697 tumque
568 623 937 699 Evangelicum
964 636 1167 680 textum
1195 627 1256 680 ad
1281 626 1549 699 primatum
1575 625 1733 698 ipsius
1757 629 2076 702 personalem
2095 629 2210 700 jure

351 714 535 768 referri
561 715 938 769 demonstretur
953 755 967 781 ,
995 716 1196 788 planum
1222 714 1308 768 fiet
1334 732 1404 767 ex
1431 713 1654 768 dicendis
1679 733 1815 769 num.
1841 717 1933 772 49.

495 803 585 858 47.
625 801 835 857 Interim
862 823 933 858 ex
958 803 1202 858 hactenus
1229 802 1374 856 dictis
1399 803 1545 876 facile
1571 802 1845 876 intelligeS‚
1871 805 2016 860 fidem
2042 804 2209 870 Petri,

352 909 480 962 quae
506 887 772 946 Ecclesiae
809 891 1024 947 visibilis
1062 893 1439 947 fimdamentum
1468 901 1574 958 est,
1613 892 1743 946 haud
1777 911 1893 949 esse
1930 894 2076 947 fidem
2102 895 2210 966 ejus

353 980 607 1034 internam
635 990 687 1034 et
712 980 1040 1047 invisibilem,
1081 981 1170 1036 sed
1209 991 1479 1035 externam
1497 1020 1511 1046 ,
1546 980 1620 1033 uti
1648 981 1893 1048 diximus,
1932 981 2211 1055 professio-

351 1086 466 1122 nem
493 1067 607 1121 fidei
623 1108 636 1134 ,
665 1087 758 1122 nec
786 1069 1097 1142 singularem
1123 1070 1320 1140 quidem
1345 1069 1506 1135 illam,
1546 1088 1645 1141 qua
1670 1069 1800 1123 idem
1826 1069 2106 1142 Apostolus
2133 1069 2211 1122 in-

355 1166 644 1229 terrogatus
673 1176 703 1211 a
731 1154 970 1226 Christo,
1009 1158 1173 1232 ipsum
1198 1156 1299 1211 Dei
1333 1156 1437 1212 vivi
1461 1154 1647 1211 Filium
1685 1158 1948 1212 confessus
1975 1167 2082 1223 est,
2123 1158 2209 1210 sed

350 1244 515 1311 illam,
552 1265 653 1316 qua
678 1256 840 1300 totam
868 1244 1066 1301 Christi
1093 1257 1144 1301 et
1170 1246 1283 1300 fidei
1309 1246 1591 1300 doctrinam
1618 1247 1670 1299 in
1699 1246 2008 1301 aedificanda
2032 1243 2212 1299 Eccle-

351 1332 428 1384 sia
454 1332 793 1404 praedicavit:
829 1352 993 1403 neque
1031 1334 1165 1387 enim
1203 1352 1293 1405 per
1318 1333 1454 1386 illam
1481 1335 1696 1406 primam
1722 1335 1782 1388 de
1810 1332 2005 1388 Christi
2032 1334 2211 1387 divini-

353 1430 458 1474 tate
483 1420 854 1493 professionem
879 1418 1117 1474 Ecclesia
1154 1420 1422 1475 aedificata
1458 1420 1579 1487 fuit,
1617 1421 1705 1474 sed
1741 1420 1918 1475 deinde
1951 1420 2209 1493 praedica-

350 1508 491 1562 tione
517 1508 658 1575 fidei,
698 1528 797 1580 qua
833 1518 949 1581 post
975 1507 1199 1582 Spiritus
1228 1506 1409 1563 Sancti
1447 1510 1717 1565 adventum
1749 1509 1872 1563 fides
1902 1506 2097 1563 Christi
2123 1528 2211 1582 po-

351 1597 450 1651 sita
477 1607 556 1651 est
580 1596 654 1650 uti
679 1598 1058 1651 fundamentum
1083 1597 1366 1653 Ecclesiae.
1445 1596 1614 1651 Porro
1643 1617 1753 1651 cuin
1778 1597 1831 1649 in
1859 1597 2100 1668 ejusmodi
2129 1617 2212 1651 ae-

351 1686 686 1740 dificationem
712 1686 1024 1758 praedicavit
1049 1686 1240 1741 Petrus
1269 1683 1465 1740 Christi
1491 1685 1664 1752 fidem,
1701 1704 1803 1738 non
1828 1704 1981 1738 unum
2005 1685 2125 1738 illud
2151 1686 2211 1738 de

353 1774 614 1829 divinitate
654 1776 764 1847 ejus
799 1775 981 1846 dogma
1007 1774 1346 1848 praedicavit,
1388 1774 1476 1828 sed
1501 1783 1660 1827 totam
1689 1772 1886 1829 Christi
1913 1773 2211 1839 doctrinam,

351 1882 481 1933 quae
507 1863 560 1916 in
588 1861 785 1917 Christi
810 1863 904 1917 fide
932 1864 1249 1930 continetur,
1289 1874 1340 1917 et
1372 1862 1599 1916 fidelibus
1639 1861 1936 1915 necessaria
1963 1871 2058 1915 est.
2111 1861 2212 1935 Ita-

351 1972 447 2022 que
475 1953 598 2007 haec
623 1962 731 2005 tota
748 1993 761 2018 ,
802 1952 855 2005 in
883 1973 982 2023 qua
1006 1952 1271 2008 Ecclesiae
1299 1951 1579 2006 aedificatio
1609 1950 1861 2022 assurgit,
1897 1959 2092 2020 petrae
2120 1970 2212 2004 no-

351 2041 486 2095 mine
513 2041 797 2113 significata
832 2041 1052 2114 intelligi
1091 2042 1255 2095 debet.
1309 2039 1442 2093 Hinc
1477 2058 1601 2092 sane
1637 2039 1806 2112 plures
1834 2040 1996 2092 sancti
2022 2038 2212 2094 Patres

352 2130 539 2181 laudati
578 2148 628 2181 n.
662 2129 746 2183 13.
777 2139 828 2182 et
859 2129 942 2181 14.
998 2131 1158 2182 Fidei
1177 2131 1617 2199 fundamentum,
1648 2134 1865 2195 petram
1885 2131 2048 2198 fidei,
2080 2132 2215 2199 fidei

351 2219 683 2279 columnam,
718 2218 801 2271 vel
829 2217 979 2271 etiam
1008 2219 1314 2271 catholicae
1334 2219 1470 2288 fidei
1491 2223 1706 2284 petram
1732 2212 1788 2267 S.
1820 2212 2031 2269 Petrum
2058 2228 2214 2289 gene-

355 2305 500 2358 ratim
529 2306 809 2378 appellant,
854 2326 983 2378 quae
1011 2307 1258 2360 formulae
1284 2323 1387 2358 non
1414 2303 1565 2355 unius
1594 2302 1818 2369 articuli,
1858 2305 1945 2357 sed
1972 2305 2213 2360 universa

352 2394 463 2447 fidei
491 2395 730 2465 dogmata
756 2396 1201 2469 comprehendunt.
1256 2392 1403 2461 Quod
1430 2391 1474 2444 si
1501 2390 1692 2460 aliquot
1726 2391 1918 2461 antiqui
1944 2393 2214 2465 specialem

351 2483 459 2552 ejus
487 2481 627 2546 fidei,
657 2501 754 2552 qua
782 2480 1044 2536 Christum
1069 2482 1168 2536 Dei
1194 2479 1382 2534 Filium
1409 2478 1600 2532 Petrus
1641 2481 1904 2532 confessus
1933 2490 2034 2546 est,
2074 2500 2214 2534 men-

350 2569 540 2622 tionem
567 2569 824 2637 fecerunt3
854 2571 900 2624 id
928 2572 1184 2636 fecerunt,
1211 2579 1487 2643 propterea
1513 2566 1645 2637 quod
1672 2576 1852 2620 contra
1879 2585 1967 2620 eos
1997 2567 2213 2621 haereti-

351 2675 438 2709 cos
477 2667 722 2728 agerent,
757 2659 843 2730 qui
870 2656 1066 2714 Christi
1100 2657 1415 2712 divinitatem
1454 2654 1834 2727 impugnabant.
1898 2653 2101 2727 Negari
2136 2666 2215 2728 taff

351 2764 466 2798 men
494 2746 696 2816 nequit,
725 2747 847 2817 quin
875 2748 999 2800 haec
1025 2745 1349 2820 particularis
1378 2742 1630 2798 confessio
1659 2743 1845 2797 ceteris
1873 2743 2210 2814 dogmatibus,

351 2853 479 2904 quae
509 2831 748 2888 Christus
775 2835 1008 2902 tradidit,
1047 2835 1427 2888 fundamentum
1452 2830 1613 2886 Petro
1652 2831 1834 2898 fuerit,
1871 2841 1925 2884 ut
1960 2831 2096 2886 omni
2124 2833 2212 2884 ob-

351 2922 524 2992 sequio
565 2924 798 2977 crederet
834 2942 1177 2996 quaecumque
1215 2923 1275 2976 de
1313 2921 1398 2974 illo
1436 2919 1652 2984 audivit,
1694 2938 1839 2988 quem
1866 2917 2027 2971 Patre
2067 2938 2212 2973 reve-

353 3011 491 3064 lante
529 3009 629 3064 Dei
662 3009 849 3066 Filium
884 3012 1232 3086 profitebatur.
1285 3008 1361 3060 At
1400 3007 1532 3060 sicut
1566 3023 1668 3058 non
1705 3023 1766 3058 ea
1799 3023 1902 3058 una
1937 3005 2212 3077 singularis

353 3098 475 3152 fides
500 3099 837 3171 praedicanda
862 3098 957 3152 fuit
983 3097 1037 3151 in
1066 3095 1465 3152 aedificationem
1483 3092 1779 3159 Ecclesiae,
1809 3092 1880 3146 ita
1900 3113 2002 3147 non
2026 3113 2086 3148 ea
2111 3113 2213 3148 una

354 3187 731 3242 fundamentum
765 3185 1030 3242 Ecclesiae
1066 3184 1295 3239 habenda
1330 3193 1426 3237 est.
1483 3179 1657 3250 Quare
1696 3178 1917 3235 Sanctus
1943 3181 2087 3250 Le0,
2127 3183 2211 3255 qui

354 3294 414 3328 ea
434 3276 680 3347 singulari
697 3275 1019 3331 confessione
1038 3282 1392 3348 praeparatum
1411 3270 1772 3342 quodammodo
1793 3270 1958 3324 innuit
1969 3267 2213 3324 Sanctum

355 3361 566 3417 Petrum
607 3365 667 3416 ad
705 3365 859 3418 totius
896 3363 1010 3418 fidei
1045 3360 1501 3436 praedicationem,
1539 3367 1594 3410 ut
1627 3357 1863 3410 nimirum
1902 3359 1962 3412 de
2000 3355 2213 3412 Christo

357 3454 591 3506 disceret
617 3472 754 3524 quae
781 3457 1002 3507 doceret
1028 3450 1224 3526 (Serm.
1252 3447 1343 3503 62.
1374 3447 1439 3500 al.
1468 3446 1557 3501 60.
1588 3465 1639 3499 n.
1670 3445 1787 3515 2.);
1826 3464 1951 3499 mox
1977 3446 2106 3498 hanc
2132 3454 2211 3498 to-

353 3539 454 3594 tius
482 3540 594 3595 fidei
620 3540 1075 3614 praedicationem,
1115 3555 1244 3611 quae
1270 3545 1379 3590 tota
1414 3545 1464 3589 et
1491 3534 1693 3607 integra
1732 3543 1810 3588 est
1845 3533 1967 3587 fides
1996 3530 2210 3597 Christi,
