2314 3984
988 175 1718 240 ——396--'

451 354 590 404 gatus.
620 351 665 394 4.
697 352 744 395 V.
775 349 1013 395 Primatus.
1063 352 1216 394 Unitas
1234 363 1327 394 cum
1346 352 1540 396 Romana
1566 355 1671 398 sede
1703 357 1764 398 uti
1797 369 1891 401 cum
1920 360 2062 414 capite
2092 360 2248 405 debita.

454 412 556 455 1⁵9.
587 413 631 452 in
661 414 778 455 nota.
809 412 858 455 V.
901 411 1072 454 Unitas.

388 473 620 514 Romanam
650 471 775 512 tidem
806 483 888 525 quo
921 484 1048 513 sensu
1078 473 1120 513 in
1140 476 1235 514 toto
1253 473 1406 515 mundo
1427 476 1718 520 annuntiatam
1738 478 1896 521 dixerit
1918 481 1966 524 S.
1985 480 2155 526 Paulus.
2173 483 2248 525 85.

389 533 567 574 Romani
599 532 829 573 Pontifices
859 545 1131 574 successores
1163 535 1309 575 Sancti
1341 535 1475 584 Petri,
1507 539 1551 577 et
1582 538 1782 590 primatus
1812 541 1947 593 ipsius
1977 541 2170 583 heredes.
2203 544 2246 583 4.

449 594 493 635 6.
554 593 668 633 Dicti
698 593 859 635 vicarii
888 593 1010 635 Petri
1021 626 1033 646 ‚
1065 593 1180 635 idest
1207 607 1499 644 successores,
1540 596 1631 637 sine
1661 601 1921 651 praejudicio
1955 602 2168 654 primatus.
2203 604 2246 642 5.

450 653 699 706 Scripturae
729 665 898 702 sacrae,
938 667 990 694 ac
1020 654 1264 696 traditionis
1294 657 1539 698 testimonia
1579 657 1634 697 de
1665 659 1792 700 Petro
1833 663 1998 702 ratione
2030 663 2248 714 primatus,

450 713 600 754 eodem
632 726 759 755 sensu
791 715 844 754 de
875 715 1078 756 Romanis
1110 716 1389 757 Pontificibus
1421 717 1685 770 accipienda.
1718 721 1760 762 6.
1824 722 2106 762 Romanorum
2141 724 2247 763 Pon-

447 773 609 814 tificum
641 775 886 815 testimonia
917 775 972 816 de
1002 788 1104 816 suae
1135 777 1275 826 sedis,
1310 789 1383 818 seu
1416 777 1470 816 de
1501 780 1706 830 primatus
1737 783 2048 833 praerogativis
2080 795 2163 823 non
2195 795 2246 823 ex

402 835 407 840 '
448 847 499 876 eo
530 835 689 876 minimi
721 835 935 885 habenda,
965 837 1077 889 quod
1109 837 1162 878 de
1192 851 1240 879 se
1270 841 1506 887 testantur,
1540 843 1587 879 ut
1615 840 1845 881 Bossuetus
1875 843 2049 882 monuit.
2084 844 2184 886 102.

386 896 670 938 Romanorum
702 897 954 937 Pontificum
985 899 1225 947 successio,
1268 902 1396 951 atque
1436 900 1657 952 catalogus
1699 913 1772 941 cur
1812 903 2076 954 potissimum
2117 915 2143 942 a
2174 916 2246 956 pa-

446 956 583 997 tribus
615 957 806 1009 objectus
835 958 1087 1009 haereticis,
1129 962 1255 1011 atque
1296 959 1590 1001 schismaticis.
1625 961 1727 1004 150.
1791 963 1895 1003 Eam
1936 964 2246 1004 successionem

447 1018 592 1070 quanti
626 1018 882 1070 Augustinus
914 1018 1079 1060 fecerit.
1115 1020 1217 1063 154.
1253 1021 1354 1063 155.

383 1079 572 1119 Romano
615 1078 824 1120 Pontifice
862 1083 1038 1120 mortuo-
1078 1093 1129 1121 ac
1173 1081 1276 1122 sede
1318 1084 1497 1122 vacante
1540 1083 1746 1134 quatenus
1786 1086 2031 1136 permaneat
2072 1083 2246 1124 unitatis

444 1139 679 1180 catholicae
713 1142 914 1181 centrum.
947 1141 1052 1184 289.

384 1262 430 1301 s.
462 1237 626 1303 Sabas
656 1259 910 1303 vindicatus.
942 1259 1047 1302 343.

384 1320 770 1360 Sacramentarium
802 1323 925 1359 vetus
955 1321 1170 1360 Romanae
1200 1319 1423 1360 Ecclesiae
1455 1321 1683 1362 laudatum.
1714 1323 1819 1363 207.
1850 1322 1956 1363 208.
1987 1323 2092 1363 272.

385 1381 616 1421 Salmasius
648 1380 862 1420 Claudius.
895 1382 938 1419 8.
972 1381 1031 1420 ibi
1066 1381 1107 1420 in
1140 1383 1258 1419 nota.
1291 1380 1366 1420 33.
1399 1382 1473 1420 50.
1511 1381 1611 1425 107.
2141 1375 2144 1378 ’

385 1443 565 1493 Satyrus
598 1442 642 1480 S.
676 1441 884 1481 Ambrosii
917 1441 1049 1481 frater
1080 1441 1289 1484 laudatus.
1324 1441 1427 1481 128.

384 1502 654 1543 Schismatici
685 1502 855 1554 proprie
887 1501 990 1541 dicti
1025 1501 1192 1554 quinam
1222 1502 1324 1544 sint.
1356 1501 1462 1542 335.

382 1563 574 1604 Schisma
605 1562 811 1602 unitatem
845 1563 1038 1603 caritatis
1071 1566 1115 1602 et
1149 1563 1449 1602 communionis
1481 1562 1593 1603 tollit
1626 1562 1701 1602 51.
1764 1562 1982 1608 Quodnam
2014 1563 2070 1604 sit
2101 1576 2245 1604 verum

443 1624 624 1664 schisma
664 1635 869 1675 separans
907 1624 960 1663 ab
1004 1623 1217 1664 Ecclesia.
1258 1624 1335 1663 56.
1368 1623 1470 1666 125.
1533 1623 1675 1663 Inanis
1716 1635 1856 1663 eorum
1891 1626 2130 1673 excusatio,
2174 1626 2243 1677 qui

444 1685 590 1725 dicunt
622 1697 668 1724 se
700 1696 782 1724 non
816 1697 1036 1737 separasse
1068 1684 1121 1724 ab
1153 1683 1378 1724 Ecclesiae
1410 1684 1587 1726 unitate.
1621 1684 1726 1723 338.

384 1746 607 1786 Sozomeni
650 1748 794 1785 textus
840 1745 892 1785 de
934 1757 1061 1785 causa
1092 1744 1400 1784 Macedoniana
1433 1745 1596 1796 jndicio
1629 1745 1844 1790 Romanae
1874 1745 1989 1784 sedis
2020 1746 2244 1785 terminata

443 1807 496 1846 ad
530 1808 773 1854 Damasum,
808 1818 892 1845 non
924 1818 1026 1846 vero
1060 1805 1114 1844 ad
1144 1806 1358 1846 Liberium
1390 1804 1650 1845 referendus.
1685 1806 1787 1845 132.
1820 1806 1863 1845 in
1896 1810 2012 1845 nota.

381 1868 425 1907 S.
459 1867 699 1919 Stephanus
731 1868 762 1906 Ι.
795 1867 912 1918 Papa
944 1867 986 1905 in
1021 1867 1269 1917 quaestione
1311 1866 1364 1906 de
1397 1866 1603 1918 baptismo
1639 1866 1919 1917 dogmaticam
1953 1865 2240 1906 definitionem

442 1940 525 1968 non
558 1927 705 1967 edidit.
740 1928 841 1967 119.
878 1928 977 1967 120.
1014 1926 1118 1967 166.
1152 1930 1194 1967 et
1225 1939 1341 1978 seqq.
1405 1926 1498 1967 Nec
1530 1927 1732 1974 Asianos,
1766 1939 1845 1966 nec
1875 1927 2118 1974 Africanos,
2152 1939 2243 1966 cum

443 1990 592 2042 quibus
624 1988 771 2028 habuit
804 1988 1116 2039 quaestionem,
1161 1987 1378 2039 separavit
1408 1988 1460 2026 ab
1492 1988 1674 2034 unitate,
1718 1988 1792 2027 sed
1823 1988 1956 2027 minas
1987 1990 2151 2027 tantum
2181 1988 2242 2027 in-

442 2050 595 2089 tendit.
630 2050 732 2088 167.
803 2049 923 2087 Haec
966 2047 1121 2099 agendi
1166 2047 1412 2087 oeconomia
1455 2048 1708 2087 vindicatur.
1743 2048 1845 2088 172.
1886 2049 1929 2087 in
1961 2051 2075 2087 nota.
2139 2049 2242 2088 Cum

441 2110 691 2163 praesertim
723 2121 769 2148 re
801 2109 982 2149 nondum
1015 2108 1214 2156 definita,
1248 2108 1522 2160 sequentibus
1553 2108 1755 2161 Cypriani
1795 2108 2047 2148 sententiam
2089 2109 2243 2148 nullum

440 2172 669 2211 animarum
701 2170 930 2222 periculum
963 2169 1182 2209 imminuit.
1215 2169 1290 2208 ibi.

379 2232 584 2284 Stephani
615 2232 666 2270 II.
702 2242 944 2283 responsum
977 2231 1169 2270 incertae
1206 2229 1329 2277 fidei,
1360 2229 1426 2269 vel
1461 2229 1585 2269 etiam
1615 2229 1933 2282 supposititium
1965 2228 2069 2268 nihil
2101 2231 2245 2280 potest

439 2292 762 2333 movere-320.

379 2353 584 2406 Stephani
616 2354 817 2392 Larissae
849 2351 1053 2404 Episcopi
1087 2352 1218 2390 locus.
1250 2351 1358 2390 213.

379 2417 575 2468 Systema
606 2413 911 2465 Theologicum
944 2412 1109 2465 quando
1144 2414 1303 2451 certum
1338 2414 1380 2451 et
1413 2410 1740 2452 demonstratum
1774 2409 1858 2450 dici
1891 2409 2042 2462 possit.
2075 2409 2180 2448 221.

377 2511 673 2574 'theodoreti
697 2533 813 2572 locus
834 2533 885 2572 de
907 2531 1084 2583 Saporis
1109 2529 1274 2581 Judicio
1308 2530 1351 2569 in
1385 2529 1645 2570 Antiocheno
1680 2529 1871 2568 dissidio.
1907 2527 2008 2567 134.
2041 2528 2112 2566 ubi
2147 2526 2240 2566 loco

437 2593 691 2646 Apollinaris
735 2604 819 2632 non
863 2595 928 2631 est
970 2589 1287 2630 substituendus
1316 2590 1469 2631 Vitalis
1502 2589 1806 2641 Apollinarista
1843 2601 1866 2627 a
1899 2590 2056 2628 Sancto
2088 2588 2241 2626 Hiero-

438 2667 560 2706 nymo
592 2656 861 2693 memoratus.
892 2652 968 2691 ibi.
1030 2650 1234 2703 Ejusdem
1264 2650 1550 2690 testimonium
1582 2650 1636 2689 de
1667 2650 1831 2689 unitate
1865 2648 2164 2689 communionis
2199 2651 2240 2687 et

437 2715 552 2755 fidei.
585 2715 691 2754 206.

378 2775 595 2816 Theodori
630 2773 825 2814 Studitae
859 2771 1156 2812 testimonium.
1189 2770 1294 2813 219.

377 2839 423 2878 S.
457 2835 727 2876 Theodosius
760 2832 1078 2874 Coenobiarcha
1110 2831 1364 2872 vindicatus.
1397 2829 1502 2869 343.

375 2896 627 2939 Tertulliani
660 2895 874 2935 sententia
914 2893 966 2932 de
1008 2904 1118 2932 novo
1164 2893 1355 2932 examine
1394 2889 1617 2942 aliquando
1652 2889 1922 2929 concedendo
1955 2889 2047 2928 sine
2080 2889 2238 2940 praeju-

437 2958 550 2998 dicio
593 2955 865 2996 auctoritatis
908 2965 984 3006 per
1025 2966 1071 2993 se
1116 2953 1355 2993 coactivae.
1396 2950 1499 2990 193.
1534 2949 1636 2992 194.
1712 2950 1817 3001 EJ'us
1857 2949 2145 2990 testimonium
2187 2948 2240 2987 de

437 3018 754 3063 communione,
797 3019 841 3055 et
882 3014 1049 3054 unitate
1087 3013 1188 3053 fidei
1229 3026 1318 3053 cum
1350 3012 1560 3053 Ecclesiis
1591 3010 1861 3063 Apostolicis.
1900 3010 2003 3050 108.
2047 3012 2090 3047 et
2122 3021 2239 3059 seqq.

436 3079 550 3119 Idem
569 3077 920 3118 Montanistarum
953 3085 1096 3114 errore
1128 3074 1353 3125 impeditus
1385 3084 1468 3112 non
1502 3071 1624 3119 vidit,
1661 3071 1760 3122 quid
1783 3073 2030 3122 sequeretur
2053 3081 2105 3108 ex
2127 3069 2240 3120 prin—·

438 3140 563 3192 cipiis
594 3139 668 3178 abs
701 3150 745 3177 se
778 3135 1023 3177 constitutis
1065 3136 1109 3175 in
1149 3135 1256 3175 libro
1291 3133 1355 3175 De
1387 3131 1812 3184 Praescriptionibus
1854 3134 2004 3170 contra
2044 3129 2241 3169 haereses

437 3203 568 3241 antea
597 3198 773 3250 scripto.
810 3197 912 3237 118.

376 3261 580 3301 Tostatus
612 3259 846 3311 Alphonsus
877 3256 1087 3297 laudatus.
1120 3255 1226 3295 230.

377 3321 590 3373 Tournely
624 3320 846 3370 allegatus.
880 3317 954 3357 23.
987 3316 1062 3356 84.
1098 3316 1141 3356 in
1174 3319 1292 3356 nota.
1327 3313 1429 3354 147.

377 3381 573 3422 Traditio
622 3379 856 3428 catholica,
901 3382 944 3418 et
976 3377 1170 3417 Romana
1208 3374 1409 3421 traditio,
1453 3384 1676 3424 earumque
1719 3371 1958 3412 discrimen.
1991 3369 2096 3410 204.
2161 3369 2239 3408 Ca-

438 3441 624 3482 tholicae
655 3440 903 3480 traditionis
935 3443 1037 3479 nota
1069 3440 1114 3477 et
1145 3438 1324 3488 signnm.
1357 3435 1431 3474 ibi.

378 3501 621 3545 Tridentini
667 3501 835 3540 concilii
877 3498 1124 3540 oeconomia
1165 3498 1208 3537 in
1242 3497 1512 3550 quaestione,
1558 3505 1652 3534 num
1696 3491 2001 3533 matrimonium
2045 3489 2239 3530 adulterii

442 3575 571 3604 causa
603 3562 871 3602 dissolvatur.
907 3559 1010 3600 172.
1042 3560 1084 3599 in
1117 3561 1231 3599 nota.
