2320 3990
802 270 974 277 ———-
1078 254 1139 289 xr
1237 265 1413 273 -—-—-

325 411 622 484 Reliquum
655 408 828 484 foret,
877 411 938 463 ut
976 424 1116 480 quae
1163 406 1475 482 generatim
1523 406 1580 457 et
1627 401 1762 456 satis
1799 399 2017 474 prolixe

196 514 584 587 disseruimus,
631 510 701 567 ad
738 510 1160 585 particularem,
1207 507 1276 562 de
1312 523 1419 580 qua
1442 503 1623 559 Autor
1655 506 1844 558 noster
1879 503 2018 557 scite

198 631 459 688 perquam
484 612 757 688 disputat,
793 612 1258 684 restringeremus
1283 607 1569 661 materiam
1594 608 1650 659 et
1672 609 2018 678 aptaremus3

200 720 286 770 ast
309 733 470 788 quum
498 715 638 769 haec
663 715 733 770 sit
756 729 847 767 res
874 711 1115 766 facillimi
1140 709 1386 784 negotii,
1436 722 1503 760 ea
1525 722 1627 760 nos
1653 706 2019 779 supersedere

197 832 363 888 posse
388 814 724 886 confidimus,
753 814 1124 885 lectoremque
1149 809 1476 866 benevolum
1505 806 1573 863 ad
1601 823 1668 862 ea
1692 810 2019 881 praesertim

199 917 551 992 remittimuS,
600 931 738 988 quae
772 913 952 970 Autor
987 917 1176 969 noster
1199 910 1523 987 Appendice
1547 908 1619 964 ΙΙ.
1647 908 1714 963 de
1753 910 2019 966 infallibi-

201 1017 355 1071 litate
380 1015 665 1073 Pontificia
700 1013 730 1091 §
755 1016 833 1071 Χ.
859 1034 1056 1072 versus
1084 1014 1243 1070 finem
1268 1014 1412 1069 serio
1439 1010 1726 1066 admonet:

334 1116 507 1192 „Non
544 1120 763 1192 peccari
794 1121 1034 1194 tautum,
1085 1115 1297 1191 quando
1325 1116 1443 1188 quis
1470 1116 1659 1169 eontra
1684 1113 2022 1186 propositio-

202 1235 302 1273 nes
338 1223 490 1274 certa
524 1218 628 1274 fide
665 1221 973 1293 propositas
1013 1223 1107 1274 aut
1142 1216 1390 1273 definitas
1417 1217 1536 1290 agit
1562 1218 1655 1270 aut
1682 1215 1876 1289 sentit,
1925 1213 2024 1269 sed

207 1321 370 1374 etiam
404 1321 617 1393 quando
655 1338 782 1376 sese
809 1323 1031 1394 opponit
1054 1319 1547 1394 propositionibuS,
1597 1333 1736 1389 quae
1763 1333 1834 1370 ex
1860 1316 2024 1370 certis

206 1419 566 1495 Theologicis
604 1423 881 1495 principiis
918 1422 1167 1496 legitime
1206 1419 1473 1474 deductae
1510 1424 1565 1473 et
1590 1417 1875 1472 evidenter
1900 1422 2025 1471 sunt

207 1521 631 1577 demonstratae.
703 1521 860 1593 Quae
900 1523 1062 1596 eulpa
1097 1524 1150 1575 in
1186 1538 1247 1575 re
1284 1521 1562 1594 praesenti
1600 1536 1665 1574 eo
1691 1521 1872 1593 magis
1900 1519 2027 1573 evi-

209 1623 342 1676 dens
391 1628 762 1697 agnoscetur,
810 1625 856 1677 si
907 1623 1214 1677 adversarii
1260 1623 1326 1675 iis
1373 1622 1683 1695 principiiS,
1732 1636 1872 1692 quae
1921 1637 2026 1675 non

207 1724 453 1778 inanibus
485 1725 814 1799 ratiociniiS,
862 1723 961 1778 sed
997 1722 1313 1779 certissimis
1353 1722 1731 1776 autoritatibus
1758 1737 1822 1774 ac
1848 1719 2027 1774 docu-

208 1826 404 1878 mentis
441 1825 603 1900 nixa,
652 1825 716 1879 ab
753 1826 885 1899 ipsis
924 1824 1260 1880 adversariis
1288 1821 1640 1877 concedenda
1665 1821 1852 1898 fuere,
1901 1838 2028 1876 sese

211 1929 527 1999 opponant.
555 1965 570 1980 .
598 1964 612 1980 .
640 1965 654 1979 .
733 1924 878 1979 Illud
924 1925 1144 1981 tandem
1192 1926 1569 1999 oppositoreS,
1618 1925 1664 1977 si
1712 1925 1800 1996 qui
1834 1927 2028 1993 -erunt,

211 2043 404 2082 moneo
444 2029 607 2082 etiam
644 2030 805 2100 atque
841 2028 1005 2082 etiam
1040 2026 1295 2102 videant,
1346 2044 1452 2099 qua
1499 2042 1560 2080 se
1606 2026 1817 2100 possint
1854 2041 2031 2098 aequa

211 2129 421 2182 ratione
459 2129 524 2182 ab
564 2130 707 2182 omni
732 2129 895 2201 eulpa
918 2145 1161 2202 purgare
1187 2145 1372 2182 coram
1396 2126 1554 2198 Deo,
1604 2128 1730 2182 dum
1764 2127 2030 2182 infallibi-

211 2228 420 2283 litatem
457 2226 797 2282 Pontificiam
844 2245 908 2283 eo
947 2229 1163 2282 nomine
1211 2229 1616 2303 impugnaturi,
1666 2229 1789 2300 quia
1829 2228 2032 2304 dogma

216 2325 562 2382 Catholicum
599 2346 707 2384 non
736 2332 853 2403 est,
900 2346 1006 2383 non
1032 2345 1237 2401 paucos
1263 2329 1368 2384 hoc
1391 2333 1638 2403 tempore
1666 2345 1806 2403 erga
1830 2328 2030 2385 Ponti-

214 2426 387 2483 ficiam
423 2431 771 2485 autoritatem
806 2447 914 2485 non
947 2431 1086 2485 bene
1125 2432 1391 2485 animatos
1432 2432 1746 2486 excitabunt
1792 2430 1863 2485 ad
1913 2449 2034 2487 eam

215 2529 664 2584 contemnendam
686 2534 847 2604 atque
874 2531 1202 2605 carpendam
1227 2534 1280 2586 in
1306 2534 1437 2606 ipsis
1464 2531 1860 2587 definitionibus
1886 2532 2032 2609 fidei,

215 2633 401 2703 sicque
438 2649 472 2685 a
509 2630 690 2686 debita
728 2631 854 2687 fidei
880 2634 1088 2688 unitate
1114 2637 1274 2709 atque
1301 2634 1610 2690 obedientia
1632 2634 1895 2708 plurimos
1931 2653 2031 2690 re-

215 2732 432 2787 trahent
459 2771 474 2786 .
502 2771 516 2786 .
544 2729 607 2786 ‚4⁴

342 2832 464 2887 Nos
493 2834 707 2887 interea
731 2834 1101 2888 concludimus
1126 2836 1310 2889 verbis
1338 2834 1402 2890 S.
1428 2835 1636 2889 Leonis
1661 2834 1743 2888 M.
1772 2838 1931 2908 epist.
1957 2837 2033 2892 X.

214 2931 283 2985 ad
329 2930 663 3005 Episcopos-
700 2949 800 3005 per
854 2932 1226 2988 Viennensem
1285 2936 1622 3008 provinciam
1686 2939 2034 3014 constitutOS,

218 3028 358 3106 Cap.
397 3032 477 3089 L:

347 3129 600 3188 Christus
646 3132 873 3188 Petrum
920 3137 1029 3210 „in
1078 3138 1407 3191 consortium
1453 3137 1767 3192 individuae
1815 3141 2034 3194 unitatis

215 3238 583 3309 assumptum,
631 3234 685 3288 id
713 3234 855 3307 quod
878 3237 998 3310 ipse
1025 3241 1179 3312 erat,
1227 3236 1400 3291 voluit
1422 3240 1723 3313 nominari,
1773 3238 2035 3297 dicendo:

232 3334 327 3388 Tu
363 3351 424 3388 eo
460 3334 682 3390 Petrus
721 3340 826 3390 ete.
873 3341 933 3392 ut
981 3338 1191 3391 aeterni
1228 3337 1414 3410 templi
1463 3338 1767 3396 aedificatio
1803 3343 2036 3397 mirabili

219 3451 442 3490 munere
490 3437 708 3510 gratiae
756 3435 861 3491 Dei
908 3438 958 3491 in
996 3436 1151 3492 Petri
1200 3437 1474 3494 soliditate
1523 3443 1884 3514 consisteretg.
1931 3443 2035 3497 hac
