2314 3984
622 238 1363 323 1-——203——-

68 443 79 454 ·
127 416 523 466 ace-mrem·
549 424 723 481 usqae
745 411 1004 479 Spiritum
1042 410 1193 462 vobis
1210 409 1484 477 praebere
1506 409 1793 462 volema
1807 430 1810 432 ·
1824 409 1944 464 Hoc

128 506 231 550 tum
268 495 505 549 eximium
536 494 850 549 obedientiae
886 512 986 548 non
1025 504 1128 548 tam
1163 493 1472 550 theoreticae
1508 494 1943 567 qnam-practicae

128 580 463 635 testimonium
499 580 732 632 admirati
767 579 1018 637 Gallicani
1047 577 1324 646 Praesides
1361 579 1421 631 in⁴
1440 575 1673 633 Comitiis
1705 581 1943 635 anniane-

128 667 325 737 quentis
353 666 510 722 1700.
539 684 639 718 non
666 665 822 718 solum
846 666 1138 728 laudarunt,
1166 664 1252 717 sed
1278 664 1503 718 rationes
1526 665 1679 719 etiam
1705 667 1942 738 ejusmodi

127 751 439 806 obedientiae
473 769 662 805 summo
698 750 932 806 Pontifici
967 749 1279 804 exhibendae
1318 749 1654 804 subdiderunt.
1722 749 1779 804 ln
1817 753 1944 808 actia

128 838 284 902 enim,
318 837 393 890 uti
427 837 702 909 appellant,
738 837 1024 891 verbalibus
1039 856 1041 858 ·
1057 834 1339 889 eontmdem
1365 832 1694 890 comitiorum
1720 844 1834 909 post
1857 835 1942 892 de-

128 923 364 995 scriptum
397 924 514 977 illud
539 920 780 976 Feneioni
804 922 1092 975 ¹mandatum
1106 959 1120 985 ,
1159 939 1256 991 quo
1291 938 1430 974 suam
1457 922 1753 993 Apostolico
1784 923 1940 978 Brevi

129 1009 457 1062 obedientiam
485 1017 791 1071 conti-mea,
809 1025 939 1076 quae
974 1017 1123 1061 antea
1162 1016 1424 1072 senserat,
1459 1007 1594 1079 typis
1621 1009 1852 1075 dederat,
1890 1020 1941 1064 et

124 1094 354 1147 vindiciis
389 1100 819 1164 propugnaverat,
865 1093 1056 1165 publice
1101 1093 1402 1157 deciaravit,
1450 1094 1572 1146 haec
1615 1094 1940 1165 subjiciuntur

125 1177 392 1248 (Process.
420 1177 626 1231 Verbal.
655 1195 738 1229 an.
769 1178 924 1232 1700.
962 1198 1078 1251 pag.
1105 1177 1231 1231 296.
1269 1188 1322 1231 et
1347 1177 1580 1231 Memoir.
1616 1179 1679 1231 du
1705 1177 1939 1251 Clerg.):

126 1263 398 1315 Ecclesiae
433 1266 675 1316 inimicos
710 1270 928 1332 stupore
955 1267 1196 1335 perculit
1222 1267 1439 1317 mutatio
1477 1272 1583 1317 tam
1619 1267 1790 1319 subita
1813 1275 1940 1320 tam-

125 1366 224 1416 que
250 1350 590 1415 esi-emplaris.
643 1350 830 1402 Fidem
871 1353 921 1401 ei
954 1351 1149 1402 habere
1185 1352 1390 1402 nullam
1424 1354 1655 1403 maxime
1693 1362 1940 1422 exoptas-

124 1440 270 1484 sent.
329 1433 517 1485 Verum
553 1436 822 1496 Ecclesia,
862 1454 997 1503 quae
1035 1439 1180 1487 novit
1212 1439 1445 1504 qratiam
1483 1437 1812 1491 obedientiae
1849 1443 1939 1492 ad·

123 1536 346 1577 nexam,
384 1523 598 1587 amovit
632 1524 686 1572 in
726 1522 829 1573 hoc
852 1518 1288 1589 Archipraesulis
1315 1523 1563 1591 obsequio
1589 1527 1826 1593 effectum
1850 1544 1939 1578 na·

124 1605 349 1655 tar-alem
390 1603 727 1657 Christianae
759 1607 1069 1658 hamilitatis
1109 1614 1160 1658 et
1196 1609 1648 1661 subordinationis
1675 1611 1939 1664 Ecclesia-

122 1690 300 1739 sticae.
354 1687 557 1755 Nempe
592 1708 726 1741 unus
765 1699 845 1742 est
858 1695 1070 1757 primus
1097 1693 1426 1759 Episcopus,
1465 1713 1598 1745 unus
1626 1699 1811 1748 existit
1838 1698 1938 1749 Pe-

121 1778 233 1824 trus
259 1774 334 1823 ad
354 1778 518 1822 totum
549 1791 764 1841 yreyem
795 1777 1084 1843 reyendum
1119 1796 1153 1827 a
1187 1777 1399 1829 Christo
1421 1783 1793 1846 praepositus,
1831 1803 1939 1835 una

123 1865 202 1909 est
223 1863 390 1908 mater
415 1864 710 1909 ceterarum
723 1860 970 1912 Ecclesia
995 1863 1070 1913 ad
1092 1863 1218 1913 illas
1245 1881 1424 1916 omnes
1449 1866 1720 1919 docendas
1745 1871 1935 1920 consti-

120 1949 247 1994 tuta.
300 1939 604 2010 Quicumque
641 1943 731 1995 has
766 1944 995 1998 sincerae
1030 1947 1342 2001 obedientiae
1377 1948 1686 2020 Apostolicis
1722 1952 1936 2006 decretis

122 2044 188 2078 ex
210 2024 498 2079 Christiana
522 2027 795 2082 humilitate
821 2040 872 2083 et
899 2032 1303 2086 subordinatione
1314 2032 1673 2089 Ecclesiastiea
1696 2038 1938 2092 exhiben-

122 2112 213 2163 dae
231 2111 452 2164 rationes
473 2130 503 2164 a
526 2114 926 2181 frequentissimo
952 2115 1200 2169 Gallicani
1215 2116 1351 2171 Cleri
1367 2117 1631 2174 Conventu
1657 2125 1936 2194 propositas

121 2196 254 2248 serio
280 2197 588 2262 consideret3
614 2211 714 2250 non
740 2209 1008 2253 externum
1033 2211 1226 2254 tantum
1242 2242 1256 2267 ,
1284 2204 1371 2255 sed
1395 2204 1645 2259 internum
1671 2210 1936 2282 praecipue

121 2300 377 2335 assensum
414 2283 538 2354 ipsis
572 2283 742 2336 deberi
776 2287 947 2339 eodem
984 2285 1137 2340 Clero
1174 2289 1382 2341 docente
1421 2300 1471 2342 et
1508 2292 1832 2348 confirmante
1858 2296 1934 2348 in-

118 2367 328 2437 telliget.
379 2365 480 2421 Sed
505 2369 831 2441 interruptam
858 2372 1139 2425 traditionis
1165 2374 1345 2427 seriem
1371 2393 1744 2446 prosequamur.

923 2555 968 2623 §.
1010 2555 1132 2609 xv.

121 2682 182 2723 De
221 2670 435 2734 sy’nodicis
471 2685 779 2737 Episcoporum
814 2689 980 2726 Galliae
1019 2693 1059 2728 et
1091 2689 1245 2730 Italiae
1286 2693 1342 2732 ad
1385 2696 1428 2734 S.
1470 2695 1646 2735 Leonem
1688 2699 1933 2750 Pontificem

119 2744 267 2781 contra
302 2741 504 2794 Eutychis
535 2743 754 2784 haeresim.
804 2744 864 2784 De
895 2745 1156 2788 Titeodoreto
1193 2748 1410 2801 Episcopo
1450 2754 1636 2803 cyrensi,
1671 2761 1708 2797 ιτ
1742 2757 1934 2800 Μαι-ὑπο

120 2799 395 2841 Antiocheno.
482 2801 782 2841 Testimonium
825 2804 1128 2902 υείιιὲίοίῑῖἑγέἑε
1147 2807 1520 2848 Sacramentorum
1577 2812 1674 2852 libri
1723 2814 1935 2858 Ecclesiae

261 2970 345 3023 77.
387 2970 441 3022 lu
470 2983 741 3025 memorata
768 2972 1013 3046 Eutychis
1048 2993 1203 3050 ‘causa
1230 2975 1358 3030 Galli
1386 2978 1618 3054 Episcopi
1645 2997 1844 3058 recepta
1869 2987 1927 3043 S.

119 3050 310 3108 Leonis
335 3056 613 3128 dogmatica
639 3059 849 3131 epistola
874 3060 934 3112 ad
951 3058 1265 3127 Flavianum,
1292 3073 1344 3115 ut
1370 3066 1431 3118 ad
1457 3069 1786 3124 retundendos
1811 3072 1930 3127 hae-

122 3136 385 3192 reticorum
411 3153 617 3196 conatus
653 3161 709 3198 se
747 3163 803 3198 se
829 3163 935 3198 cum
965 3145 1195 3200 Romano
1222 3147 1468 3205 Pontifice
1506 3154 1732 3220 unirent,
1772 3157 1845 3211 sic
1869 3158 1928 3213 de

121 3239 179 3273 ea
216 3222 275 3274 ad
311 3224 531 3279 eumdem
555 3227 780 3283 Leonem
818 3230 1126 3303 scripserunt
1160 3232 1283 3306 (Ep.
1311 3236 1399 3290 99.
1437 3237 1570 3293 inter
1595 3238 1811 3295 Leonin.
1838 3262 1929 3298 no·

120 3315 256 3360 strae
282 3308 459 3380 edit.)·=
498 3313 662 3366 Multa·
683 3319 860 3386 itaq-ue
885 3321 939 3369 in
967 3337 1031 3370 ea
1051 3323 1344 3388 yaadentes
1364 3329 1574 3392 pariter
1611 3335 1665 3380 et
1687 3332 1927 3384 exultan-

118 3400 195 3444 tes
220 3406 640 3464 recoynove'nmt
655 3402 786 3468 fidei
809 3422 935 3456 suae
961 3422 1196 3466 sensam3
1235 3413 1288 3458 et
1310 3411 1386 3461 ita
1410 3429 1466 3462 se
1491 3429 1698 3482 semper
1725 3434 1795 3468 ex
1821 3424 1928 3469 tra·

120 3479 317 3531 ditione
334 3489 566 3547 paterna
592 3490 844 3548 tenuisse,
868 3495 928 3540 at
952 3498 1120 3542 vester
1151 3489 1491 3559 Apmtolaem
1518 3504 1783 3567 exposuit,
1794 3508 1928 3573 jin-e
