2314 3984
957 169 1617 228 ——314——-

365 353 572 391 cessura
597 335 911 401 credebatur,
937 345 992 390 et
1016 336 1128 390 sola
1151 336 1603 398 Monothelitarum
1627 344 1821 398 malitia
1844 345 1899 401 iu
1924 344 2213 402 scandalum

365 440 616 479 conversa
639 431 748 489 est,
786 423 1034 492 quomodo
1047 464 1064 490 ,
1102 424 1305 496 inquam
1318 467 1333 493 ,
1372 427 1455 484 hio
1477 428 1696 486 Honorii
1721 434 1892 504 lapsus
1917 433 2042 489 nihil
2065 452 2214 507 prae—

354 511 545 584 judicet
566 509 617 564 ei
635 509 962 583 promissioni
982 509 1196 580 Christi,
1228 514 1398 568 Gravi
1413 535 1524 587 pro
1548 527 1602 573 te
1626 529 1744 587 etc„
1770 539 1842 576 ex
1866 539 1966 593 qua
1988 522 2044 575 in
2068 520 2215 576 Petri

362 617 584 671 persona
629 597 1111 655 indefectibilitatem
1147 601 1263 656 fidei
1299 621 1649 660 suceessorum
1684 609 1792 680 ejus
1825 608 2101 664 traditione
2136 618 2214 663 te·

363 697 533 742 stante
557 687 873 742 deduximus·
922 686 1198 762 Distingue
1232 690 1286 744 in
1313 710 1373 746 eo
1405 702 1558 747 textu
1581 695 1969 767 promissionem
1996 695 2212 763 Christi,

363 794 429 830 ne
453 775 650 829 deficiat
662 773 812 830 Petri
834 775 957 830 fides
983 778 1045 832 ad
1070 796 1393 835 successores
1413 783 1519 854 ejus
1539 783 1863 851 transmissa,
1890 803 1922 838 a
1939 795 2210 858 praecepto

364 865 585 936 ejusdem
609 864 988 920 successoribus
1026 885 1186 939 aeque
1221 869 1485 943 imposito,
1530 872 1802 943 Confirma
1821 876 2034 942 fratres
2060 880 2213 934 tuos,-

362 963 414 1007 et
438 952 569 1019 vide,
596 953 712 1025 quid
735 952 872 1008 inter
895 955 1281 1028 promissionem
1307 968 1358 1012 et
1382 969 1703 1032 praeceptum
1721 958 1944 1013 intersit.
1984 958 2078 1012 Illa
2095 978 2211 1033 pro-

363 1042 568 1109 missio,
621 1043 707 1096 Ne
744 1043 903 1097 Petri
932 1046 1069 1115 fides
1118 1048 1361 1118 deficiat,
1411 1058 1468 1101 ut
1503 1048 1700 1102 monuit
1746 1047 1898 1101 etiam
1931 1047 2212 1102 Bossuetus

363 1129 520 1204 (Lib.
551 1131 638 1186 10.
677 1132 743 1184 al.
774 1132 859 1185 15.
898 1131 1110 1187 Defens.
1147 1153 1192 1188 c.
1220 1135 1381 1207 35.)‚
1421 1154 1621 1209 semper
1658 1135 1906 1208 implenda
1943 1146 2048 1202 est,
2097 1136 2214 1207 quia

361 1218 558 1275 Christi
593 1219 956 1292 promissiones
991 1221 1302 1277 infallibilem
1341 1225 1571 1279 effectum
1606 1225 1810 1278 habent.
1874 1223 2211 1298 Praeceptum

359 1327 482 1362 vero
536 1307 864 1361 confirmandi
899 1309 1113 1375 fratreS,
1159 1327 1263 1363 non
1300 1329 1501 1383 semper
1534 1311 1860 1384 implendum,
1911 1311 2030 1382 quia
2066 1312 2211 1383 hujus

359 1394 615 1470 praecepti
641 1413 840 1468 semper
863 1395 1099 1468 implendi
1124 1397 1260 1451 nulla
1282 1397 1376 1450 fuit
1389 1394 1587 1452 Christi
1603 1399 1900 1471 promissio.
1941 1396 2070 1453 Cum
2095 1419 2213 1472 pro-

361 1485 567 1538 missum
591 1483 736 1549 illud,
765 1502 830 1537 ne
855 1483 1052 1538 deficiat
1077 1483 1227 1539 Petri
1250 1486 1372 1540 fides
1398 1489 1583 1542 factum
1608 1487 1761 1541 fuerit
1786 1506 1818 1541 a
1843 1484 2052 1541 Christo
2078 1487 2211 1540 bono

362 1572 571 1626 unitatis
595 1571 735 1637 fidei,
773 1582 829 1625 ut
854 1572 1096 1627 excitatis
1123 1593 1153 1627 a
1177 1584 1361 1628 satana
1386 1576 1751 1631 controversiis
1789 1576 1852 1629 ob
1889 1575 2209 1630 scindendam

360 1665 489 1716 hanc
514 1661 760 1715 unitatem
777 1701 791 1726 ,
830 1661 1018 1715 fratres
1045 1662 1180 1716 edita
1204 1663 1435 1717 doctrina
1459 1665 1574 1719 fidei
1600 1665 2018 1719 confirmarentur
2043 1665 2103 1718 ab
2133 1683 2211 1730 eo,

360 1750 445 1821 qui
468 1749 800 1805 vindicandae
827 1750 986 1804 eidem
1011 1751 1195 1804 unitati
1220 1750 1594 1809 totiEcclesiae
1619 1752 1908 1826 propositus
1933 1752 2053 1819 fuit,
2082 1771 2214 1806 sem-

361 1858 451 1912 per
489 1837 800 1910 implebitur,
839 1857 1002 1910 neque
1041 1841 1299 1894 defectura
1334 1841 1432 1895 erit
1467 1861 1700 1914 umquam
1725 1841 1872 1896 Petri
1912 1841 2031 1894 fides
2059 1840 2210 1894 etiam

358 1929 411 1979 in
448 1926 825 1981 successoribus
875 1928 1014 1999 eJUS,
1063 1929 1474 2001 quandocumque
1521 1930 1575 1984 in
1611 1930 1787 1984 iisdem
1823 1939 2034 1983 satanae
2067 1928 2211 1982 moli-

358 2015 575 2069 minibus
601 2014 714 2068 fidei
738 2014 982 2069 unitatem
1006 2016 1339 2084 vindicaturi,
1367 2036 1437 2072 ex
1463 2027 1731 2091 praecepto
1761 2014 1956 2071 Christi
1981 2035 2040 2070 ac
2065 2035 2211 2089 prae-

359 2104 504 2176 cipuo
531 2104 775 2176 primatus
802 2103 964 2157 officio
993 2104 1328 2177 dogmaticam
1355 2106 1693 2160 definitionem
1730 2106 1908 2171 edent,
1944 2114 1998 2157 ut
2023 2105 2211 2159 fratres

358 2192 681 2258 confirment,
711 2192 1100 2264 contineantque
1126 2194 1179 2247 in
1203 2214 1358 2249 verae
1384 2195 1497 2249 fidei
1522 2195 1734 2249 unitate.
1786 2193 1924 2247 Num
1947 2211 2070 2248 vero
2098 2193 2213 2246 huic

358 2291 658 2354 praecepte,
698 2290 750 2334 et
776 2281 970 2348 offici0,
1010 2282 1071 2336 de
1109 2302 1205 2354 quo
1243 2285 1380 2338 nulla
1412 2282 1684 2357 promissio
1720 2282 1964 2356 suppetit,
2000 2281 2074 2335 illi
2110 2281 2212 2334 sint

357 2387 559 2442 semper
585 2370 922 2437 satisfacturi,
959 2390 1143 2438 necne,
1184 2391 1342 2443 aeque
1369 2383 1559 2426 certum
1586 2391 1688 2424 non
1716 2381 1820 2437 est,
1858 2390 1916 2425 ac
1941 2379 2211 2443 propterea

357 2457 402 2510 si
437 2457 521 2528 qui
557 2457 672 2510 huic
709 2458 907 2512 muneri
944 2459 1136 2525 desint,
1191 2460 1341 2515 etiam
1391 2480 1502 2514 eum
1551 2478 1677 2532 opus
1717 2468 1856 2512 esset
1893 2458 2210 2523 confirmare,

357 2545 466 2599 sive
500 2546 629 2615 quod
667 2546 960 2618 negligant,
1000 2546 1108 2601 sive
1144 2548 1274 2618 quod
1300 2548 1599 2602 existiment
1632 2565 1735 2599 non
1771 2545 2043 2619 expedire,
2078 2546 2209 2599 utin

359 2632 589 2686 Honorio
616 2633 825 2700 accidit,
855 2634 1066 2687 deerunt
1093 2634 1289 2705 quidem
1315 2635 1498 2701 offici0,
1526 2653 1627 2688 non
1654 2644 1826 2688 tamen
1853 2633 1949 2687 dici
1974 2644 2208 2707 poterunt

358 2722 602 2775 defecisse
629 2721 681 2773 in
709 2722 828 2787 fide,
866 2741 955 2775 seu
981 2721 1034 2775 in
1059 2722 1349 2777 definitione
1375 2723 1487 2778 fidei
1503 2764 1517 2789 ,
1559 2724 1687 2795 quod
1712 2742 1864 2776 unum
1899 2741 1963 2776 ne
1990 2722 2209 2785 eveniat,

358 2809 660 2882 promissum
698 2810 805 2862 fuit.
884 2809 1099 2864 Honorii
1138 2811 1309 2882 itaque
1349 2812 1546 2885 lapsus,
1586 2831 1733 2883 quem
1773 2830 1875 2865 non
1912 2811 2068 2865 fuisse
2104 2812 2210 2883 lap-

358 2917 465 2951 sum
493 2897 796 2952 definitionis
822 2899 934 2953 fidei
962 2900 1267 2966 luculenter,
1310 2912 1363 2954 ut
1389 2901 1636 2966 arbitror,
1679 2900 2051 2964 constituimuS,
2093 2918 2209 2970 pro-

358 2986 650 3040 missionem
677 2984 903 3053 Christi,
944 3007 1070 3059 quae
1096 2990 1155 3041 ad
1184 2989 1343 3042 solam
1380 2990 1492 3043 fidei
1529 2989 1867 3043 definitionem
1894 2988 2206 3049 extenditur,

359 3075 596 3130 intactam
626 3075 878 3147 relinquit.
