2314 3984
759 251 1401 309 ——319—-—-

182 419 462 492 responsis,
497 419 724 492 scriptis,
761 428 846 471 aut
877 418 1022 472 dictis
1053 415 1351 472 Pontificum
1381 417 1692 489 expendere,
1729 434 1856 488 quae
1890 419 1981 470 ali-

180 506 356 576 quibus
381 523 452 559 ex
474 505 760 560 memoratis
787 505 1166 577 exceptionibus
1192 505 1253 557 ad
1275 503 1387 561 fidei
1410 503 1721 557 definitiones
1745 520 1847 556 non
1870 521 1984 576 per-

178 593 353 645 tinent.
406 591 504 645 Ubi
538 592 731 662 quidem
767 594 1013 664 agebatur
1043 592 1104 646 de
1139 589 1502 644 definitionibus
1536 589 1856 661 dogmaticis,
1897 609 1983 644 eas

180 695 374 750 semper
407 697 440 732 a
464 677 709 732 Romanis
733 678 1060 733 Pontificibus
1094 676 1486 731 irretractabiles
1525 686 1674 747 atque
1698 676 1984 731 infallibiles

178 765 369 817 habitas
392 764 700 831 invenimuS,
736 775 792 819 ut
814 775 951 837 patet
983 780 1055 817 ex
1087 762 1231 815 dictis
1254 780 1325 815 ex
1348 782 1427 834 gr.
1461 764 1521 816 de
1545 763 1827 817 definitione
1853 761 1984 818 Cae-

180 851 348 903 lestini
382 861 559 905 contra
587 851 907 918 Nestorium,
942 848 1132 903 Leonis
1157 847 1196 900 1.
1235 857 1414 902 contra
1443 846 1721 922 Eutychem
1755 861 1852 904 etc.
1890 868 1983 904 nec

181 955 304 990 unus
339 936 580 992 Pontifex
618 938 876 991 Romanus
909 934 1080 989 afferri
1112 935 1323 1005 poterit,
1368 934 1452 1004 qui
1496 935 1712 1005 aliquam
1747 937 1984 1008 ejusmodi

182 1023 510 1077 definitionem
543 1023 880 1087 revocaverit,
927 1031 1011 1074 aut
1046 1037 1178 1074 novo
1204 1021 1388 1091 judicio
1425 1019 1785 1075 Ecclesiastico
1830 1023 1984 1077 veluti

179 1109 368 1162 dubiam
394 1109 701 1174 submiserit,
726 1117 783 1160 ut
805 1108 859 1161 in
882 1107 993 1161 aliis
1018 1106 1306 1178 rescriptiS,
1331 1116 1419 1159 aut
1442 1108 1749 1161 documentis
1773 1107 1984 1162 Pontifi-

166 1193 293 1258 ciis,
319 1212 444 1263 quae
469 1213 500 1247 a
524 1195 857 1248 definitionum
882 1203 1064 1246 natura
1089 1194 1296 1258 absunt,
1323 1194 1546 1265 reperire
1571 1194 1758 1246 licebit.

316 1281 406 1333 40.
444 1279 544 1334 Sed
569 1281 682 1351 quid
706 1281 927 1352 pluribus
963 1298 1085 1351 opus
1122 1289 1200 1332 est
1234 1280 1460 1334 distineri
1485 1281 1538 1333 in
1563 1299 1648 1344 re,
1684 1299 1830 1349 quam
1855 1281 1982 1334 idem

179 1365 451 1418 Bossuetus
484 1368 607 1420 satis
645 1369 901 1421 coufessus
939 1367 1047 1419 est?
1097 1364 1254 1418 Libro
1292 1367 1422 1418 enim
1460 1367 1609 1419 tertio
1635 1367 1983 1435 Deseris-ionis

178 1452 242 1503 al.
260 1453 309 1506 7.
331 1471 437 1524 cap.
458 1455 505 1505 l.
528 1454 765 1523 quaedam
790 1452 1077 1507 testimonia
1097 1452 1406 1505 decretorum
1432 1452 1526 1505 sibi
1545 1453 1756 1506 molesta
1772 1456 1985 1525 rejectu—

180 1557 264 1590 rus
289 1538 341 1591 in
367 1557 428 1592 ea
451 1540 690 1605 materia,
729 1541 788 1593 de
822 1559 919 1609 qua
943 1538 1195 1591 nobiscum
1220 1556 1321 1590 non
1347 1548 1425 1591 est
1448 1539 1701 1608 quaestio,
1734 1558 1900 1593 nonne
1926 1559 1985 1593 ea

178 1626 377 1678 decreta
401 1623 666 1678 Pontificia
702 1627 762 1678 ad
799 1626 908 1679 fidei
944 1625 1254 1678 definitiones
1291 1643 1391 1677 non
1426 1625 1677 1697 pertinere
1703 1627 1983 1691 contendit3

177 1711 434 1780 allatisque
449 1710 821 1783 Theologorum
845 1711 1207 1764 infallibilitatis
1234 1709 1531 1764 Pontificiae
1555 1711 1870 1764 defensorum
1897 1731 1985 1764 au-

178 1797 502 1862 ctoritatibUS,
528 1800 589 1850 ad
602 1799 711 1852 fidei
721 1798 1055 1852 definitionem
1068 1798 1161 1850 duo
1187 1796 1374 1865 requiri
1398 1797 1574 1849 statuit
1602 1797 1864 1868 (Bossuet.
1877 1809 1915 1851 t.
1935 1801 1981 1850 l.

178 1881 381 1936 Defens.
410 1883 540 1937 Vide
566 1883 766 1937 Odoric.
793 1883 1044 1957 Raynald.
1073 1885 1166 1937 loc.
1196 1883 1280 1936 cit.
1308 1901 1359 1934 n.
1387 1882 1534 1954 32.)=
1563 1887 1790 1937 alterum
1815 1892 1872 1936 ut
1896 1905 1982 1937 res

178 1974 246 2020 sit
269 1973 342 2022 ad
373 1973 503 2040 fidei
535 1979 587 2022 et
619 1990 824 2023 moram
858 1973 1161 2024 essentialia
1177 1973 1482 2039 pertinens,
1519 1973 1678 2041 idque
1699 1991 1802 2040 per
1828 1992 1907 2032 sc,
1936 1980 1985 2023 et

174 2060 447 2123 proxime,
482 2075 588 2107 non
616 2058 978 2109 accidentario
1004 2064 1056 2109 et
1077 2064 1304 2118 remote,·
1340 2058 1566 2110 alterum
1590 2066 1646 2110 ut
1673 2077 1984 2127 expressum

181 2144 248 2192 sit
271 2144 331 2192 id
353 2144 418 2193 de
439 2145 546 2212 fide
572 2145 904 2194 credendam.
956 2140 1081 2196 Cum
1106 2141 1323 2194 Romani
1348 2141 1618 2196 Pontifices
1645 2145 1706 2195 ad
1730 2143 1876 2196 Petri
1903 2163 1985 2196 ca-

181 2226 401 2279 thedram
427 2228 603 2293 evecti,
629 2246 728 2280 non
754 2228 935 2282 idcirco
961 2228 1192 2300 opinandi
1215 2229 1499 2282 facultatem
1526 2229 1808 2294 amiserint,
1836 2248 1986 2302 saepe

181 2322 343 2365 autem
370 2331 438 2366 ex
463 2315 692 2386 opinione
718 2333 775 2368 ac
799 2315 1089 2386 prudentiae
1113 2315 1300 2386 regulis
1326 2317 1687 2387 respondeant,
1714 2326 1769 2368 ut
1793 2318 1985 2369 monui-

179 2417 286 2451 mus
311 2417 442 2452 num.
469 2400 556 2454 38.
594 2410 645 2454 et
669 2419 840 2454 omnes
865 2402 1010 2454 etiam
1037 2400 1332 2454 Pontificiae
1358 2402 1672 2455 auctoritatis
1698 2403 1984 2457 defensores

178 2485 423 2550 fatentur,
463 2503 563 2538 non
601 2487 768 2539 omnia
792 2505 959 2540 eorum
995 2505 1236 2559 responsa
1275 2497 1421 2557 atque
1446 2489 1647 2542 decreta
1674 2490 1983 2544 definitiones

177 2569 286 2622 fidei
310 2570 482 2624 haberi
493 2572 686 2638 debent,
713 2574 810 2626 nisi
820 2574 871 2625 in
889 2591 967 2638 eo,
994 2574 1121 2643 quod
1147 2574 1450 2644 respondent
1475 2575 1831 2639 decernuntve,
1860 2577 1984 2628 satis

179 2655 489 2725 exprimatur
537 2658 717 2727 aliquid
765 2659 1058 2711 credendum
1110 2670 1194 2711 aut
1230 2660 1595 2730 reprobandum
1634 2680 1702 2714 ex
1741 2664 1983 2716 catholica

180 2740 288 2792 fide.
345 2739 397 2792 Id
433 2744 726 2812 praesertim
758 2745 916 2796 locum
948 2743 1096 2796 habet
1131 2744 1181 2795 in
1219 2745 1593 2812 quaestionibus
1632 2747 1749 2814 et*)
1787 2749 1984 2801 casibus

179 2827 435 2896 practiciS,
473 2828 555 2896 qui
591 2829 745 2881 variis
782 2829 895 2883 hinc
919 2829 1032 2881 inde
1057 2829 1421 2882 difficultatibus
1447 2842 1564 2883 sunt
1588 2832 1840 2903 impliciti,
1880 2844 1930 2886 et
1957 2853 1983 2885 a

299 3060 335 3109 ⁸)
367 3061 409 3099 In
442 3060 505 3099 his
538 3060 699 3111 quidem
739 3061 934 3112 practicis
974 3061 1138 3100 casibus
1169 3074 1193 3100 a
1224 3062 1440 3113 principiis
1475 3065 1580 3113 juris
1611 3067 1811 3105 naturalis
1843 3079 1893 3105 ac
1925 3068 1984 3106 di-

184 3117 264 3156 vini
296 3117 413 3157 valde
444 3120 631 3168 remotis,
662 3131 752 3159 eum
783 3132 859 3158 nec
890 3120 1111 3167 habeatur,
1154 3131 1228 3159 nec
1259 3120 1400 3160 haberi
1431 3123 1564 3161 soleat
1598 3126 1828 3164 omnimoda
1861 3128 1983 3166 certi-

182 3175 297 3221 tudo,
329 3188 405 3216 nec
436 3179 640 3217 certitudo
672 3178 768 3218 fidei
799 3179 851 3218 ad
882 3179 997 3219 licite
1027 3179 1230 3229 agendum
1261 3180 1316 3219 sit
1347 3182 1603 3229 necessaria,
1636 3183 1816 3223 sufficiat
1847 3189 1982 3225 autem

180 3235 250 3273 illa
283 3235 485 3274 certitudo
516 3238 705 3283 moralis,
739 3251 841 3289 quae
874 3251 924 3279 ex
955 3239 1149 3290 opinione
1179 3240 1392 3278 moraliter
1424 3245 1539 3279 certa
1570 3244 1816 3294 proveniens
1846 3245 1887 3284 in
1919 3258 1983 3284 re-

181 3294 256 3332 bus
296 3295 513 3333 moralibus
553 3295 729 3345 sufficit3
780 3309 979 3350 responsa
1017 3309 1260 3336 summorum
1301 3298 1546 3339 Pontificum
1599 3303 1664 3341 vel
1705 3304 1981 3354 probabiliora

181 3353 324 3392 morali
356 3353 604 3393 certitudine
634 3356 821 3406 praedita
853 3358 1064 3397 continere
1096 3356 1245 3404 solent,
1279 3358 1357 3405 vel,
1390 3358 1457 3396 ubi
1489 3359 1588 3400 baec
1620 3362 1825 3403 certitudo
1859 3364 1981 3406 desit.

182 3410 234 3450 ad
264 3412 420 3451 tutiora
450 3411 678 3459 remittunt,
722 3418 767 3453 ut
797 3426 847 3454 ex
885 3416 1041 3467 aliquot
1083 3414 1358 3455 decretalibus
1394 3416 1545 3468 liquet:
1589 3431 1663 3460 nec
1705 3420 1803 3463 fidei
1833 3423 1979 3474 dogma

179 3472 431 3510 constituere
464 3471 668 3511 credenda
698 3478 813 3520 sunt,
859 3476 936 3514 nisi
980 3487 1067 3514 cum
1110 3475 1265 3525 aliquid
1298 3488 1348 3515 ex
1379 3475 1459 3515 fide
1492 3479 1735 3520 credendum
1778 3483 1841 3520 vel
1873 3483 1982 3521 dam-

182 3529 354 3570 nandum
384 3531 484 3569 satis
517 3530 741 3571 declarant.
