2320 3990
712 201 1363 308 -0-——139—

127 423 250 494 legis
275 419 736 493 interpretationem
762 437 792 472 a
819 419 928 471 sola
954 418 1176 473 veritate-
1187 430 1484 489 expressam
1505 412 1743 467 aliorsum
1760 413 1943 466 distor-

125 525 302 579 quere,
330 516 415 559 aut
438 505 492 558 in
517 505 712 558 dubium
739 522 979 558 revocare
1004 503 1217 557 audeat?

266 590 355 645 32.
395 589 478 644 Ne
513 600 676 644 autem
714 590 950 663 peculiari
977 587 1157 660 Magni
1182 586 1458 640 Theodosii
1495 586 1547 639 in
1574 585 1837 639 Romanae
1863 603 1942 639 se-

125 677 199 730 dis
225 677 366 730 fidem
392 677 743 732 observantiae
779 678 829 730 id
865 679 1047 730 factum
1071 674 1347 739 tribuatur,
1385 671 1589 726 Ethnici
1630 690 1823 743 quoque
1846 671 1944 725 Im-

124 763 371 835 peratoris
403 781 503 815 non
530 764 804 817 absimilem
839 760 1175 824 sanctionem,
1215 777 1302 814 seu
1338 758 1635 812 sententiam
1670 759 1763 811 hac
1799 775 1945 812 occa-

126 850 266 902 sione
292 849 611 903 considerare
635 850 895 922 plurimum
912 843 1118 918 juverit.
1170 844 1227 898 In
1255 846 1454 898 laudata
1481 843 1801 898 Antiochena
1827 845 1944 898 sede

126 935 402 988 Aureliano
429 934 733 1008 Imperatore
757 935 851 987 duo
876 934 936 986 de
960 930 1266 1004 Episcopatu
1291 931 1638 996 decertabant,
1667 932 1780 984 hinc
1808 930 1944 984 Pau-

129 1023 203 1074 lus
235 1019 620 1086 SamosatenuS,
655 1019 739 1089 qui
770 1020 833 1072 ob
869 1019 1117 1073 haeresim
1152 1018 1204 1070 in
1243 1018 1450 1090 synodo:
1476 1017 1729 1088 depositus
1764 1019 1943 1083 fuerat,

127 1107 239 1159 hinc
271 1117 433 1162 autem
457 1106 682 1159 Domnus
698 1146 712 1172 ,
740 1106 823 1176 qui
859 1106 1016 1159 eidem
1052 1103 1212 1158 Paulo
1247 1106 1411 1157 fuerat
1445 1103 1764 1174 subrogatus.
1818 1101 1943 1157 Cum

126 1210 245 1264 ergo
282 1190 470 1246 Paulus
506 1192 704 1245 Domno
740 1191 1066 1265 Episcopales
1105 1191 1252 1244 aedes
1289 1199 1340 1244 et
1365 1187 1646 1242 Ecclesiam
1684 1189 1838 1241 nollet
1865 1207 1946 1242 ce-

124 1279 269 1345 dere3
298 1279 527 1332 catholici
551 1277 787 1351 Episcopi
822 1280 882 1332 de
919 1278 1263 1333 constituendo
1289 1277 1467 1330 ibidem
1493 1276 1808 1328 orthodoxae
1833 1276 1945 1328 fidei

126 1366 368 1418 Antistite
393 1365 613 1419 maxime
640 1365 864 1429 solliciti,
893 1366 952 1417 ad
978 1366 1136 1436 ipsum
1161 1363 1515 1434 Imperatorem
1531 1401 1544 1427 ,
1581 1363 1663 1431 qui
1689 1373 1791 1414 tum
1815 1365 1946 1416 forte

127 1460 239 1522 post
276 1452 516 1504 devictam
550 1449 824 1502 Zenobiam
859 1449 1161 1502 Antiochiae
1196 1449 1434 1519 degebat,
1473 1450 1819 1520 confugerunt.
1896 1449 1944 1502 Is

129 1546 291 1588 autem
322 1535 394 1587 illi
431 1554 459 1588 e
495 1535 679 1588 duobus
705 1535 1072 1587 Antiochenam
1111 1534 1372 1587 ecclesiam
1411 1535 1616 1587 attribui
1645 1535 1824 1606 jussit,
1859 1540 1947 1589 cui

131 1624 306 1674 Italici
349 1623 641 1674 Christiani
682 1624 1025 1683 Sacerdote&
1064 1629 1116 1674 et
1142 1622 1413 1674 Romanus
1455 1623 1719 1690 Pontifex
1755 1625 1945 1675 seribe-

127 1716 246 1760 rent
272 1706 485 1778 (Euseb.
515 1706 647 1759 Hist.
677 1709 773 1760 l.7.
801 1707 998 1778 0.30.).
1051 1707 1102 1759 Id
1129 1711 1420 1760 rectissime
1445 1718 1760 1779 praeceptum
1788 1726 1946 1778 agno-

129 1794 221 1847 scit
245 1792 523 1859 Eusebius,
565 1811 679 1857 seu,
716 1804 772 1845 ut
795 1794 947 1847 vertit
973 1793 1209 1859 Rufinus,
1247 1797 1496 1864 reliyiose
1523 1797 1589 1846 de
1615 1796 1717 1847 hoe
1740 1799 1870 1847 satis
1898 1803 1947 1847 et

128 1887 334 1941 sancte,
360 1881 488 1933 idest
516 1882 575 1932 ad
602 1880 874 1934 catholicae
901 1880 1160 1951 religionis
1187 1890 1236 1932 et
1253 1879 1480 1951 justitiae
1507 1899 1749 1947 normam.
1801 1880 1876 1932 At
1902 1882 1944 1933 si

127 1986 215 2038 pro
242 1966 436 2019 Domno
464 1966 804 2038 interpellatus
830 1967 922 2019 fuit
945 1966 1276 2030 AurelianuS,
1303 1976 1357 2018 ut
1382 1965 1593 2019 Paulum
1621 1987 1648 2020 e
1674 1967 1834 2020 sacris
1861 1986 1945 2021 ae—

130 2053 267 2106 dibus
301 2055 532 2126 pelleret,
574 2054 685 2123 quid
720 2072 823 2106 rem
858 2055 996 2107 velut
1031 2053 1295 2125 ancipitem
1330 2055 1587 2105 moratur?
1661 2052 1719 2106 Si
1746 2065 1970 2126 septua-‘

130 2139 296 2207 ginta,
334 2150 384 2192 et
413 2158 472 2192 eo
508 2140 674 2210 plures
701 2139 1048 2193 Antiochenae
1075 2140 1257 2212 synodi
1282 2138 1466 2195 Patres
1501 2141 1573 2193 rei
1602 2141 1815 2210 ejusdem
1841 2143 1946 2194 fue-

131 2236 245 2277 runt
281 2225 425 2295 aequi
462 2235 512 2279 et
561 2226 770 2296 legitimi
811 2227 1029 2297 judiceS,
1080 2226 1192 2295 quid
1229 2242 1299 2278 ex
1334 2225 1477 2279 ltalia
1517 2245 1574 2279 ac
1610 2245 1679 2279 ex
1713 2226 1945 2280 Romano

129 2312 422 2382 praesertim
450 2310 695 2363 Antistite
722 2312 920 2364 litterae
948 2321 1253 2381 quaeruntur
1270 2350 1283 2375 ,
1311 2322 1397 2365 aut
1423 2316 1789 2384 expectantur?
1842 2313 1946 2367 Cur

131 2416 230 2450 non
254 2398 445 2469 potiuS,
484 2407 568 2449 aut
602 2397 746 2449 simul
773 2409 1106 2467 quaeruntur,
1148 2407 1232 2450 aut
1267 2409 1602 2470 expectantur
1629 2400 1688 2452 ab
1715 2401 1948 2454 Alexan-

130 2483 298 2548 drin0,
336 2484 395 2536 ad
421 2482 565 2554 quem
592 2484 789 2549 eodem,
829 2503 924 2554 quo
965 2484 1024 2538 ad
1051 2485 1334 2537 Romanum
1372 2488 1602 2557 exemplo
1630 2484 1948 2540 Antiochena

129 2571 345 2642 synodus
372 2571 666 2643 scripserat,
700 2581 754 2623 ut
778 2570 963 2624 Domni
1002 2571 1196 2625 litteras
1224 2571 1522 2643 susciperet,
1562 2581 1613 2624 et
1639 2573 1700 2625 ad
1725 2574 1946 2627 eumdem

131 2657 460 2709 rescriberet?
510 2656 698 2710 Eadem
722 2658 918 2710 videtur
953 2657 1004 2710 in
1038 2653 1313 2722 hoc'ratio,
1351 2676 1408 2710 ac
1434 2658 1547 2723 illa,
1583 2661 1755 2728 quain
1781 2672 1949 2732 poste-

132 2742 253 2793 riori
280 2742 494 2812 ejusdem
520 2743 866 2796 Antiochenae
901 2744 1032 2796 sedis
1071 2745 1274 2796 dissidio
1301 2743 1577 2815 Imperator
1602 2744 1876 2799 Gratianus
1903 2748 1947 2799 ei

133 2846 304 2880 sacras
332 2828 477 2880 aedes
502 2827 632 2879 tradi
658 2827 840 2892 voluit,
877 2828 958 2896 qui
995 2846 1103 2879 cum
1130 2827 1350 2880 Damaso
1390 2831 1794 2883 communicaret.
1846 2831 1949 2885 Fa-

131 2932 249 2966 vere
286 2913 516 2965 nimirum
544 2913 848 2966 Aurelianus
882 2912 1040 2967 voluit
1077 2914 1348 2967 catholicae
1383 2915 1519 2980 fidei,
1557 2935 1647 2987 pro
1668 2935 1772 2986 qua
1811 2937 1839 2970 a
1867 2938 1949 2972 ca-

133 2999 324 3052 tholicis
350 2998 612 3071 Episcopis
650 3000 891 3053 adversus
929 2998 1140 3053 Paulum
1177 3002 1338 3053 fuerat
1372 3000 1747 3074 interpellatus3
1786 3014 1836 3056 et
1874 3007 1947 3058 fa-

133 3105 251 3140 vere
275 3086 327 3139 in
364 3104 422 3140 eo
456 3087 642 3151 voluit,
675 3096 731 3139 ut
764 3086 1037 3141 catholicae
1074 3087 1332 3157 religionis
1358 3086 1635 3160 Episcopus
1671 3089 1947 3144 Antioche-

137 3190 230 3224 nae
267 3172 370 3224 sedi
405 3174 772 3244 praeficeretur.
834 3174 891 3226 In
927 3174 1130 3225 duorum
1165 3184 1329 3227 autem
1366 3173 1726 3246 Episcoporum
1762 3195 1946 3247 pugna,

137 3276 198 3309 ne
223 3257 643 3330 interpellantimn
670 3262 843 3315 favore
871 3279 994 3331 erga
1020 3259 1230 3312 Paulum
1257 3260 1430 3313 ductus
1456 3261 1736 3326 videretur,
1765 3272 1815 3315 et
1840 3282 1943 3316 rem

136 3344 257 3396 satis
285 3354 426 3398 caute
453 3344 782 3415 transigeret,
824 3348 950 3399 aliud
978 3346 1213 3418 judicium
1241 3346 1558 3401 Antiochena
1584 3348 1775 3419 synodo
1804 3368 1947 3421 supe-

137 3429 239 3495 rius
265 3431 608 3500 requirendum
635 3434 898 3501 persensit.
952 3434 1192 3485 Audierat
1221 3435 1348 3485 forte
1382 3453 1469 3504 pro
1497 3435 1946 3488 conununicatoriis

138 3515 333 3577 litteris,
361 3536 485 3586 qnae
513 3519 651 3570 fidem
682 3517 860 3572 Domni
889 3522 1173 3591 probarent,
1203 3518 1345 3572 Pauli
1374 3531 1534 3574 autem
1564 3541 1762 3575 errores
1791 3523 1948 3592 repel-
