2320 3990
938 193 1114 202 .,-..
1204 162 1291 222 42
1383 198 1559 206 m

318 331 570 387 Pontifice
598 331 896 397 admittant,
937 333 1040 385 vim
1065 337 1364 387 coactivam
1390 335 1763 408 jurisdictionis
1788 338 1993 392 nomine
2031 339 2181 392 intel-

321 421 485 494 ligunt
523 430 576 475 et
614 418 912 473 admittunt:
961 421 1103 482 Quia
1138 425 1193 475 in
1230 441 1293 476 co
1333 426 1641 492 requirunt,
1677 425 1841 498 inquit
1867 445 1912 479 c.
1944 425 1994 478 1.
2023 445 2074 478 n.
2107 427 2178 492 1.,

318 528 501 565 veram
507 510 980 582 jurisdictionem,
1006 511 1111 565 hoc
1137 518 1218 565 cst
1240 515 1343 564 vim
1369 512 1682 566 coactivam.
1733 512 1869 568 Hinc
1901 532 2058 587 penes
2085 533 2181 569 nos

320 596 597 652 catholicos
634 596 723 651 illa
747 598 1028 671 Augustini
1065 609 1118 654 et
1144 600 1357 654 aliorum
1383 609 1585 673 patrum
1622 601 1944 668 testimonia,
1981 601 2036 655 in
2071 603 2182 674 qui-

318 686 411 740 bus
439 683 497 740 S.
526 683 745 753 Petrus,
773 706 885 741 cum
911 688 1274 761 ob‘primatum
1302 690 1472 744 claves
1509 687 1658 760 regni
1685 690 1938 745 coelorum
1966 690 2178 765 accepit,

320 775 565 829 unitatem
592 786 1013 848 repraesentasse
1038 777 1285 844 traditur,
1323 797 1427 832 non
1465 776 1673 850 perinde
1715 777 2006 852 accipienda
2045 789 2181 845 sunt,

321 883 380 918 ac
406 864 450 917 si
475 863 560 918 ille
586 864 788 920 ratione
826 866 1075 939 primatus
1114 886 1307 921 merum
1344 865 1498 920 fuerit
1533 866 1735 938 signum
1773 866 2050 932 unitatem,
2091 884 2182 920 seu

320 971 470 1005 unam
507 950 795 1007 Ecclesiam
835 955 1135 1009 catholicam
1174 964 1601 1028 repraesentanS,
1643 956 1774 1026 quod
1809 954 1863 1008 in
1889 975 1950 1010 eo
1976 964 2184 1028 praeter

322 1051 522 1095 ceteros
549 1039 832 1114 Apostolos
871 1042 1091 1115 positum
1129 1043 1283 1097 fuerit
1323 1043 1426 1116 (sic
1454 1043 1588 1097 enim
1619 1043 1701 1096 ille
1728 1043 1856 1096 meri
1894 1043 2103 1097 honoris
2132 1054 2184 1097 et

321 1130 541 1196 ordiniS‚
580 1131 719 1183 nulla
746 1140 913 1184 autem
933 1131 1304 1204 jurisdictionis
1331 1131 1695 1204 praerogativa
1720 1127 1926 1203 reliquis
1953 1131 2183 1204 Aposto-

318 1217 380 1272 lis
406 1218 810 1291 praestitisset)3
849 1221 937 1273 sed
962 1220 1036 1273 ita
1063 1231 1116 1274 ut
1141 1221 1447 1293 praecipuae
1466 1221 1838 1293 jurisdictionis
1864 1220 2111 1292 primatus
2126 1218 2181 1291 *)

318 1325 422 1361 non
449 1308 768 1372 excludatur,
795 1307 880 1377 qui
900 1326 1010 1360 cum
1027 1308 1132 1363 vim
1160 1309 1377 1379 aliquam
1405 1308 1685 1362 coactivam
1712 1310 1893 1362 debeat
1920 1308 2184 1362 continere

320 1393 514 1468 (neque
552 1394 685 1448 enim
716 1394 1006 1467 jurisdictio
1036 1395 1146 1449 sine
1171 1395 1224 1451 vi
1250 1395 1512 1461 coactiva,
1553 1414 1682 1466 quae
1721 1396 1946 1449 subditos
1974 1396 2183 1468 obliget,

319 1482 538 1555 intelligi
563 1482 792 1557 potest)3
834 1483 959 1538 haec
996 1484 1055 1537 ad
1097 1503 1210 1538 eam
1247 1483 1496 1538 unitatem
1537 1483 1839 1537 catholicam
1866 1483 2182 1556 potissimum

320 1573 468 1627 debet
496 1571 731 1644 adigere,
774 1574 836 1626 ad
874 1592 1022 1644 quam
1062 1572 1417 1628 continendam
1455 1582 1507 1627 et
1543 1573 1897 1627 vindicandam
1936 1573 2186 1644 primatus

318 1660 581 1714 institutus
607 1660 716 1712 fuit.

467 1747 520 1801 3.
561 1746 809 1818 Equidem
847 1745 947 1802 SS.
988 1746 1178 1802 Patres
1226 1748 1286 1802 de
1335 1748 1633 1803 instituendi
1681 1748 1929 1821 primatus
1982 1749 2184 1803 ratione

324 1836 638 1891 enucleatius
667 1848 910 1910 agenteS,
952 1838 1082 1892 hanc
1107 1836 1211 1892 vim
1251 1836 1533 1893 coactivam
1572 1837 1777 1910 primati
1803 1837 2039 1891 collatam
2081 1856 2183 1890 non

323 1927 538 1980 obscure
576 1925 868 1992 insinuant,
910 1946 1020 1981 cum
1061 1926 1231 1980 dicunt
1267 1927 1350 1981 vel
1389 1945 1499 1980 cum
1539 1924 1596 1980 S.
1636 1925 1851 1980 Irenaeo
1891 1924 2052 1997 (Vid.
2091 1924 2180 1979 inf.

323 2035 366 2069 c.
399 2015 486 2068 13.
515 2015 562 2084 §-
597 2014 709 2088 l.),
736 2036 951 2070 neccsse
980 2036 1092 2069 esse
1120 2036 1302 2070 omnes
1328 2019 1565 2086 undique
1588 2018 1780 2087 fideles
1809 2034 1919 2068 cum
1947 2013 2184 2068 Romana

321 2104 623 2176 Apostolica
649 2107 768 2159 sede
794 2109 1106 2167 convenire,
1133 2123 1223 2158 seu
1248 2104 1496 2158 unitatem
1523 2114 1719 2168 tenere,
1742 2110 1977 2173 propter
1996 2110 2185 2170 poten-

320 2188 512 2246 tiorem
541 2195 1039 2263 principalitatem,
1085 2193 1219 2247 idest
1252 2203 1463 2267 propter
1514 2191 1816 2265 primatum3
1856 2191 1940 2246 vel
1978 2208 2089 2244 cum
2127 2187 2184 2242 S.

322 2279 672 2355 Hieronynm,
711 2281 925 2336 Petrum
963 2282 1246 2353 praelatum
1287 2281 1536 2346 caeteriS,
1579 2278 1679 2352 (ibi
1717 2279 1763 2348 §.
1794 2277 1877 2351 7.)
1917 2287 1977 2332 ut
2011 2283 2188 2349 capite

322 2375 611 2424 constituto
650 2372 952 2424 schismatis
990 2372 1219 2424 tollatur
1258 2373 1507 2431 occasio;
1545 2368 1629 2423 vel
1669 2386 1777 2421 cum
1822 2365 2045 2438 Optato,
2089 2364 2187 2437 (ibi

323 2460 370 2528 ἓ.
399 2458 483 2531 4.)
522 2456 579 2511 S.
620 2458 781 2512 Petro
822 2458 1020 2523 claveS,
1062 2477 1190 2529 quae
1222 2457 1629 2531 jurisdictionem
1667 2473 1726 2508 ac
1762 2453 1865 2509 vim
1904 2452 2186 2508 coactivam

325 2547 646 2619 significant,
686 2549 824 2600 bono
853 2550 1075 2600 unitatis
1103 2547 1248 2600 datas
1274 2546 1462 2612 fuisse3
1503 2563 1632 2616 quae
1669 2542 1928 2597 sententia
1956 2541 2082 2595 satis
2110 2541 2187 2594 in-

325 2635 485 2702 dicat,
527 2634 584 2689 S.
614 2634 828 2690 Petrum
869 2636 1069 2701 claveS,
1109 2634 1242 2689 idest
1281 2633 1562 2688 coactivam
1595 2629 2003 2704 jurisdictionem
2045 2649 2190 2684 acce-

325 2723 492 2797 pisse,
545 2743 648 2778 non
685 2734 741 2776 ut
779 2722 1025 2777 unitatem
1065 2732 1262 2776 tantum
1300 2729 1746 2795 repraesentaret,
1798 2719 1858 2773 ad
1896 2719 2027 2790 quod
2065 2718 2186 2771 nihil

328 2811 551 2867 clavibus
570 2853 583 2878 ,
619 2813 702 2867 vel
728 2811 1001 2885 praecipua
1019 2810 1376 2884 jurisdictione
1403 2829 1528 2884 opus
1557 2820 1662 2864 est:
1705 2808 1792 2862 sed
1830 2817 1886 2860 ut
1913 2827 2024 2861 eam
2053 2826 2188 2861 com-

327 2911 540 2974 poneret
567 2911 619 2955 et
657 2900 962 2967 custodiretg
1003 2900 1134 2971 quod
1170 2899 1281 2954 sine
1306 2899 1359 2954 vi
1387 2900 1450 2953 ad
1488 2898 1738 2951 unitatem
1779 2895 2077 2948 catholicam
2106 2912 2190 2947 co-

328 3000 499 3061 gente,
528 3009 656 3060 quae
684 2989 960 3043 schismata
990 3007 1046 3043 ac
1074 2986 1348 3042 divisiones
1375 2985 1644 3058 impediat,
1670 2983 1750 3037 vel
1779 2981 2013 3052 disjiciat,
2042 3000 2190 3053 prae-

329 3078 459 3131 stari
485 3097 587 3132 non
614 3088 801 3151 potest.
856 3077 1004 3132 Unde
1041 3076 1241 3130 celebre
1278 3074 1398 3128 illud
1437 3071 1628 3127 laudati
1667 3069 1890 3125 doctoris
1918 3068 1975 3123 S.
2005 3069 2192 3123 Hiero-

330 3166 473 3239 nymi
509 3166 563 3220 in
599 3166 802 3238 dialogo
841 3175 1021 3220 contra
1054 3162 1412 3218 Luciferianos
1450 3181 1586 3215 num.
1615 3159 1668 3214 9.
1723 3161 2004 3213 Ecclesiae
2046 3161 2190 3212 salus

331 3259 386 3310 in
413 3258 600 3308 summi
625 3258 941 3310 Sacerdotis
968 3257 1231 3327 diynitatc
1250 3254 1474 3323 pendet,
1500 3253 1588 3305 cui
1614 3253 1662 3303 si
1686 3270 1794 3302 non
1821 3246 2008 3302 Exons
2037 3267 2194 3319 quac-

393 3419 436 3470 ¹⁸)
466 3421 555 3463 Vim
589 3422 759 3472 quidem
791 3423 1026 3463 coactivam
1058 3431 1141 3462 non
1175 3417 1338 3460 excludi
1385 3416 1438 3456 ob
1472 3416 1933 3469 repraesentationem,
1983 3426 2057 3453 seu
2090 3414 2193 3465 figu-

331 3494 419 3526 ram
451 3482 640 3530 unitatis,
671 3482 740 3522 vel
771 3480 1007 3532 Ecclesiae,
1039 3484 1157 3536 patet
1189 3492 1240 3521 ex
1272 3477 1475 3519 Conciliis
1503 3477 1792 3529 generalibus,
1826 3487 1935 3527 quae
1969 3475 2067 3514 licet
2101 3475 2193 3514 uni-

333 3555 492 3584 versam
525 3543 760 3584 Ecclesiam
794 3546 1140 3596 repraesentent,
1172 3541 1212 3581 vi
1247 3543 1384 3580 tamen
1415 3538 1593 3578 maxime
1627 3537 1821 3579 coactiva
1854 3536 2089 3590 potiuntur.
