2314 3984
680 260 1329 318 ——mil--—

100 437 593 511 cognoscebant5vut
623 448 688 484 ne
725 441 892 485 tamen
928 448 1100 484 eorum
1134 443 1379 500 responsa
1414 439 1708 496 quemquam
1744 443 1834 499 per
1857 444 1914 480 se

100 531 356 595 cogerent.
407 519 523 573 Una
558 517 853 589 Apostolica
887 517 1031 571 sedes
1066 515 1263 569 ratione
1298 511 1547 585 primatus
1564 511 1790 565 omnibus
1814 508 1915 565 Ec·'

101 609 264 663 clesiis
289 606 542 680 praelata,
579 604 926 658 auctoritatem
961 603 1016 656 in
1050 618 1226 655 omnes
1250 615 1466 653 exerere
1503 607 1568 651 et>
1590 597 1651 651 ad
1674 597 1916 651 unitatem

101 712 270 748 omnes
307 711 488 764 cogere
524 700 742 763 poterat.
782 688 948 742 ..Hinc
980 687 1025 740 si
1069 686 1123 739 in
1157 684 1323 739 causis
1349 682 1665 755 gravioribus
1691 684 1752 737 ad
1790 683 1916 738 alios

99 779 374 853 Episcopos
399 797 469 832 ex
494 778 651 830 libera
674 777 931 831 voluntate
954 772 1245 845 quandoque
1270 771 1480 824 relatum
1504 769 1613 835 fuit,
1641 770 1703 822 ad
1728 768 1918 823 Roma-

98 884 213 918 nam
238 867 403 918 sedem
430 875 484 916 ut
509 865 800 927 referretur,
826 858 1104 914 necessitas
1129 867 1181 911 et
1206 857 1422 910 debitum
1447 873 1643 927 semper
1668 855 1916 926 agnitum:

99 952 227 1004 unde
252 949 310 1004 S.
339 947 561 1022 Cyrillus
599 968 655 1003 se
689 949 740 1002 in
777 948 919 1019 culpa
954 947 1169 998 futurum
1197 941 1492 1007 affirmavit,
1530 941 1574 994 si
1600 941 1660 994 de
1685 939 1915 995 Nestorii

100 1036 410 1107 dogmatibus
445 1038 506 1089 ad
542 1033 881 1090 Caelestinum
922 1050 1023 1085 non
1060 1032 1277 1084 referret
1314 1026 1507 1100 (Epist.
1535 1027 1588 1081 8.
1626 1027 1758 1079 inter
1784 1024 1917 1080 Cae-

100 1122 267 1175 lestini
301 1122 495 1193 epistol.
534 1119 652 1174 edit.
690 1117 753 1171 P.
782 1116 1070 1172 Constantii
1096 1136 1146 1169 n.
1177 1115 1288 1185 1.),
1330 1113 1558 1183 additque
1591 1130 1646 1165 se
1683 1115 1916 1166 scribere

93 1209 259 1276 plane
295 1211 604 1260 necessitate
641 1208 905 1259 adactum.
960 1203 1055 1259 Cui
1091 1218 1375 1256 consonans
1399 1197 1659 1271 Ephesina
1693 1200 1916 1270 synodus

100 1311 154 1346 se
181 1293 241 1345 ad
266 1292 486 1345 eumdem
509 1292 692 1346 idcirco
719 1293 911 1346 referre
937 1291 1033 1356 ait,
1063 1293 1311 1360 quoniam
1337 1287 1619 1355 oportebat
1644 1290 1819 1338 omnia
1846 1288 1921 1338 ad

101 1382 370 1432 scientiam
405 1386 527 1431 tuae
570 1380 881 1431 sanctitatis
920 1381 1139 1446 referri.
1191 1374 1260 1426 Et
1285 1371 1604 1425 Innocentius
1630 1369 1668 1421 Ι.
1709 1370 1809 1441 (lbi
1836 1390 1913 1442 ep.

102 1463 188 1516 20.
218 1481 267 1514 n.
298 1462 378 1532 1.)
404 1463 456 1515 in
483 1464 663 1516 litteris
691 1465 752 1516 ad
778 1462 1033 1516 concilium
1060 1460 1407 1514 Milevitanum
1433 1459 1575 1528 hujus
1602 1456 1918 1510 necessitatis

103 1567 303 1601 causam
341 1567 400 1600 eo
440 1567 682 1603 revocans
722 1568 856 1601 num.
885 1549 936 1601 2.
976 1549 1122 1618 quod
1145 1567 1252 1615 per
1289 1553 1453 1598 totum
1477 1546 1724 1596 niundum
1745 1548 1922 1612 possit

105 1637 361 1687 Ecclesiis
399 1637 635 1688 omnibus
673 1640 728 1687 in
765 1653 1033 1688 commune
1060 1635 1349 1702 prodesse,
1398 1629 1745 1683 auctoritatem
1783 1630 1917 1682 illam

101 1719 311 1783 indicat,
348 1738 445 1788 qua
482 1739 582 1773 una
605 1738 779 1773 omnes
819 1719 972 1770 totius
998 1717 1134 1770 orbis
1160 1716 1419 1770 Ecclesiae
1453 1717 1514 1768 ad
1538 1716 1781 1768 unitatem
1806 1716 1918 1768 fidei

102 1814 417 1876 cogerentur.
470 1807 698 1874 Nempe,
735 1813 792 1858 ut
817 1811 1093 1872 postrema
1127 1804 1285 1854 verba
1310 1805 1535 1853 innuunt
1559 1800 1826 1872 (observat
1851 1800 1915 1854 P.

103 1888 426 1943 Coustantius
473 1890 523 1943 in
566 1892 777 1962 praefat.
831 1889 890 1941 ad
941 1889 1086 1960 epist.
1128 1887 1344 1941 Roman.
1384 1885 1634 1958 pontifi),
1682 1892 1925 1956 oportuit

101 1997 258 2030 unam
297 1978 530 2045 aliquam
565 1984 618 2028 et
651 1978 972 2046 sinyularem
1011 1977 1309 2029 Ecclesiam
1355 1994 1388 2026 a
1426 1974 1546 2025 Deo
1582 1978 1920 2027 constitutam

103 2083 229 2123 esse,
256 2082 389 2132 quae
410 2069 685 2130 praeesset
711 2063 856 2121 aliis,
881 2067 1031 2134 cujus
1057 2081 1158 2130 ope
1184 2069 1341 2131 atque
1368 2063 1687 2112 auctoritate
1708 2080 1811 2128 per
1838 2081 1919 2112 or-

104 2151 214 2200 bem
237 2156 502 2199 terrarum
531 2166 731 2198 omnem
756 2151 1170 2207 innotescerent,
1209 2166 1343 2215 quae
1370 2150 1424 2197 in
1443 2149 1742 2212 provinciis
1762 2165 1920 2213 pecu-

105 2235 327 2286 liaribus
353 2236 665 2301 deteyantur
693 2233 1079 2285 haereticorum
1102 2235 1327 2302 flayitia,
1354 2250 1583 2292 errores,
1609 2233 1739 2292 doli,
1766 2251 1919 2300 quac-

106 2340 204 2389 que
231 2321 312 2371 his
338 2321 492 2371 malis
519 2319 821 2370 adhibenda
847 2323 954 2370 sint
976 2321 1239 2378 remedia,
1275 2325 1334 2369 ut
1357 2316 1507 2388 (nota
1531 2333 1731 2387 scopum
1760 2319 1921 2370 unita-

104 2406 169 2458 tis
194 2403 334 2475 fidei)
386 2402 537 2455 UNA
573 2402 854 2454 EADEM
859 2405 906 2464 Q
919 2404 1020 2455 UE
1050 2407 1279 2455 omnium
1309 2410 1583 2471 perstaret
1605 2406 1921 2472 incorrupta

104 2491 362 2550 FIDES,
398 2509 566 2558 neque
604 2493 980 2542 communionis
1019 2497 1113 2542 aut
1143 2493 1298 2558 pacis
1334 2490 1545 2540 vincula
1570 2490 1918 2542 solverentur.

104 2574 199 2629 Vis
234 2594 355 2645 ergo
394 2575 618 2630 coactiva
653 2575 861 2629 unitatis
894 2575 1006 2628 fidei
1041 2575 1176 2628 bisce
1211 2575 1262 2627 in
1297 2573 1623 2627 relationibus
1660 2572 1922 2627 Romanae

106 2660 235 2712 sedis
262 2661 546 2712 auctoritati
581 2661 818 2713 attributa
850 2663 968 2725 fuit,
998 2661 1108 2714 sine
1144 2680 1242 2730 qua
1277 2679 1363 2713 cur
1396 2670 1659 2730 tantopere
1701 2660 1763 2712 ad
1788 2660 1921 2713 illam

106 2745 418 2797 auctoritatis
458 2763 607 2798 causa
645 2765 715 2798 ex
749 2747 986 2800 universo
1025 2747 1145 2799 orbe
1195 2748 1505 2799 referrentur
1544 2747 1921 2798 controversiae

108 2830 241 2882 circa
266 2831 431 2894 fidem,
458 2830 579 2883 nihil
603 2831 796 2883 fuisset.
863 2860 866 2863 ·

248 2916 335 2967 51.
375 2914 482 2968 Hac
508 2916 700 2985 quidem
726 2917 785 2969 de
819 2935 875 2969 re
901 2935 964 2970 ne
990 2917 1248 2986 quicquam
1287 2912 1592 2976 dubitemuS,
1633 2914 1728 2985 ipsi
1765 2913 1922 2968 Galli-

107 3001 218 3053 cani
242 3011 524 3072 postremae
550 3020 743 3071 quoque
769 3003 949 3055 aetatis
968 3001 1205 3073 Episcopi
1231 2998 1670 3052 luculentissimum
1695 3003 1922 3054 testimo-

108 3085 239 3136 nium
263 3087 530 3156 praebent,
571 3106 680 3140 cum
718 3106 848 3140 anno
879 3088 1034 3142 1653.
1075 3087 1356 3140 scribentes
1396 3086 1455 3137 ad
1480 3083 1820 3138 Innocentium
1845 3086 1918 3138 X.

109 3169 159 3220 in
186 3186 338 3222 causa
361 3169 684 3239 lanseniana,
722 3183 944 3227 veterem
982 3172 1231 3227 referendi
1267 3190 1457 3223 morem
1483 3188 1704 3224 summae
1731 3171 1922 3224 Roma-

109 3272 204 3306 nae
232 3253 363 3306 sedis
398 3263 703 3312 auctoritati
736 3260 862 3332 apud
898 3259 1149 3329 antiquam
1174 3256 1452 3309 Ecclesiam
1479 3265 1803 3324 perspectae
1827 3259 1920 3311 tri-

109 3340 289 3403 buunt,
326 3343 413 3392 cui
446 3341 735 3396 Christiani
766 3365 942 3398 omnes
980 3363 1050 3396 ea:
1089 3346 1271 3412 officio
1309 3345 1475 3410 ipsius
1504 3361 1710 3411 quoque
1734 3349 1918 3396 mentis

108 3426 408 3494 obsequium
450 3433 735 3494 praestare
789 3437 1056 3483 tenentur.-
1109 3427 1283 3497 quibus
1334 3445 1455 3479 sane
1505 3427 1565 3479 ad
1614 3427 1712 3480 vim
1773 3429 1918 3499 plane

109 3509 377 3563 coactivam
425 3510 770 3564 declarandam
816 3514 1037 3584 pressius
1085 3512 1178 3565 dici
1226 3510 1348 3563 nihil
1392 3511 1566 3583 potuit.
1643 3512 1751 3567 Hac
1797 3532 1920 3565 sane

165 3600 212 3634 Ρ.
246 3599 401 3635 Baller.
436 3600 483 3634 de
515 3601 689 3636 Primatu
723 3606 798 3638 etc.
1474 3597 1535 3649 11
