2314 3984
977 207 1645 293 *1³32*-

384 381 604 448 tentius,
638 402 730 437 seu
756 385 1091 439 auctoritates
1118 375 1551 445 Rotnssmffififfiis
1574 390 1853 445 credendas
1887 391 2151 464 proponit,
2189 400 2249 445 ut

376 488 638 538 prorsus,
664 467 854 540 inquit,
890 489 1001 526 nou
1043 474 1706 542 opinemurcaetlaetiam,
1746 479 1897 550 quod
1920 482 2251 550 apparuerit

375 558 655 624 praefixis
679 561 958 613 sententiis
995 579 1108 614 esse
1147 563 1499 615 contrarium.
1520 561 1775 619 =.T⁴'antam
1812 585 1937 638 ergo
1963 565 2247 620 necessita-

382 650 485 694 tem
510 641 722 698 unitatis
749 663 858 700 cum
886 646 1105 701 decretis
1130 647 1246 702 fidei
1273 647 1541 703 Romanae
1566 650 1702 704 sedis
1725 651 1855 715 idem
1880 663 2060 709 auctor
2088 672 2246 726 agno-

382 727 487 795 vit,
514 739 571 783 ut
595 731 826 803 quidquid
853 751 966 787 cum
993 735 1100 806 ejus
1126 735 1500 790 definitionibus
1537 745 1642 790 non
1676 740 1996 806 conveniret,
2037 741 2246 796 catholi-

385 834 496 870 cum
522 817 902 890 haudquaquam
930 820 1208 876 habendum
1227 824 1522 879 crediderit.

531 904 620 960 63.
673 906 904 962 Joannes
943 908 1295 965 Antiochenus
1331 910 1581 966 Nestorio
1618 912 1830 984 primum
1866 914 2075 980 favenS,
2102 931 2132 966 a
2162 931 2246 966 ca-

382 991 570 1047 tholica
598 996 948 1051 communione
976 1007 1278 1070 segregatus
1306 999 1505 1054 fuerat.¹
1523 997 1659 1054 Cum·
1680 1019 1806 1054 vero
1831 997 2080 1055 Nestoi-io
2106 1010 2246 1073 post-

383 1080 580 1134 modum
617 1082 858 1138 derelicto
891 1085 944 1138 in
984 1086 1382 1140 communionem
1437 1085 1736 1141 catholicam
1775 1088 1954 1141 fuisset
1991 1098 2245 1160 receptuS,

383 1163 589 1239 Xystus
615 1168 700 1222 ΠΙ.
730 1170 931 1227 litteras
960 1174 1021 1228 ad
1046 1173 1206 1246 ipsum
1234 1173 1395 1240 dedit,
1436 1174 1489 1227 in
1517 1174 1698 1246 quibus
1724 1175 1970 1229 unitatem
1996 1175 2108 1229 fidei
2135 1194 2246 1229 cum

384 1253 620 1309 Romano
647 1256 900 1313 Pontifice
925 1263 1222 1324 (uobiscum
1248 1265 1469 1329 sentire)
1495 1281 1598 1315 non
1625 1263 1772 1315 modo
1798 1262 1999 1328 utilem,
2041 1263 2129 1316 sed
2155 1281 2245 1316 ne-

331 1415 336 1418 .
386 1343 662 1395 cessariam
697 1344 854 1398 etiam
893 1364 954 1399 ca
993 1347 1184 1400 efficaci
1226 1347 1426 1402 ratione
1467 1349 1708 1415 adstruit,
1747 1350 1879 1420 quod
1911 1349 2062 1414 fides,
2098 1367 2246 1419 quam

384 1426 533 1482 Petri
559 1419 885 1485 successores
915 1430 1135 1486 Romani
1163 1431 1442 1488 Pontifices
1469 1445 1749 1505 sequuntur
1776 1444 1827 1489 et
1854 1435 2052 1501 docent,
2073 1436 2246 1490 eadem

387 1515 454 1568 sit
480 1535 539 1571 ac
566 1517 718 1585 fides,
758 1538 904 1590 quam
934 1517 990 1573 S.
1021 1519 1212 1575 Petrus
1250 1522 1310 1576 de
1337 1519 1534 1576 Christi
1573 1541 1662 1576 ore
1698 1521 2247 1596 acceptam'Romanae

384 1602 646 1659 Ecclesiae
665 1607 896 1675 tradidit3
926 1627 956 1661 a
978 1628 1076 1679 qua
1097 1610 1325 1682 profecto
1346 1628 1494 1663 nemo
1516 1609 1791 1664 catholicus
1812 1611 2037 1683 separari
2059 1621 2244 1683 potest.

386 1694 669 1762 Empertus
697 1715 782 1756 es,
820 1695 1012 1765 inquit,
1049 1701 1256 1768 ueyotii
1287 1702 1598 1768 praesentis
1626 1706 1842 1764 eventu,
1883 1702 2018 1769 quid
2040 1703 2111 1752 sit
2134 1719 2247 1752 seu-

381 1783 487 1833 tire
526 1784 814 1835 nobiscum.
895 1783 967 1836 B.
1012 1785 1212 1839 Petrus
1248 1783 1544 1854 Apostolus
1589 1788 1643 1837 iu
1682 1788 2079 1840 suecessoribus
2118 1791 2247 1848 suis,

386 1870 533 1938 quod
568 1874 807 1939 aceepit,
846 1871 949 1924 ltoc
986 1875 1234 1926 tra-didit.
1298 1874 1431 1933 Quis
1472 1875 1539 1926 ab
1582 1878 1694 1944 ejus
1735 1875 1865 1926 velit
1899 1895 1955 1927 se
1985 1894 2248 1944 separare

384 1957 667 2018 doctriua,
694 1977 848 2027 quem
886 1961 1004 2027 ipse
1029 1963 1171 2013 iuter
1209 1951 1506 2031 Apostolos
1537 1963 1777 2029 primum
1818 1962 2087 2032 Magister
2126 1966 2247 2015 edo-

385 2046 531 2096 cuit?
578 2044 704 2096 Non
734 2046 877 2098 laune
911 2049 1130 2100 auditus
1160 2068 1266 2117 per
1306 2050 1567 2108 alterum,
1603 2068 1712 2099 nou
1755 2068 1928 2101 sermo
1969 2051 2136 2102 lectus
2173 2053 2247 2101 in-

384 2134 612 2183 struxit.-
640 2133 832 2185 doctus
872 2140 953 2185 est
976 2152 1097 2186 cum
1136 2137 1262 2186 aliis
1297 2154 1392 2186 ore
1431 2135 1708 2187 Doctoris.
1764 2135 1890 2187 Nou
1927 2139 2250 2204 scripturae,

383 2239 492 2272 non
520 2223 847 2289 scriptorum
866 2239 1067 2289 passus
1096 2229 1178 2274 est
1202 2225 1584 2292 quaestionem.
1631 2221 1948 2275 Absolutum
1976 2230 2028 2275 et
2050 2225 2249 2292 simpli-

385 2327 496 2360 cem.
516 2311 696 2378 fidem,
723 2315 778 2361 et
801 2328 940 2378 quae
968 2313 1394 2363 controversiam
1420 2329 1528 2362 nou
1559 2311 1797 2373 liaberet,
1817 2304 2247 2381 accepit(P1·aef.

384 2396 435 2448 in
464 2395 612 2467 epist.
644 2395 796 2449 Rom.
815 2384 1021 2449 Pontis.
1052 2415 1103 2449 n.
1127 2397 1268 2469 36).
1322 2396 1379 2450 Iu
1419 2415 1548 2468 quae
1573 2399 1731 2453 verba
1774 2399 2014 2452 observat
2042 2397 2249 2468 egregie

384 2481 448 2534 P.
467 2480 829 2536 Constantius:
872 2486 974 2536 Ubi
999 2487 1170 2537 obiter
1197 2488 1440 2537 notanda
1466 2489 1544 2538 vis
1573 2489 1893 2555 uryumeuti,
1921 2502 2025 2555 quo
2041 2486 2246 2554 Xystus

386 2571 452 2622 ab
479 2572 622 2623 sedis
650 2569 1002 2639 Apostolicae
1029 2574 1285 2624 doctrina
1320 2573 1709 2625 discedendum
1748 2591 1857 2624 uon
1886 2591 1999 2625 esse
2018 2573 2245 2641 probat:

387 2661 516 2727 quia
541 2661 793 2711 nimirum
809 2660 944 2712 lmec
965 2663 1235 2729 ipsissima
1257 2667 1338 2712 est
1355 2661 1626 2721 doctrina,
1654 2679 1814 2729 quam
1832 2678 1940 2711 nou
1956 2679 2027 2712 ex
2042 2663 2251 2711 incerta

388 2746 660 2799 homiuum
685 2749 973 2808 relatione,
1002 2755 1099 2801 aut
1123 2767 1195 2800 ex
1224 2750 1378 2801 libris
1404 2749 1644 2801 obscuris
1673 2753 1726 2798 et
1751 2747 1996 2816 a'mbique
2014 2749 2249 2815 scriptis,

384 2835 483 2885 secl
507 2852 579 2886 ea:
612 2836 887 2902 primario
927 2837 1170 2889 veritatis
1192 2840 1378 2905 fonte,
1405 2838 1509 2889 lioc
1538 2843 1619 2889 est
1645 2855 1717 2888 ex
1745 2837 1870 2904 ipso
1907 2832 2112 2887 Christi
2137 2852 2250 2893 ore,

387 2924 600 2990 accepit
617 2922 830 2982 Petrus,
860 2928 911 2973 et
936 2925 1135 2975 excinde
1160 2925 1443 2977 Ecclesiae
1470 2942 1600 2976 suae
1627 2923 1950 2975 servandam
1976 2924 2248 2989 impertiit.

395 3008 548 3060 Unde
576 3013 817 3079 sequitur
845 3010 1172 3071 absolutam,
1201 3013 1516 3079 simplicem,
1544 3015 1598 3061 et
1620 3009 2026 3060 coutroversiae
2054 3025 2246 3074 casper-

384 3102 488 3148 tem
507 3097 627 3149 *esse
656 3095 1008 3167 Apostolieae
1033 3099 1177 3150 sedis
1199 3099 1377 3167 fidem.
1431 3091 1868 3148 Commentarium
1905 3091 2004 3146 viri
2044 3093 2248 3146 minime

386 3183 604 3255 suspecti
646 3185 772 3238 satis
807 3196 937 3238 esto.

1210 3286 1256 3355 ἓ.
1299 3284 1418 3338 x11.

937 3378 1201 3419 fflstimonia
1236 3379 1279 3418 S.
1332 3366 1487 3417 Lrlonis
1522 3373 1695 3425 Magni.

531 3463 620 3517 64.
675 3463 732 3518 S.
761 3464 872 3519 Leo
901 3464 1143 3537 Magnus,
1170 3463 1253 3536 qui
1279 3459 1335 3517 S.
1366 3461 1510 3516 Petri
1539 3459 1806 3534 primatum
1835 3477 1901 3515 cx
1931 3455 2245 3528 Evangelico

390 3551 473 3606 illo
504 3561 650 3604 textu
680 3551 948 3606 identidem
978 3553 1224 3615 inculcat,
1259 3542 1342 3602 'Tu
1371 3570 1423 3602 es
1456 3550 1652 3602 Petrus
1672 3590 1684 3609 ,
1725 3554 1776 3600 et
1801 3565 1962 3615 super
1994 3546 2134 3597 hanc
2153 3564 2245 3614 pe-
