2314 3984
919 175 1576 238 *324*

322 339 384 394 11.
414 341 782 415 apologeticam
806 340 860 414 *)
887 331 1288 396 .Monachorum³
1304 342 1551 418 Scythiae
1582 364 1692 420 cap.
1723 346 1771 399 l.
1813 345 1895 398 ubi
1934 346 2174 417 quasdam

321 429 715 502 propositioneS,
754 427 905 481 immo
932 438 983 483 et
1007 429 1166 485 verba
1192 427 1470 500 aequivoca
1491 433 1558 487 in»
1573 435 1775 491 diverso
1815 451 1968 488 sensu
1992 433 2173 488 Eccle-

321 517 448 570 siam
474 516 620 568 modo
649 516 985 588 approbasse,
1020 517 1165 570 modo
1190 518 1492 591 reprobasse
1516 522 1760 589 ostendit„
1798 532 1853 575 ut
1887 541 1952 577 ne
1986 522 2170 576 infalli-

320 603 500 657 bilitati
525 605 634 676 ejus
660 603 1018 675 praejudicium
1045 615 1262 659 creetur.

466 692 556 746 43.
600 688 732 759 Quid
758 711 928 746 morer
953 691 1006 744 in
1032 695 1380 767 respondendo
1407 696 1619 768 objectis
1645 693 1702 750 S.
1733 695 2030 752 Columbani
2054 718 2171 753 ver-

320 780 397 834 bis
424 798 494 834 ex
533 779 748 853 epistola
785 780 846 832 ad
871 778 1189 836 Bonifacium
1213 782 1308 839 1V.
1342 783 1426 837 ubi
1461 783 1690 856 scripsit:
1729 787 1894 839 Multi
1930 788 2176 840 dubitant

321 871 387 922 de
409 871 544 940 fidei
567 876 776 922 vestrae
795 872 1069 938 puritate3
1104 881 1352 944 rogatque
1369 913 1383 938 ,
1423 880 1484 926 ut
1514 875 1693 944 caliyo
1729 876 2050 943 suspicionis
2076 876 2173 927 tol·

323 959 468 1011 latur
496 960 563 1010 de
590 958 854 1010 cathedra
886 959 942 1010 S.
975 959 1132 1012 Petri
1142 980 1160 1023 ,-
1189 970 1239 1014 et
1267 960 1429 1013 addit:
1458 961 1586 1015 Jam
1610 970 1788 1015 vestra
1814 964 1978 1032 culpa
2005 970 2099 1028 est,
2127 965 2175 1015 si

320 1066 412 1099 vos
439 1049 692 1100 deviastis
720 1048 786 1098 de
813 1065 943 1099 vera
962 1049 1187 1118 fiducia,
1215 1057 1268 1102 et
1284 1053 1518 1119 primam
1531 1053 1698 1121 fidem
1719 1054 1931 1103 irritam
1948 1053 2174 1119 fecistis.

324 1137 523 1188 Merito
566 1138 729 1188 vestri
748 1138 1003 1208 juniores
1041 1135 1211 1208 (idest
1248 1137 1582 1208 inferiores)
1622 1139 1769 1191 vobis
1805 1142 2087 1200 resistunt,
2125 1146 2178 1190 et

321 1227 510 1276 merito
561 1225 830 1276 vobiscum
869 1243 978 1276 non
1013 1230 1417 1279 communicant.
1495 1224 1574 1279 Ita
1622 1236 1827 1280 sanctus
1862 1226 1971 1292 vir,
2013 1244 2174 1280 novus

321 1311 468 1363 homo
508 1329 578 1364 ex
611 1309 859 1362 Hibernia
895 1311 976 1364 vel
1007 1307 1184 1363 Scotia
1218 1313 1271 1364 in
1308 1312 1505 1366 Italiam
1540 1313 1634 1367 vix
1660 1314 1926 1379 adductus,
1964 1314 2175 1385 ignarus

320 1418 488 1452 rerum
515 1408 778 1470 gestarum
804 1396 938 1450 circa
964 1402 1311 1468 quaestionem
1338 1400 1397 1452 de
1423 1400 1585 1453 tribus
1613 1398 1886 1473 Capitulis,
1915 1401 2176 1473 deceptus-

321 1506 415 1558 que
445 1506 474 1539 a
500 1485 834 1540 schismaticis
874 1485 1086 1539 istarum
1115 1492 1363 1560 partium,
1402 1487 1502 1555 ita,
1537 1489 1770 1560 inquam,
1810 1490 1982 1542 laesae
2007 1489 2120 1543 fidei
2147 1508 2175 1541 a

323 1575 588 1629 Romanae
616 1574 750 1628 sedis
777 1572 1140 1643 Pontificibus,
1185 1577 1267 1648 qui
1295 1579 1467 1631 eadem
1497 1574 1733 1649 Capitula
1751 1579 1859 1649 jam
1885 1576 1998 1630 inde
2027 1596 2057 1630 a
2083 1576 2177 1631 Vi-

322 1663 442 1734 gilio
471 1664 865 1728 damnaverant,
908 1662 1107 1716 dubium
1153 1677 1203 1719 et
1241 1666 1575 1739 suspicionem
1615 1665 1882 1737 inspersit,
1923 1683 1993 1718 ex
2019 1664 2176 1718 schis-

323 1752 620 1805 maticorum
645 1752 816 1822 utique
844 1770 997 1805 sensu
1014 1792 1027 1817 ,
1058 1770 1087 1804 a
1113 1753 1291 1823 quibus
1318 1754 1543 1826 ipsorum
1572 1751 1918 1826 Capitulorum
1946 1753 2176 1807 condem-

322 1837 529 1891 natione
551 1879 564 1904 ,
618 1838 850 1911 impetita
899 1839 1253 1893 venditabatur
1305 1839 1735 1895 Calchedonensis
1789 1842 1982 1896 concilii
2033 1843 2172 1895 fides.

322 1924 453 1994 Quid
481 1937 647 1980 autem
673 1928 818 1981 nobis
846 1929 1027 1982 obesse
1051 1941 1265 2001 possunt
1289 1931 1446 1985 verba
1473 1949 1543 1984 ex
1569 1930 2003 1983 schismaticorum
2025 1948 2177 1983 sensu

323 2035 352 2068 a
379 2014 437 2069 S.
465 2015 577 2070 viro
605 2035 695 2088 per
722 2017 1096 2089 subreptionem
1124 2018 1314 2091 scripta
1339 2018 1392 2070 in
1420 2037 1599 2085 causa,
1639 2020 1779 2090 cujus
1816 2017 2036 2071 definitio
2069 2020 2177 2090 jam

322 2105 384 2156 ab
413 2103 559 2156 annis
588 2105 790 2158 circiter
818 2105 1097 2178 sexaginta
1137 2125 1166 2158 a
1193 2106 1422 2177 generali
1450 2103 1679 2161 Concilio
1707 2105 1776 2160 V.
1813 2107 1974 2172 edita,
2014 2116 2065 2159 et
2093 2125 2179 2179 ap-

319 2192 562 2264 probata,
602 2203 753 2264 atque
793 2196 1093 2248 confirmata
1130 2211 1229 2246 non
1269 2193 1428 2246 solum
1456 2214 1486 2248 a
1512 2194 1738 2267 vigilio,
1777 2195 1864 2247 sed
1903 2213 1931 2247 a
1956 2195 2178 2267 pluribus

322 2281 476 2333 etiam
505 2282 829 2337 continuatae
857 2282 1195 2338 successionis
1222 2280 1472 2336 Romanis
1501 2281 1864 2352 AntistitibuS,
1900 2301 1993 2336 nec
2020 2302 2121 2336 non
2149 2301 2180 2335 a

324 2380 430 2422 tota
456 2368 692 2425 Ecclesia
718 2373 967 2426 catholica
994 2373 1181 2426 eisdem
1210 2371 1560 2426 consentiente
1587 2382 1816 2444 recepta,
1847 2390 1916 2425 ex
1941 2372 2064 2444 ipsis
2093 2373 2179 2424 ad-

323 2458 667 2513 versariorum
706 2460 966 2532 principiis
1006 2461 1058 2512 in
1098 2460 1296 2512 dubium
1336 2460 1569 2514 revocari
1606 2478 1707 2512 non
1751 2461 1988 2531 poterat?
2066 2456 2179 2526 Qua

323 2546 650 2599 cohaerentia
677 2548 929 2618 objectum
957 2547 1051 2600 hoc
1079 2548 1139 2599 ab
1166 2547 1265 2599 illis
1291 2547 1576 2618 ingeritur?
1630 2545 1842 2600 Erravit
1867 2548 2091 2618 profecto
2118 2545 2175 2600 S.

324 2630 668 2688 Columbanus
691 2634 1071 2688 criminationes
1092 2635 1523 2689 schismaticorum
1539 2633 1739 2687 incaute
1760 2634 2055 2707 suscipienS,
2071 2654 2181 2689 cum

324 2723 626 2793 praesertim
651 2722 886 2776 indicarit
907 2723 1107 2776 dubium
1127 2724 1187 2777 de
1207 2722 1510 2776 Pontificum
1531 2722 1625 2774 fide
1643 2721 1698 2781 in
1719 2722 2034 2792 quaestione,
2053 2742 2179 2794 quae

324 2810 526 2882 proprie
546 2830 648 2863 non
661 2812 973 2866 -versabatur
995 2811 1131 2865 circa
1147 2812 1261 2866 fidei
1279 2811 1560 2872 materiam,
1582 2810 1669 2863 sed
1690 2810 1825 2865 circa
1843 2829 2107 2883 personaS,
2130 2820 2182 2862 ut

325 2898 610 2952 notavimus
632 2918 785 2972 supra
805 2919 941 2952 num.
959 2899 1048 2954 39.
1087 2896 1189 2968 Qui
1209 2920 1362 2973 porro
1388 2901 1630 2972 ingerunt
1650 2900 1807 2952 verba
1826 2901 1930 2971 ejus
1956 2918 2046 2971 per
2067 2900 2181 2952 sub-

324 2985 607 3057 reptionem
635 3006 704 3041 ex
731 2988 1165 3042 schismaticorum
1193 3007 1410 3042 erroneo
1447 3006 1600 3041 sensu
1624 2986 1901 3059 improvide
1928 2997 2179 3058 suscepta.

325 3073 477 3128 velim
504 3076 671 3148 potius
700 3077 1164 3132 animadverterent
1189 3075 1275 3128 illa
1302 3094 1372 3129 ex
1396 3095 1486 3129 suo
1521 3093 1673 3129 sensu
1704 3076 1763 3127 ab
1788 3071 2181 3128 eodemColum-

326 3163 458 3216 bano
492 3163 804 3219 i11.ea1nde1n
833 3166 1096 3239 epistolam
1126 3165 1348 3218 inserta:
1377 3165 1496 3233 Eyo
1518 3166 1654 3216 enim
1686 3163 1850 3216 credo
1873 3182 2079 3232 semper
2099 3184 2180 3216 co-

451 3328 490 3379 ’)
519 3331 678 3373 Horum
722 3331 1020 3373 Monacborum
1064 3330 1392 3386 propositionem
1438 3328 1490 3368 de
1531 3338 1618 3368 uno
1661 3340 1712 3367 (α-
1754 3326 1971 3368 Trinitate
2003 3331 2084 3368 etc.
2129 3329 2181 3368 ab

327 3389 553 3431 Hormisda
574 3393 691 3445 Papa
714 3395 1032 3446 haudquaquam
1061 3393 1309 3439 damnatam,
1344 3395 1385 3430 et
1409 3389 1508 3442 quid
1531 3390 1571 3429 in
1602 3390 1704 3441 ipsis
1737 3388 2041 3441 reprehensum,
2074 3389 2182 3429 idem

328 3450 523 3492 Non-isius
556 3453 647 3494 fuse
679 3456 862 3509 explicat
897 3455 1064 3496 dissert.
1098 3454 1130 3493 1.
