2320 3990
287 994 564 1078 TITULl
600 990 969 1105 CAPITUM
1006 988 1282 1079 ATQUE
1324 988 1819 1070 SECTloNUM.

634 1307 856 1358 CAPUT
895 1309 929 1358 Ι.
1010 1307 1261 1373 Propositio
1293 1309 1457 1371 prima.

197 1398 243 1438 S.
261 1397 425 1438 Petrus
448 1395 566 1438 inter
585 1395 822 1459 Apostolos
851 1393 1086 1448 primatum
1110 1391 1284 1445 habuit,
1316 1405 1395 1447 qiu
1418 1391 1463 1432 in
1482 1390 1703 1433 Romanos
1721 1390 1834 1433 Pon

138 1455 280 1499 tifices
306 1455 403 1510 eJus
430 1455 712 1497 successores
734 1451 957 1494 transivit.
989 1451 1106 1493 Hinc
1129 1450 1244 1493 ratio
1265 1455 1311 1491 et
1326 1449 1395 1491 vis
1411 1449 1626 1505 primatus
1651 1449 1838 1492 istorum

141 1514 294 1557 eadem
330 1519 423 1565 est,
459 1527 512 1558 ac
546 1512 643 1566 illa,
680 1525 797 1568 quae
829 1510 919 1553 fuit
951 1509 1067 1553 ratio
1105 1515 1152 1552 et
1186 1510 1255 1552 vis
1271 1509 1499 1578 primatus
1524 1509 1572 1550 S.
1597 1509 1749 1551 Petri:
1793 1518 1840 1553 et

138 1573 304 1616 idcirco
332 1585 638 1628 quaecumque
663 1571 710 1612 S.
731 1570 867 1612 Petro
897 1573 1150 1625 congruunt
1177 1566 1451 1622 testimonia,
1478 1567 1595 1610 unde
1621 1568 1838 1623 primatus

138 1633 234 1686 ejus
270 1631 382 1672 ratio
411 1636 456 1671 et
483 1629 550 1671 vis
582 1628 801 1670 statuitur
831 1634 878 1670 et
909 1628 1177 1684 explicatur,
1219 1627 1415 1669 eadem
1403 1642 1447 1668 in
1481 1626 1676 1668 eamdem
1708 1628 1838 1684 plane

136 1690 401 1731 sententiam
427 1688 482 1731 de
506 1687 713 1730 Romanis
740 1686 1056 1739 Pontificibus,
1088 1699 1330 1741 eorumque
1356 1684 1550 1740 primatu
1576 1685 1836 1741 accipienda

135 1755 251 1791 sunt.
293 1774 1756 1790 ..................................................
1796 1760 1897 1803 pag
1930 1743 1956 1785 3

594 1835 819 1884 CAPUT
858 1835 914 1882 Π.
995 1833 1246 1899 Propositio
1280 1835 1493 1883 secunda.

193 1923 240 1964 S.
259 1922 384 1965 Petri
403 1927 450 1964 et
469 1921 765 1963 Romanorum
779 1918 1046 1961 Pontificum
1067 1918 1283 1976 primatus
1300 1934 1387 1961 non
1404 1923 1475 1960 est
1491 1918 1706 1974 primatus
1728 1919 1836 1960 meri

135 1981 325 2033 ordinis,
373 1981 453 2023 sed
492 1979 763 2036 praecipuae
802 1978 1109 2032 auctoritatis,
1155 1993 1237 2021 seu
1271 1978 1619 2034 jurisdictionis,
1664 1992 1719 2019 ex
1750 1993 1836 2034 quo

136 2040 378 2097 praecipua
402 2040 512 2097 ipsis
531 2040 637 2096 jura
662 2044 708 2081 et
730 2038 969 2080 facultates
995 2044 1269 2094 competant,
1291 2052 1475 2080 necesse
1501 2044 1571 2079 est
1574 2067 1827 2079 .........
1929 2035 1954 2078 7

613 2126 837 2175 CAPUT
875 2128 955 2175 III.
1032 2127 1284 2190 Propositio
1321 2131 1469 2176 tertia.

195 2211 281 2254 Hic
298 2212 568 2268 praecipuae
581 2208 919 2266 jurisdictionis,
938 2214 984 2252 et
999 2225 1084 2253 non
1100 2211 1211 2253 meri
1227 2209 1394 2252 ordinis
1411 2209 1625 2266 primatus
1642 2211 1689 2252 S.
1708 2211 1834 2253 Petri

136 2275 184 2313 et
198 2271 491 2330 Romanorum
510 2268 773 2312 Pontificum
796 2268 893 2323 ejus
914 2283 1219 2312 successorum
1236 2268 1482 2325 personalis
1500 2274 1595 2323 est,
1620 2284 1701 2312 seu
1715 2270 1836 2325 ipso-

135 2345 230 2372 rum
258 2343 475 2386 personae
502 2328 734 2383 alligatus3
765 2341 819 2368 ac
844 2327 1068 2382 proinde'
1051 2343 1126 2384 Jus
1152 2328 1370 2385 quoddam
1401 2328 1687 2384 praecipuum
1716 2328 1835 2384 ipso

136 2404 230 2431 rum
265 2388 518 2444 personale,
558 2387 677 2430 idest
708 2386 814 2429 nulli
845 2385 920 2428 alii
949 2400 1196 2442 commune,
1235 2387 1280 2428 in
1314 2402 1366 2429 eo
1398 2387 1589 2443 primatu
1616 2388 1835 2431 contineri

134 2447 280 2490 debet.
322 2447 438 2489 Hinc
461 2461 559 2489 cum
583 2446 671 2487 de
654 2460 778 2501 Jure,
810 2459 892 2488 seu
903 2446 1218 2502 jurisdictione
1237 2446 1419 2502 propria
1435 2445 1648 2501 primatus
1669 2446 1831 2500 agitur,

134 2507 330 2563 haecque
355 2507 580 2550 Romanae
597 2506 644 2547 S.
662 2505 788 2547 Petri
811 2504 930 2560 sedi,
962 2505 1221 2559 cathedrae,
1251 2505 1323 2548 vel
1340 2505 1573 2547 Ecclesiae
1595 2506 1831 2558 tribuitur3

132 2566 272 2618 sedis,
303 2565 564 2618 cathedrae,
593 2565 666 2606 vel
682 2563 914 2609 Ecclesiae
931 2565 1155 2608 Romanae
1180 2565 1375 2618 nomine,
1409 2564 1479 2607 cui
1501 2579 1552 2606 ea
1574 2564 1830 2620 jurisdictio

133 2625 345 2680 primatus
373 2625 555 2681 propria
581 2628 832 2676 asseratur,
860 2638 950 2666 una
973 2624 1160 2668 Romani
1185 2623 1418 2666 Pontificis
1448 2638 1640 2680 persona
1669 2624 1833 2667 intelli—

131 2684 276 2738 genda
299 2690 392 2736 est,
424 2684 496 2726 cui
519 2683 596 2726 uni
615 2683 731 2726 idem
746 2682 961 2751 primatus
980 2691 1050 2726 est
1065 2684 1291 2739 alligatus.
1336 2683 1455 2726 Hinc
1480 2697 1658 2739 quoque
1683 2684 1831 2739 sequi-

130 2751 228 2795 tur,
275 2743 491 2799 quidquid
517 2742 632 2797 juris
672 2741 844 2783 tatione
886 2743 1102 2798 primatus
1143 2743 1368 2784 Romanae
1408 2741 1526 2794 sedi,
1580 2742 1832 2795 cathedrae,

131 2802 202 2842 vel
233 2801 464 2843 Ecclesiae
496 2800 732 2855 competit,
769 2801 1065 2842 Romanorum
1089 2801 1354 2842 Pontificum
1384 2814 1603 2855 personae
1633 2801 1700 2842 ita
1731 2816 1829 2842 esse

131 2860 412 2902 tribuendum
423 2891 433 2911 ‚
466 2865 517 2902 ut
532 2858 692 2901 nullius
709 2858 932 2913 adjutorio
949 2858 1020 2901 vel
1038 2858 1255 2901 societate
1271 2857 1327 2900 ad
1343 2857 1458 2900 idem
1470 2859 1545 2913 jus
1562 2859 1828 2901 exerendum

131 2919 330 2975 indigeat
334 2946 1822 2960 ...................................................
1901 2916 1950 2959 13

592 3004 816 3054 CAPUT
853 3007 934 3055 IV.
1012 3006 1265 3071 Propositio
1301 3012 1483 3071 quarta.

191 3093 276 3134 Hic
299 3092 512 3148 primatus
538 3091 810 3147 praecipuae
821 3090 1157 3161 :iurisdictionis
1180 3095 1228 3132 et
1250 3090 1498 3146 personalis
1522 3091 1679 3134 Sancti
1703 3091 1828 3133 Petri

131 3167 182 3194 ac
207 3152 499 3193 Romanorum
527 3150 832 3192 Pontificum
815 3165 917 3206 Jure
949 3151 1099 3193 divino
1135 3149 1409 3193 constitutus
1436 3156 1529 3204 est,
1562 3164 1648 3192 non
1678 3156 1827 3192 autem

132 3210 386 3266 Apostolica
404 3210 705 3263 institutione,
737 3214 816 3252 aut
833 3210 1151 3253 Ecclesiastica
1155 3239 1816 3251 .......................
1896 3208 1947 3249 18

598 3297 820 3347 CAPUT
856 3300 916 3347 V.
995 3299 1246 3364 Propositw
1284 3299 1459 3361 quinta.

188 3382 396 3425 Divinum
412 3381 519 3425 illud
531 3383 606 3437 J‘us
619 3416 630 3435 ,
661 3397 748 3438 quo
766 3383 1000 3439 primatum
1021 3382 1292 3439 praecipuae
1312 3380 1638 3436 jurisdictionis
1656 3388 1704 3424 et
1724 3396 1823 3437 per-

130 3441 322 3484 sonalem
361 3442 408 3483 S.
439 3441 567 3484 Petri
601 3456 653 3483 ac
688 3456 954 3485 summorum
987 3441 1254 3490 Pontificum
1293 3440 1583 3483 constitutum
1623 3440 1824 3492 diximus,

133 3499 372 3556 praecipua
398 3500 532 3544 habet
557 3499 842 3544 fundamenta
865 3501 910 3544 in
934 3501 988 3544 iis
1012 3498 1298 3556 Evangelicis
1313 3499 1598 3553 testimoniis,
1629 3513 1743 3557 quae
1768 3499 1827 3543 de
