2320 3990
983 148 1641 214 mun——

385 316 547 390 repeti
570 326 741 390 potest
767 315 1090 389 etz-origine,⁴
1111 334 1213 388 qua
1234 317 1471 377 videlieet
1493 321 1788 383 a--Romana
1814 324 2032 381 ecclesia
2061 327 2241 383 Evan-

377 407 580 475 gelium
605 407 682 459 ael
703 407 878 474 ipsam
892 401 1143 474 Africam
1168 409 1326 469 venit,
1351 415 1408 460 ut
1428 406 1751 481 Augustinus
1777 410 1953 467 scribit
1978 411 2129 484 epist.
2141 413 2234 471 43.

383 511 518 546 num.
549 491 768 557 'Lunde
804 495 1146 570 auctoritatis
1179 512 1365 549 nomen
1402 513 1495 568 pro
1522 496 1729 568 origiue
1753 517 1848 563 seu
1871 518 1963 573 pro
1989 499 2043 556 vi
2068 509 2121 554 et
2146 519 2236 555 au-

383 579 620 634 ctoritate
635 618 652 646 ,
687 597 839 651 quam
870 579 1084 653 originis
1117 582 1251 636 ratio
1288 582 1536 650 vindicat,
1573 602 1606 639 a
1630 583 1954 645 Tertulliano
1989 587 2100 642 loco
2127 587 2238 644 lau-

381 666 495 743 dato
523 669 590 722 de
620 667 1155 739 Praescriptionibus
1193 681 1412 725 sumtum
1443 669 1511 725 P.
1538 670 1717 746 Lupus
1753 672 1941 747 (schol.
1980 675 2034 729 in
2068 693 2114 730 6.
2142 674 2234 730 36.

380 755 440 808 de
465 755 775 828 praescrip.)
804 756 1087 811 existimat.
1139 757 1215 813 At
1250 759 1375 814 haec
1410 758 1629 832 originis
1664 761 1799 816 ratio
1839 781 1935 835 pro
1969 763 2234 818 Africanis

379 842 591 914 aliisque
618 842 1029 900 Occidentalihus
1055 847 1284 902 eeclesiis
1309 847 1577 903 Romanae
1604 847 1739 902 sedis
1763 850 2052 922 1166111111113,
2078 869 2236 923 gene-

380 931 540 985 ralem
573 933 820 1004 primatus
857 934 985 1001 vim,
1035 954 1166 1007 quae
1204 937 1429 991 eamdem
1467 936 1581 991 fidei
1617 936 1866 993 unitatem
1900 938 1962 992 ab
2001 939 2234 992 omnibus

378 1018 533 1073 etiam
571 1019 918 1076 Orientalibus
958 1032 1010 1077 ct
1043 1022 1356 1097 Apostolicis
1397 1043 1595 1096 quoque
1633 1025 1863 1079 ecclesiis
1902 1025 2045 1098 (vide
2083 1045 2236 1100 supra

377 1126 487 1180 cap.
520 1109 606 1163 12.
635 1128 686 1162 n.
714 1110 836 1183 49.)
856 1115 965 1184 jam
990 1111 1108 1166 inde
1135 1113 1196 1166 ab
1222 1111 1590 1185 Apostolorum
1617 1113 1815 1186 origine
1841 1113 2037 1186 exigit,
2077 1115 2234 1168 haud-

376 1214 624 1268 quaquam
650 1198 892 1253 excludit.
944 1199 1099 1254 Immo
1137 1200 1402 1255 fortiorem
1438 1220 1553 1257 esse
1589 1202 1644 1256 in
1681 1202 1938 1274 exigenda
1972 1201 2086 1256 fidei
2123 1202 2235 1256 uni-

377 1293 483 1337 tate
509 1286 756 1357 primatus
795 1287 896 1341 vim
912 1326 926 1352 ‚
966 1306 1097 1357 quae
1135 1288 1224 1341 uni
1261 1287 1528 1343 Romanae
1563 1290 1811 1344 ecclesiae
1843 1308 1968 1363 prae
2002 1289 2233 1344 omnibus

374 1370 690 1443 Apostolicis
716 1373 955 1446 competit
971 1413 985 1440 ,
1025 1393 1173 1444 quam
1198 1374 1301 1429 vim
1328 1374 1572 1449 originis,
1609 1393 1738 1444 quae
1764 1375 1877 1428 aliis
1913 1393 2110 1446 quoque
2134 1374 2236 1430 Ee-

375 1458 542 1512 clesiis
555 1460 872 1533 Apostolicis
899 1462 1134 1534 congruit
1159 1462 1214 1515 in
1239 1462 1354 1516 illas
1381 1481 1510 1534 quae
1537 1480 1609 1517 ex
1634 1461 1760 1534 ipsis
1786 1473 2099 1536 propagatae
2123 1465 2233 1524 fue-

375 1557 516 1614 runt,
544 1547 659 1603 inde
686 1559 857 1622 patet,
885 1551 1017 1622 quod
1043 1550 1155 1604 aliis
1181 1550 1496 1624 Apostolicis
1536 1550 1764 1606 666163113
1790 1552 1876 1623 jus
1903 1552 2094 1605 nullum
2120 1551 2235 1607 exi-

373 1637 569 1706 gendae
594 1637 805 1691 unitatis
833 1638 947 1692 fidei
971 1639 1133 1711 potuit
1160 1649 1477 1711 competere,
1518 1639 1619 1692 nisi
1655 1638 1797 1710 ipsae
1834 1639 2084 1693 unitatem
2118 1639 2231 1694 fidei

373 1743 484 1778 cum
509 1724 750 1779 Romana
787 1725 1003 1779 ecelesia
1042 1726 1386 1792 custodirent,
1439 1746 1469 1781 a
1504 1745 1602 1797 qua
1638 1725 1835 1780 unitate
1873 1744 1984 1780 cum
2016 1726 2233 1798 primum

372 1813 719 1880 desciverunt,
759 1814 948 1867 nullum
984 1813 1110 1886 ipsis
1139 1815 1223 1886 jus
1260 1814 1314 1867 111
1353 1815 1601 1869 unitatem
1638 1814 1946 1885 exigendam
1983 1813 2231 1884 reliquum

372 1901 494 1970 fuit3
533 1902 607 1955 uti
635 1920 761 1956 sane
787 1902 975 1955 nullum
1002 1920 1134 1956 1111116
1161 1903 1367 1956 eaedem
1392 1903 1648 1969 obtinent,
1689 1920 1800 1956 611111
1817 1904 1926 1974 jam
1962 1920 2140 1955 61111163
2168 1903 2229 1955 ab

372 1992 480 2063 ejus
519 1991 715 2045 unitate
750 1989 1042 2046 defecerint.
1095 1991 1243 2044 Adeo
1279 1991 1435 2044 solius
1472 1990 1739 2044 Romanae
1776 1988 2022 2044 ecclesiae
2058 1989 2230 2042 unitas

370 2079 424 2130 in
450 2080 544 2133 fide
571 2098 694 2152 prae
721 2079 951 2131 omnibus
980 2079 1094 2131 aliis
1122 2078 1439 2150 Apostolicis
1474 2089 1526 2132 et
1562 2077 1857 2149 originariis
1884 2076 2112 2131 ecclesiis
2140 2096 2231 2132 ne-

371 2166 599 2220 cessaria
625 2175 730 2234 est3
754 2176 812 2234 et
837 2184 939 2219 non
966 2167 1027 2219 oh
1055 2185 1249 2220 meram
1275 2166 1510 2238 originis,
1540 2167 1629 2220 sed
1654 2166 1717 2219 ob
1744 2164 2009 2219 fortiorem
2037 2174 2088 2219 et
2114 2184 2231 2237 per-

371 2256 600 2309 sonalem
637 2255 885 2328 primatus
923 2255 1027 2310 vim
1054 2255 1378 2321 necessaria,
1414 2255 1487 2308 uti
1515 2254 1629 2308 hinc
1656 2254 1854 2326 quidem
1874 2262 2110 2324 propter
2128 2274 2229 2324 po-

369 2348 652 2398 tentiorem
669 2346 1141 2415 principalitatem
1177 2361 1287 2397 cum
1324 2361 1426 2395 una
1454 2341 1693 2396 Romana
1717 2340 1953 2396 Ecclesia
1991 2360 2231 2396 necessa-

370 2432 498 2485 riam
536 2430 593 2485 S.
634 2431 876 2486 Irenaeus
913 2430 1200 2486 affirmavit.
1280 2429 1412 2484 Vide
1460 2430 1671 2484 dicenda
1715 2430 1928 2484 inferius
1967 2430 2137 2493 mlii).
2181 2440 2232 2483 et

372 2538 511 2590 seqq.
541 2519 624 2572 ubi
651 2520 711 2573 de
737 2518 1154 2592 Apostolicitatis
1180 2517 1326 2571 titulo
1354 2516 1537 2571 redibit
1563 2535 1751 2572 sermo.

1130 2638 1135 2643 ’
1213 2677 1260 2745 ς.
1300 2674 1387 2728 111.

375 2815 491 2855 Loca
535 2814 580 2857 S.
622 2812 863 2866 Cypriani,
907 2824 1017 2865 quae
1058 2813 1276 2854 unilatem
1317 2812 1633 2854 communionis
1677 2815 1718 2852 et
1746 2808 1858 2861 fidei
1900 2822 1997 2852 cum
2031 2811 2076 2853 S.
2111 2809 2231 2851 Petri

371 2873 588 2923 cathedra,
610 2885 685 2914 sea
711 2885 878 2915 summo
895 2870 1109 2923 Pontifice
1130 2874 1420 2915 necessariam
1438 2873 1691 2916 adstruunt.
1732 2869 1988 2922 Difficultas
2017 2883 2070 2914 ex
2091 2882 2227 2922 quae-

444 2935 584 2976 stione
615 2935 666 2975 de
699 2934 913 2987 baptismo
947 2934 999 2975 ab
1033 2946 1079 2974 eo
1114 2933 1263 2974 habita
1296 2946 1393 2974 cum
1427 2933 1470 2975 S.
1509 2932 1730 2984 Stephano
1764 2931 1892 2983 Papa
1922 2931 2158 2973 excutitur,

513 3051 578 3120 9..
608 3049 768 3104 Plura
807 3050 886 3105 hic
935 3048 1287 3104 sanctissimus
1324 3047 1534 3120 Mal-tyr
1579 3046 1789 3100 unitatis
1826 3044 2227 3099 Ecclesiasticae

369 3148 717 3212 propugnator
754 3137 1033 3194 acerrimus
1072 3145 1333 3209 suggeret.
1399 3134 1451 3188 Is
1486 3135 1722 3188 nimirum
1761 3133 2031 3188 Romanae
2069 3133 2223 3200 sedis,

369 3244 457 3279 seu
492 3225 550 3280 S.
589 3226 739 3281 Petri
774 3227 1046 3301 primatum
1090 3223 1356 3297 magnifice
1393 3222 1719 3296 praedicam,
1767 3222 1887 3275 illud
1908 3223 2033 3276 iere
2071 3239 2222 3274 unum

367 3324 623 3384 tamquam
650 3315 970 3389 praecipuiun
1007 3315 1300 3385 frequenter
1336 3321 1487 3384 urget
1502 3352 1515 3378 ‚
1556 3311 1686 3382 quod
1721 3311 1908 3365 exinde
1940 3309 2110 3363 unitas
2138 3327 2223 3362 ca-

350 3401 554 3455 tholica
583 3401 834 3473 originem
860 3403 1012 3457 ducit.
1067 3403 1226 3456 Petri
1255 3401 1520 3455 cathedra
1559 3407 1719 3471 atque
1758 3400 1988 3453 eeclesia
2018 3400 2224 3466 princi-

363 3492 539 3559 palis,
575 3489 737 3560 inquit
775 3490 922 3561 epist.
964 3490 1052 3544 55.
1071 3530 1086 3555 ‚
1113 3491 1255 3545 unde
1278 3491 1458 3542 unitas
1486 3489 1845 3543 sacerdotalis
1885 3492 2081 3539 exorta
2123 3492 2218 3537 est.
