2314 3984
727 277 1378 334 —341—

151 459 344 505 retento
379 449 494 501 licet
529 444 706 499 Aeacii
744 444 971 510 nomine,
1023 439 1490 498 communicatorias
1534 440 1730 494 litteras
1767 440 1828 492 ad
1854 437 1964 495 CP.

146 534 445 608 Episcopum
482 531 717 584 mitteret.
770 529 906 583 Istud
944 539 1108 582 autem
1146 547 1209 582 ne
1246 528 1413 591 fieret,
1452 525 1671 579 Romani
1699 523 1838 580 Cleri
1863 525 1963 578 dis-

147 620 312 674 sensio
340 618 526 683 effecit,
566 636 710 687 quam
736 615 863 670 idem
888 614 1303 668 Bibliothecarius
1340 613 1542 666 indicat.
1595 612 1840 666 Romanis
1867 612 1964 665 sci-

146 707 260 759 licet
295 705 457 758 animo
484 704 763 768 insederat,
810 721 951 756 reum
987 697 1142 754 fuisse
1177 699 1447 764 Acacium,
1492 717 1549 752 ac
1585 709 1852 771 propterea
1885 699 1963 751 in-

146 792 372 862 dignum,
410 790 567 860 quiin
594 789 837 861 diptychis
863 789 1142 859 legeretur,
1180 804 1267 839 eos
1293 805 1446 851 vero,
1482 786 1563 855 qui
1601 785 1756 857 ipsius
1783 803 1962 838 nomen

147 878 454 930 retinendum
493 872 878 939 contenderent,
924 873 1116 925 dubiam
1165 872 1307 924 fidem
1343 874 1623 943 praeferre,
1671 872 1751 925 vel
1784 873 1962 924 saltem

147 982 379 1033 magnum
414 963 597 1015 inferre
630 958 983 1032 praejudicium
1010 957 1148 1022 fidei,
1185 977 1311 1027 quae
1338 976 1407 1011 ex
1432 958 1608 1011 Aeacii
1635 959 1835 1011 nomine
1861 977 1961 1011 non

148 1049 256 1102 leve
282 1049 340 1099 ab
366 1046 693 1119 Eutychianis
719 1045 1065 1099 detrimentum
1092 1054 1296 1115 captura
1323 1044 1631 1097 credebatur.
1670 1044 1780 1097 Hae
1800 1054 1964 1097 autem

150 1121 328 1185 causae
355 1133 449 1185 etsi
475 1133 598 1184 satis
618 1134 786 1203 justae
811 1140 901 1202 pro
929 1130 1160 1183 Romana
1187 1131 1303 1182 sede
1330 1129 1582 1182 habendae
1610 1139 1751 1192 sunt,
1789 1129 1963 1198 nequis

148 1220 252 1289 ejus
280 1218 613 1270 oeconomiam
636 1227 782 1286 atque
802 1217 1151 1280 constantiam,
1179 1234 1305 1284 quae
1333 1233 1481 1268 cursu
1505 1214 1743 1286 temporis
1770 1233 1965 1286 expun-

147 1304 356 1374 gendum
384 1303 591 1355 obtinuit
617 1322 796 1356 nomen
811 1302 1004 1367 Aeacii,
1032 1302 1215 1354 nimiae
1243 1302 1546 1365 severitatiS,
1577 1311 1661 1352 aut
1685 1301 1794 1355 vitii
1821 1320 1964 1354 coar-

149 1399 295 1460 guat3
334 1409 431 1441 non
472 1399 638 1442 tamen
674 1388 971 1459 impediunt,
1011 1387 1271 1456 quominus
1298 1386 1475 1438 Aeacii
1500 1405 1847 1452 successoreS,
1883 1387 1965 1456 qui

150 1485 339 1528 rectam
376 1476 516 1527 fidem
553 1475 818 1537 tenebant,
857 1484 907 1526 et
932 1474 1313 1545 propugnabant
1340 1473 1488 1525 etiam
1515 1473 1783 1536 acerrime,
1821 1491 1966 1543 prae-

150 1561 339 1614 sentius
366 1579 423 1613 ac
449 1561 605 1630 majus
639 1560 750 1612 fidei
785 1570 834 1612 et
872 1560 1147 1611 animarum
1173 1558 1442 1629 periculum
1467 1559 1519 1610 in
1547 1559 1750 1611 delendo
1767 1599 1780 1623 ,
1819 1577 1966 1627 quam

149 1647 199 1698 in
235 1647 581 1698 dissimulando
620 1647 724 1716 ejus
759 1646 956 1698 nomine
995 1664 1063 1697 ex
1101 1645 1486 1697 circumstantiis
1521 1645 1614 1697 sibi
1656 1644 1869 1715 cognitis
1904 1644 1967 1696 ti-

150 1751 285 1784 mere
301 1771 313 1795 ,
350 1750 406 1784 ac
432 1733 636 1802 proinde
663 1750 716 1784 se
742 1731 938 1783 fortiori
963 1740 1229 1802 praecepto
1257 1731 1526 1783 adstrictos
1545 1731 1770 1801 judicare
1795 1740 1968 1801 potue-

152 1818 272 1881 rint,
299 1827 352 1868 ut
373 1836 435 1870 ne
449 1817 773 1889 Apostolicae
792 1817 922 1870 sedis
943 1825 1207 1888 praecepto
1235 1815 1344 1868 aliis
1371 1816 1818 1886 praesumtionibus
1845 1816 1968 1868 nixo

151 1903 508 1974 obligarentur.

297 1990 384 2041 10:
422 1988 530 2042 Hac
563 2008 684 2043 vero
718 1989 770 2041 in
808 1989 1072 2059 hypothesi
1119 1988 1228 2057 quis
1266 1990 1582 2059 interjectum
1630 1989 1970 2043 restituendae

155 2074 512 2126 communionis
538 2075 934 2146 impedimentum
959 2075 1008 2126 in
1035 2073 1297 2145 Euphemii
1324 2086 1373 2128 et
1399 2074 1685 2128 Macedonii
1713 2074 1968 2146 culpam*)

156 2160 373 2229 rejiciat,
410 2162 490 2213 vel
517 2162 690 2213 saltem
716 2161 768 2212 in
793 2162 942 2213 talem
969 2162 1157 2233 culpam
1174 2202 1187 2226 ,
1225 2179 1350 2230 quae
1385 2179 1476 2214 nec
1504 2162 1658 2214 exilio
1675 2201 1687 2225 ,
1728 2162 1856 2230 quod
1881 2179 1970 2231 pro

156 2246 247 2297 fide
284 2246 524 2298 catholica
560 2248 619 2298 ad
657 2257 866 2298 mortem
904 2266 1059 2316 usque
1093 2247 1292 2299 fortiter
1316 2248 1541 2318 perpessi
1579 2257 1722 2311 sunt,
1761 2247 1970 2317 purgari

158 2332 405 2402 potuerit?
433 2330 587 2400 Siqua
614 2331 841 2383 nimirum
870 2334 1009 2402 culpa
1035 2333 1086 2383 in
1112 2332 1232 2403 ipsis
1260 2333 1561 2385 admittenda
1587 2333 1653 2385 sit.
1680 2331 1972 2403 (quaecum-

158 2436 251 2486 que
275 2417 360 2468 illa
384 2418 536 2470 fuisse
563 2417 822 2487 credatur)
851 2436 908 2470 eo
938 2418 1064 2486 quod
1091 2417 1508 2471 dissimulaverint
1533 2419 1584 2470 in
1612 2419 1855 2490 diptychis
1883 2437 1974 2470 no-

156 2521 267 2554 men
295 2502 498 2567 Acacii,
539 2504 647 2554 dum
689 2501 1277 2574 Constantinopolitanae
1310 2504 1415 2555 sedi
1453 2506 1800 2574 praefuerunt3
1841 2505 1972 2556 nulla

158 2599 290 2640 certe
316 2606 445 2640 nova
471 2589 610 2659 culpa
636 2607 704 2641 ex
730 2608 788 2642 eo
810 2589 1007 2641 nomine
1026 2588 1145 2662 ipsis
1165 2589 1315 2643 tribui
1333 2599 1516 2665 potest,
1545 2609 1653 2643 cum
1681 2590 1740 2643 ab
1768 2608 1828 2643 ea
1856 2590 1970 2643 sede

277 2761 314 2812 *)
347 2763 597 2813 Euphemius
630 2767 671 2802 et
702 2762 981 2810 Macedonius‚
1015 2763 1161 2813 quibus
1193 2765 1304 2803 nulla
1333 2765 1504 2815 propria
1535 2766 1656 2815 culpa
1687 2765 1888 2816 praecisis
1922 2764 1972 2803 ab

160 2823 343 2867 unitate,
377 2834 573 2872 suspensa
604 2822 679 2861 fuit
711 2823 936 2861 communio
970 2822 1209 2872 Apostolica
1240 2823 1290 2862 ob
1323 2834 1469 2862 nomen
1500 2824 1660 2869 Aeacii,
1695 2835 1774 2862 non
1806 2824 1974 2862 multum

161 2882 316 2920 distare
350 2881 539 2919 videntur
571 2881 621 2919 ab
654 2881 726 2928 iis,
769 2881 913 2931 quibus
944 2881 1035 2919 sine
1065 2882 1233 2932 propria
1262 2882 1381 2931 culpa
1413 2882 1686 2921 existentibus
1715 2883 1757 2920 in
1790 2883 1879 2922 loco
1914 2883 1976 2920 in-

181 2939 339 2978 erdicto
375 2941 547 2979 vetitum
579 2943 642 2978 est
686 2951 805 2977 sacra
844 2939 995 2978 ibidem
1029 2940 1165 2978 facere
1196 2943 1237 2978 et
1276 2941 1531 2986 ministrare,
1573 2941 1637 2979 vel
1671 2942 1793 2980 etiam
1825 2942 1875 2979 ab
1909 2941 1973 2986 iis,

163 2998 306 3048 quibus
347 3010 420 3048 per
462 3011 506 3037 se
549 2998 658 3037 haud
698 2999 1057 3037 excommunicatis
1096 2999 1322 3038 interdicta
1372 3003 1436 3037 est
1479 3011 1570 3038 cum
1613 3000 1977 3039 excommunicatis

163 3058 404 3096 communio.
467 3057 606 3096 Nihilo
641 3061 775 3096 tamen
807 3057 937 3095 minus
974 3058 1010 3095 si
1042 3058 1292 3108 spiritualis,
1333 3058 1397 3096 vel
1442 3059 1566 3097 etiam
1607 3060 1836 3110 corporalis
1861 3060 1977 3109 justa

163 3117 410 3161 necessitas,
445 3117 539 3165 jure
571 3128 731 3166 quoque
776 3128 972 3154 canonum
1003 3117 1282 3167 approbante,
1320 3129 1344 3155 a
1377 3117 1495 3167 culpa
1538 3118 1716 3156 eximere
1755 3117 1975 3168 aliquando

163 3177 302 3224 potest
335 3175 589 3214 celebrantes
627 3175 692 3213 vel
736 3176 774 3213 in
808 3175 897 3213 loco
931 3175 1177 3221 interdicto,
1222 3177 1287 3214 vel
1328 3179 1569 3226 praesente,
1612 3180 1654 3215 et
1685 3188 1764 3215 non
1808 3176 1975 3227 expulso

168 3233 517 3271 excommunicato
550 3234 652 3272 alias
684 3234 867 3281 vitando,
900 3234 992 3272 dum
1025 3234 1067 3272 id
1099 3246 1180 3274 non
1214 3238 1360 3284 vergat
1392 3235 1432 3272 in
1464 3246 1590 3284 grave
1622 3235 1872 3284 scandalum,
1903 3238 1976 3274 aut

167 3291 207 3328 in
240 3291 546 3330 ecclesiasticae
577 3293 851 3343 auctoritatis,
882 3305 953 3331 seu
987 3293 1200 3343 religionis
1232 3296 1500 3340 contemtum3
1533 3305 1668 3332 nonne
1700 3294 1795 3333 illae
1827 3306 1978 3332 causae

166 3349 449 3387 scandalorum
482 3352 522 3388 et
555 3350 723 3399 periculi
754 3352 976 3390 animarum
1008 3364 1056 3390 ac
1088 3351 1209 3396 fidei,
1255 3352 1306 3389 ob
1338 3364 1439 3402 quas
1470 3351 1722 3403 Euphemius
1765 3356 1807 3391 et
1837 3352 1978 3391 Mace-

168 3407 313 3446 donius
344 3407 676 3447 dissimulandum
706 3409 966 3449 crediderunt
999 3412 1039 3449 in
1065 3410 1270 3461 diptychis
1297 3422 1441 3450 nomen
1459 3411 1615 3458 Aeacii,
1649 3423 1847 3452 excusare
1867 3413 1978 3464 ipsos

168 3469 381 3516 poterant,
417 3466 508 3506 dum
539 3470 734 3507 vacarent
764 3467 1081 3521 Episcopalibus
1112 3468 1291 3509 officiis?
