<?xml version="1.0" encoding="UTF-8"?>
<!DOCTYPE html PUBLIC "-//W3C//DTD XHTML 1.0 Transitional//EN"
    "http://www.w3.org/TR/xhtml1/DTD/xhtml1-transitional.dtd">
<html xmlns="http://www.w3.org/1999/xhtml" xml:lang="en" lang="en">
 <head>
  <title>
</title>
<meta http-equiv="Content-Type" content="text/html;charset=utf-8" />
  <meta name='ocr-system' content='tesseract 3.04.00' />
  <meta name='ocr-capabilities' content='ocr_page ocr_carea ocr_par ocr_line ocrx_word'/>
</head>
<body>
  <div class='ocr_page' id='page_1' title='image "a546178500balluoft_0092.png"; bbox 0 0 2320 3990; ppageno 0'>
   <div class='ocr_carea' id='block_1_1' title="bbox 945 171 1562 228">
    <p class='ocr_par' dir='ltr' id='par_1_1' title="bbox 945 171 1562 228">
     <span class='ocr_line' id='line_1_1' title="bbox 945 171 1562 228; baseline 0.008 -19"><span class='ocrx_word' id='word_1_1' title='bbox 945 171 1562 228; x_wconf 34' lang='lat' dir='ltr'>&amp;fio-.-</span> 
     </span>
    </p>
   </div>
   <div class='ocr_carea' id='block_1_2' title="bbox 320 338 2194 3596">
    <p class='ocr_par' dir='ltr' id='par_1_2' title="bbox 320 338 2192 2095">
     <span class='ocr_line' id='line_1_2' title="bbox 325 338 2187 419; baseline 0.003 -27"><span class='ocrx_word' id='word_1_2' title='bbox 325 339 582 407; x_wconf 85' lang='lat' dir='ltr'><strong>involuta,</strong></span> <span class='ocrx_word' id='word_1_3' title='bbox 631 357 743 394; x_wconf 90' lang='lat' dir='ltr'><strong>cum</strong></span> <span class='ocrx_word' id='word_1_4' title='bbox 771 347 966 392; x_wconf 87' lang='lat' dir='ltr'><strong>certum</strong></span> <span class='ocrx_word' id='word_1_5' title='bbox 992 348 1072 392; x_wconf 86' lang='lat' dir='ltr'><strong>est</strong></span> <span class='ocrx_word' id='word_1_6' title='bbox 1098 338 1391 399; x_wconf 75' lang='lat' dir='ltr'><strong>orientales</strong></span> <span class='ocrx_word' id='word_1_7' title='bbox 1434 345 1608 402; x_wconf 79' lang='lat' dir='ltr'><strong>statim</strong></span> <span class='ocrx_word' id='word_1_8' title='bbox 1644 355 1759 419; x_wconf 87' lang='lat' dir='ltr'><strong>post</strong></span> <span class='ocrx_word' id='word_1_9' title='bbox 1785 344 1965 398; x_wconf 82' lang='lat' dir='ltr'><strong>Aeacii</strong></span> <span class='ocrx_word' id='word_1_10' title='bbox 2000 345 2187 399; x_wconf 85' lang='lat' dir='ltr'><strong>obitum</strong></span> 
     </span>
     <span class='ocr_line' id='line_1_3' title="bbox 323 425 2189 506; baseline 0.004 -25"><span class='ocrx_word' id='word_1_11' title='bbox 323 428 571 483; x_wconf 87' lang='lat' dir='ltr'><strong>unitatem</strong></span> <span class='ocrx_word' id='word_1_12' title='bbox 592 436 642 481; x_wconf 89' lang='lat' dir='ltr'><strong>et</strong></span> <span class='ocrx_word' id='word_1_13' title='bbox 663 425 1062 480; x_wconf 86' lang='lat' dir='ltr'><strong>communionem</strong></span> <span class='ocrx_word' id='word_1_14' title='bbox 1087 446 1199 482; x_wconf 89' lang='lat' dir='ltr'><strong>cum</strong></span> <span class='ocrx_word' id='word_1_15' title='bbox 1225 429 1345 484; x_wconf 89' lang='lat' dir='ltr'><strong>sede</strong></span> <span class='ocrx_word' id='word_1_16' title='bbox 1363 431 1662 506; x_wconf 71' lang='lat' dir='ltr'><strong>Apostolica</strong></span> <span class='ocrx_word' id='word_1_17' title='bbox 1683 434 1760 487; x_wconf 90' lang='lat' dir='ltr'><strong>uti</strong></span> <span class='ocrx_word' id='word_1_18' title='bbox 1780 433 1984 487; x_wconf 89' lang='lat' dir='ltr'><strong>omnino</strong></span> <span class='ocrx_word' id='word_1_19' title='bbox 2011 453 2189 490; x_wconf 86' lang='lat' dir='ltr'><strong>neces-</strong></span> 
     </span>
     <span class='ocr_line' id='line_1_4' title="bbox 325 516 2188 594; baseline 0.004 -24"><span class='ocrx_word' id='word_1_20' title='bbox 325 516 513 571; x_wconf 85' lang='lat' dir='ltr'><strong>sariam</strong></span> <span class='ocrx_word' id='word_1_21' title='bbox 541 524 866 586; x_wconf 82' lang='lat' dir='ltr'><strong>quaerenteS,</strong></span> <span class='ocrx_word' id='word_1_22' title='bbox 896 526 946 569; x_wconf 94' lang='lat' dir='ltr'><strong>et</strong></span> <span class='ocrx_word' id='word_1_23' title='bbox 974 534 1004 570; x_wconf 88' lang='lat' dir='ltr'><strong>a</strong></span> <span class='ocrx_word' id='word_1_24' title='bbox 1029 535 1222 570; x_wconf 90' lang='lat' dir='ltr'><strong>summo</strong></span> <span class='ocrx_word' id='word_1_25' title='bbox 1250 516 1503 574; x_wconf 88' lang='lat' dir='ltr'><strong>Pontifice</strong></span> <span class='ocrx_word' id='word_1_26' title='bbox 1530 520 1685 575; x_wconf 86' lang='lat' dir='ltr'><strong>enixe</strong></span> <span class='ocrx_word' id='word_1_27' title='bbox 1709 522 2054 594; x_wconf 81' lang='lat' dir='ltr'><strong>postulanteS,</strong></span> <span class='ocrx_word' id='word_1_28' title='bbox 2094 522 2188 578; x_wconf 84' lang='lat' dir='ltr'><strong>hoc</strong></span> 
     </span>
     <span class='ocr_line' id='line_1_5' title="bbox 321 604 2187 683; baseline 0.003 -26"><span class='ocrx_word' id='word_1_29' title='bbox 321 605 431 678; x_wconf 89' lang='lat' dir='ltr'><strong>ipso</strong></span> <span class='ocrx_word' id='word_1_30' title='bbox 458 605 590 658; x_wconf 89' lang='lat' dir='ltr'><strong>facto</strong></span> <span class='ocrx_word' id='word_1_31' title='bbox 619 604 861 676; x_wconf 89' lang='lat' dir='ltr'><strong>ejusmodi</strong></span> <span class='ocrx_word' id='word_1_32' title='bbox 886 605 1244 661; x_wconf 89' lang='lat' dir='ltr'><strong>necessitatem</strong></span> <span class='ocrx_word' id='word_1_33' title='bbox 1283 608 1439 663; x_wconf 89' lang='lat' dir='ltr'><strong>fuisse</strong></span> <span class='ocrx_word' id='word_1_34' title='bbox 1468 608 1755 676; x_wconf 77' lang='lat' dir='ltr'><strong>confessos,</strong></span> <span class='ocrx_word' id='word_1_35' title='bbox 1791 611 1865 664; x_wconf 89' lang='lat' dir='ltr'><strong>uti</strong></span> <span class='ocrx_word' id='word_1_36' title='bbox 1899 611 2091 683; x_wconf 89' lang='lat' dir='ltr'><strong>patebit</strong></span> <span class='ocrx_word' id='word_1_37' title='bbox 2117 630 2187 666; x_wconf 85' lang='lat' dir='ltr'><strong>ex</strong></span> 
     </span>
     <span class='ocr_line' id='line_1_6' title="bbox 323 691 2185 770; baseline 0.004 -23"><span class='ocrx_word' id='word_1_38' title='bbox 323 692 545 747; x_wconf 82' lang='lat' dir='ltr'><strong>dicendis</strong></span> <span class='ocrx_word' id='word_1_39' title='bbox 573 712 616 747; x_wconf 94' lang='lat' dir='ltr'><strong>c.</strong></span> <span class='ocrx_word' id='word_1_40' title='bbox 647 691 734 747; x_wconf 84' lang='lat'><strong>13.</strong></span> <span class='ocrx_word' id='word_1_41' title='bbox 774 713 826 746; x_wconf 89' lang='lat' dir='ltr'><strong>n.</strong></span> <span class='ocrx_word' id='word_1_42' title='bbox 855 694 979 762; x_wconf 62' lang='lat'><strong>823</strong></span> <span class='ocrx_word' id='word_1_43' title='bbox 1029 705 1135 748; x_wconf 90' lang='lat' dir='ltr'><strong>tum</strong></span> <span class='ocrx_word' id='word_1_44' title='bbox 1175 713 1299 751; x_wconf 89' lang='lat' dir='ltr'><strong>vero</strong></span> <span class='ocrx_word' id='word_1_45' title='bbox 1345 707 1423 751; x_wconf 93' lang='lat' dir='ltr'><strong>est</strong></span> <span class='ocrx_word' id='word_1_46' title='bbox 1459 696 1654 770; x_wconf 89' lang='lat' dir='ltr'><strong>pariter</strong></span> <span class='ocrx_word' id='word_1_47' title='bbox 1689 708 1910 767; x_wconf 84' lang='lat' dir='ltr'><strong>certum,</strong></span> <span class='ocrx_word' id='word_1_48' title='bbox 1948 697 2185 766; x_wconf 79' lang='lat' dir='ltr'><strong>SanctOS,</strong></span> 
     </span>
     <span class='ocr_line' id='line_1_7' title="bbox 324 779 2188 859; baseline 0.004 -25"><span class='ocrx_word' id='word_1_49' title='bbox 324 781 487 854; x_wconf 86' lang='lat' dir='ltr'><strong>quiin</strong></span> <span class='ocrx_word' id='word_1_50' title='bbox 514 779 729 835; x_wconf 84' lang='lat' dir='ltr'><strong>Oriente</strong></span> <span class='ocrx_word' id='word_1_51' title='bbox 762 801 853 854; x_wconf 93' lang='lat' dir='ltr'><strong>per</strong></span> <span class='ocrx_word' id='word_1_52' title='bbox 895 783 1028 838; x_wconf 89' lang='lat' dir='ltr'><strong>idem</strong></span> <span class='ocrx_word' id='word_1_53' title='bbox 1062 794 1261 858; x_wconf 89' lang='lat' dir='ltr'><strong>tempus</strong></span> <span class='ocrx_word' id='word_1_54' title='bbox 1301 785 1631 859; x_wconf 89' lang='lat' dir='ltr'><strong>Apostolicae</strong></span> <span class='ocrx_word' id='word_1_55' title='bbox 1669 785 1803 839; x_wconf 88' lang='lat' dir='ltr'><strong>sedis</strong></span> <span class='ocrx_word' id='word_1_56' title='bbox 1838 789 2188 842; x_wconf 83' lang='lat' dir='ltr'><strong>communione</strong></span> 
     </span>
     <span class='ocr_line' id='line_1_8' title="bbox 324 870 2189 948; baseline 0.001 -22"><span class='ocrx_word' id='word_1_57' title='bbox 324 879 616 936; x_wconf 86' lang='lat' dir='ltr'><strong>caruerunt,</strong></span> <span class='ocrx_word' id='word_1_58' title='bbox 645 870 957 925; x_wconf 89' lang='lat' dir='ltr'><strong>anathemati</strong></span> <span class='ocrx_word' id='word_1_59' title='bbox 982 873 1036 926; x_wconf 90' lang='lat' dir='ltr'><strong>in</strong></span> <span class='ocrx_word' id='word_1_60' title='bbox 1062 871 1308 928; x_wconf 82' lang='lat' dir='ltr'><strong>Acacium</strong></span> <span class='ocrx_word' id='word_1_61' title='bbox 1336 884 1387 928; x_wconf 90' lang='lat' dir='ltr'><strong>et</strong></span> <span class='ocrx_word' id='word_1_62' title='bbox 1415 884 1614 929; x_wconf 86' lang='lat' dir='ltr'><strong>ceteros</strong></span> <span class='ocrx_word' id='word_1_63' title='bbox 1643 893 1753 928; x_wconf 92' lang='lat' dir='ltr'><strong>cum</strong></span> <span class='ocrx_word' id='word_1_64' title='bbox 1777 874 1888 948; x_wconf 91' lang='lat' dir='ltr'><strong>ipso</strong></span> <span class='ocrx_word' id='word_1_65' title='bbox 1917 876 2189 929; x_wconf 84' lang='lat' dir='ltr'><strong>communi-</strong></span> 
     </span>
     <span class='ocr_line' id='line_1_9' title="bbox 324 959 2189 1036; baseline 0.002 -23"><span class='ocrx_word' id='word_1_66' title='bbox 324 969 498 1013; x_wconf 81' lang='lat' dir='ltr'><strong>cantes</strong></span> <span class='ocrx_word' id='word_1_67' title='bbox 525 959 626 1012; x_wconf 93' lang='lat' dir='ltr'><strong>lato</strong></span> <span class='ocrx_word' id='word_1_68' title='bbox 656 977 751 1013; x_wconf 93' lang='lat' dir='ltr'><strong>nec</strong></span> <span class='ocrx_word' id='word_1_69' title='bbox 778 978 1010 1028; x_wconf 90' lang='lat' dir='ltr'><strong>causam,</strong></span> <span class='ocrx_word' id='word_1_70' title='bbox 1038 980 1132 1015; x_wconf 89' lang='lat' dir='ltr'><strong>nec</strong></span> <span class='ocrx_word' id='word_1_71' title='bbox 1156 963 1384 1017; x_wconf 88' lang='lat' dir='ltr'><strong>favorem</strong></span> <span class='ocrx_word' id='word_1_72' title='bbox 1422 963 1767 1036; x_wconf 78' lang='lat' dir='ltr'><strong>praestitisse,</strong></span> <span class='ocrx_word' id='word_1_73' title='bbox 1804 974 1855 1016; x_wconf 92' lang='lat' dir='ltr'><strong>et</strong></span> <span class='ocrx_word' id='word_1_74' title='bbox 1881 965 2069 1035; x_wconf 81' lang='lat' dir='ltr'><strong>absque</strong></span> <span class='ocrx_word' id='word_1_75' title='bbox 2097 982 2189 1017; x_wconf 92' lang='lat' dir='ltr'><strong>sna</strong></span> 
     </span>
     <span class='ocr_line' id='line_1_10' title="bbox 323 1047 2188 1121; baseline 0.001 -19"><span class='ocrx_word' id='word_1_76' title='bbox 323 1049 465 1120; x_wconf 90' lang='lat' dir='ltr'><strong>culpa</strong></span> <span class='ocrx_word' id='word_1_77' title='bbox 489 1047 646 1102; x_wconf 86' lang='lat' dir='ltr'><strong>fuisse</strong></span> <span class='ocrx_word' id='word_1_78' title='bbox 671 1048 956 1121; x_wconf 79' lang='lat' dir='ltr'><strong>impeditOS,</strong></span> <span class='ocrx_word' id='word_1_79' title='bbox 985 1068 1050 1104; x_wconf 92' lang='lat' dir='ltr'><strong>ne</strong></span> <span class='ocrx_word' id='word_1_80' title='bbox 1077 1051 1138 1103; x_wconf 91' lang='lat' dir='ltr'><strong>ad</strong></span> <span class='ocrx_word' id='word_1_81' title='bbox 1166 1053 1412 1106; x_wconf 86' lang='lat' dir='ltr'><strong>actualem</strong></span> <span class='ocrx_word' id='word_1_82' title='bbox 1438 1052 1686 1106; x_wconf 84' lang='lat' dir='ltr'><strong>unitatem</strong></span> <span class='ocrx_word' id='word_1_83' title='bbox 1715 1062 1765 1105; x_wconf 91' lang='lat' dir='ltr'><strong>et</strong></span> <span class='ocrx_word' id='word_1_84' title='bbox 1793 1051 2188 1106; x_wconf 89' lang='lat' dir='ltr'><strong>communionem</strong></span> 
     </span>
     <span class='ocr_line' id='line_1_11' title="bbox 322 1135 2188 1213; baseline 0.002 -25"><span class='ocrx_word' id='word_1_85' title='bbox 322 1135 699 1209; x_wconf 88' lang='lat' dir='ltr'><strong>Apostolicam,</strong></span> <span class='ocrx_word' id='word_1_86' title='bbox 746 1156 892 1207; x_wconf 89' lang='lat' dir='ltr'><strong>quam</strong></span> <span class='ocrx_word' id='word_1_87' title='bbox 929 1157 1248 1211; x_wconf 73' lang='lat' dir='ltr'><strong>summopere</strong></span> <span class='ocrx_word' id='word_1_88' title='bbox 1287 1141 1632 1212; x_wconf 82' lang='lat' dir='ltr'><strong>expetebant,</strong></span> <span class='ocrx_word' id='word_1_89' title='bbox 1660 1141 2020 1213; x_wconf 85' lang='lat' dir='ltr'><strong>pervenirent:</strong></span> <span class='ocrx_word' id='word_1_90' title='bbox 2060 1141 2188 1211; x_wconf 89' lang='lat' dir='ltr'><strong>qnod</strong></span> 
     </span>
     <span class='ocr_line' id='line_1_12' title="bbox 323 1225 2188 1301; baseline 0.001 -23"><span class='ocrx_word' id='word_1_91' title='bbox 323 1237 572 1296; x_wconf 88' lang='lat' dir='ltr'><strong>quatenus</strong></span> <span class='ocrx_word' id='word_1_92' title='bbox 598 1225 822 1297; x_wconf 89' lang='lat' dir='ltr'><strong>ipsorum</strong></span> <span class='ocrx_word' id='word_1_93' title='bbox 850 1226 1114 1280; x_wconf 86' lang='lat' dir='ltr'><strong>sanctitati</strong></span> <span class='ocrx_word' id='word_1_94' title='bbox 1140 1227 1350 1280; x_wconf 89' lang='lat' dir='ltr'><strong>nihilum</strong></span> <span class='ocrx_word' id='word_1_95' title='bbox 1377 1228 1540 1295; x_wconf 88' lang='lat' dir='ltr'><strong>obsit,</strong></span> <span class='ocrx_word' id='word_1_96' title='bbox 1569 1248 1662 1283; x_wconf 89' lang='lat' dir='ltr'><strong>nec</strong></span> <span class='ocrx_word' id='word_1_97' title='bbox 1689 1229 1918 1301; x_wconf 86' lang='lat' dir='ltr'><strong>generali</strong></span> <span class='ocrx_word' id='word_1_98' title='bbox 1943 1228 2188 1300; x_wconf 86' lang='lat' dir='ltr'><strong>principio</strong></span> 
     </span>
     <span class='ocr_line' id='line_1_13' title="bbox 322 1313 2189 1389; baseline 0.003 -24"><span class='ocrx_word' id='word_1_99' title='bbox 322 1313 414 1366; x_wconf 92' lang='lat' dir='ltr'><strong>hac</strong></span> <span class='ocrx_word' id='word_1_100' title='bbox 442 1313 668 1367; x_wconf 90' lang='lat' dir='ltr'><strong>sectione</strong></span> <span class='ocrx_word' id='word_1_101' title='bbox 696 1313 1002 1380; x_wconf 77' lang='lat' dir='ltr'><strong>constitum,</strong></span> <span class='ocrx_word' id='word_1_102' title='bbox 1044 1325 1096 1368; x_wconf 92' lang='lat' dir='ltr'><strong>et</strong></span> <span class='ocrx_word' id='word_1_103' title='bbox 1133 1316 1193 1368; x_wconf 90' lang='lat' dir='ltr'><strong>ab</strong></span> <span class='ocrx_word' id='word_1_104' title='bbox 1221 1316 1532 1370; x_wconf 87' lang='lat' dir='ltr'><strong>adversariis</strong></span> <span class='ocrx_word' id='word_1_105' title='bbox 1573 1337 1816 1371; x_wconf 90' lang='lat' dir='ltr'><strong>concesso</strong></span> <span class='ocrx_word' id='word_1_106' title='bbox 1845 1318 2189 1389; x_wconf 85' lang='lat' dir='ltr'><strong>praejudicare</strong></span> 
     </span>
     <span class='ocr_line' id='line_1_14' title="bbox 322 1400 2188 1477; baseline 0.002 -24"><span class='ocrx_word' id='word_1_107' title='bbox 322 1411 498 1472; x_wconf 83' lang='lat' dir='ltr'><strong>queat,</strong></span> <span class='ocrx_word' id='word_1_108' title='bbox 539 1401 584 1453; x_wconf 91' lang='lat' dir='ltr'><strong>si</strong></span> <span class='ocrx_word' id='word_1_109' title='bbox 619 1400 798 1455; x_wconf 87' lang='lat' dir='ltr'><strong>vellem</strong></span> <span class='ocrx_word' id='word_1_110' title='bbox 838 1401 1125 1473; x_wconf 80' lang='lat' dir='ltr'><strong>explicare3</strong></span> <span class='ocrx_word' id='word_1_111' title='bbox 1172 1403 1333 1455; x_wconf 85' lang='lat' dir='ltr'><strong>fusior</strong></span> <span class='ocrx_word' id='word_1_112' title='bbox 1373 1403 1642 1477; x_wconf 89' lang='lat' dir='ltr'><strong>disputatio</strong></span> <span class='ocrx_word' id='word_1_113' title='bbox 1681 1405 1993 1458; x_wconf 88' lang='lat' dir='ltr'><strong>instituenda</strong></span> <span class='ocrx_word' id='word_1_114' title='bbox 2032 1417 2188 1471; x_wconf 81' lang='lat' dir='ltr'><strong>esset,</strong></span> 
     </span>
     <span class='ocr_line' id='line_1_15' title="bbox 322 1489 2187 1566; baseline 0.003 -25"><span class='ocrx_word' id='word_1_115' title='bbox 322 1508 450 1560; x_wconf 89' lang='lat' dir='ltr'><strong>quae</strong></span> <span class='ocrx_word' id='word_1_116' title='bbox 478 1509 589 1544; x_wconf 89' lang='lat' dir='ltr'><strong>cum</strong></span> <span class='ocrx_word' id='word_1_117' title='bbox 629 1489 990 1562; x_wconf 86' lang='lat' dir='ltr'><strong>principiorum</strong></span> <span class='ocrx_word' id='word_1_118' title='bbox 1028 1500 1079 1544; x_wconf 91' lang='lat' dir='ltr'><strong>et</strong></span> <span class='ocrx_word' id='word_1_119' title='bbox 1118 1492 1415 1564; x_wconf 84' lang='lat' dir='ltr'><strong>systematis</strong></span> <span class='ocrx_word' id='word_1_120' title='bbox 1450 1493 1584 1546; x_wconf 88' lang='lat' dir='ltr'><strong>filum</strong></span> <span class='ocrx_word' id='word_1_121' title='bbox 1622 1492 1828 1546; x_wconf 88' lang='lat' dir='ltr'><strong>nimium</strong></span> <span class='ocrx_word' id='word_1_122' title='bbox 1868 1494 2187 1566; x_wconf 66' lang='lat' dir='ltr'><strong>abrumpam,</strong></span> 
     </span>
     <span class='ocr_line' id='line_1_16' title="bbox 320 1578 2192 1653; baseline 0.002 -22"><span class='ocrx_word' id='word_1_123' title='bbox 320 1578 372 1631; x_wconf 92' lang='lat' dir='ltr'><strong>in</strong></span> <span class='ocrx_word' id='word_1_124' title='bbox 401 1578 526 1632; x_wconf 88' lang='lat' dir='ltr'><strong>alias</strong></span> <span class='ocrx_word' id='word_1_125' title='bbox 565 1578 891 1650; x_wconf 89' lang='lat' dir='ltr'><strong>quaestiones</strong></span> <span class='ocrx_word' id='word_1_126' title='bbox 919 1599 947 1632; x_wconf 93' lang='lat' dir='ltr'><strong>a</strong></span> <span class='ocrx_word' id='word_1_127' title='bbox 973 1581 1233 1653; x_wconf 90' lang='lat' dir='ltr'><strong>proposito</strong></span> <span class='ocrx_word' id='word_1_128' title='bbox 1268 1580 1458 1635; x_wconf 89' lang='lat' dir='ltr'><strong>alienas</strong></span> <span class='ocrx_word' id='word_1_129' title='bbox 1487 1581 1822 1647; x_wconf 84' lang='lat' dir='ltr'><strong>distraheret,</strong></span> <span class='ocrx_word' id='word_1_130' title='bbox 1864 1591 1914 1636; x_wconf 90' lang='lat' dir='ltr'><strong>et</strong></span> <span class='ocrx_word' id='word_1_131' title='bbox 1943 1582 2002 1635; x_wconf 90' lang='lat' dir='ltr'><strong>ad</strong></span> <span class='ocrx_word' id='word_1_132' title='bbox 2028 1582 2192 1636; x_wconf 89' lang='lat' dir='ltr'><strong>vindi-</strong></span> 
     </span>
     <span class='ocr_line' id='line_1_17' title="bbox 323 1667 2188 1740; baseline 0.001 -19"><span class='ocrx_word' id='word_1_133' title='bbox 323 1668 533 1721; x_wconf 90' lang='lat' dir='ltr'><strong>candum</strong></span> <span class='ocrx_word' id='word_1_134' title='bbox 559 1667 857 1740; x_wconf 88' lang='lat' dir='ltr'><strong>principium</strong></span> <span class='ocrx_word' id='word_1_135' title='bbox 885 1668 1010 1721; x_wconf 88' lang='lat' dir='ltr'><strong>alias</strong></span> <span class='ocrx_word' id='word_1_136' title='bbox 1038 1678 1231 1722; x_wconf 91' lang='lat' dir='ltr'><strong>certum</strong></span> <span class='ocrx_word' id='word_1_137' title='bbox 1261 1679 1411 1739; x_wconf 88' lang='lat' dir='ltr'><strong>atque</strong></span> <span class='ocrx_word' id='word_1_138' title='bbox 1439 1688 1734 1724; x_wconf 88' lang='lat' dir='ltr'><strong>concessum</strong></span> <span class='ocrx_word' id='word_1_139' title='bbox 1764 1670 2059 1723; x_wconf 88' lang='lat' dir='ltr'><strong>necessaria</strong></span> <span class='ocrx_word' id='word_1_140' title='bbox 2087 1689 2188 1723; x_wconf 90' lang='lat' dir='ltr'><strong>non</strong></span> 
     </span>
     <span class='ocr_line' id='line_1_18' title="bbox 324 1755 2188 1830; baseline 0.001 -21"><span class='ocrx_word' id='word_1_141' title='bbox 324 1756 407 1823; x_wconf 85' lang='lat' dir='ltr'><strong>sit,</strong></span> <span class='ocrx_word' id='word_1_142' title='bbox 436 1756 529 1811; x_wconf 93' lang='lat' dir='ltr'><strong>hoc</strong></span> <span class='ocrx_word' id='word_1_143' title='bbox 566 1757 674 1810; x_wconf 90' lang='lat' dir='ltr'><strong>loco</strong></span> <span class='ocrx_word' id='word_1_144' title='bbox 715 1756 994 1810; x_wconf 88' lang='lat' dir='ltr'><strong>omittenda</strong></span> <span class='ocrx_word' id='word_1_145' title='bbox 1030 1756 1141 1812; x_wconf 89' lang='lat' dir='ltr'><strong>visa</strong></span> <span class='ocrx_word' id='word_1_146' title='bbox 1183 1767 1279 1811; x_wconf 85' lang='lat' dir='ltr'><strong>est.</strong></span> <span class='ocrx_word' id='word_1_147' title='bbox 1343 1755 1402 1811; x_wconf 86' lang='lat' dir='ltr'><strong>Si</strong></span> <span class='ocrx_word' id='word_1_148' title='bbox 1442 1758 1551 1828; x_wconf 90' lang='lat' dir='ltr'><strong>quis</strong></span> <span class='ocrx_word' id='word_1_149' title='bbox 1588 1777 1711 1814; x_wconf 88' lang='lat' dir='ltr'><strong>vero</strong></span> <span class='ocrx_word' id='word_1_150' title='bbox 1749 1759 1808 1811; x_wconf 91' lang='lat' dir='ltr'><strong>ad</strong></span> <span class='ocrx_word' id='word_1_151' title='bbox 1845 1758 2188 1830; x_wconf 83' lang='lat' dir='ltr'><strong>intelligenda,</strong></span> 
     </span>
     <span class='ocr_line' id='line_1_19' title="bbox 324 1844 2190 1919; baseline 0.002 -22"><span class='ocrx_word' id='word_1_152' title='bbox 324 1863 452 1915; x_wconf 91' lang='lat' dir='ltr'><strong>quae</strong></span> <span class='ocrx_word' id='word_1_153' title='bbox 481 1845 540 1898; x_wconf 91' lang='lat' dir='ltr'><strong>de</strong></span> <span class='ocrx_word' id='word_1_154' title='bbox 566 1854 784 1916; x_wconf 89' lang='lat' dir='ltr'><strong>utroque</strong></span> <span class='ocrx_word' id='word_1_155' title='bbox 811 1844 1084 1899; x_wconf 87' lang='lat' dir='ltr'><strong>schismate</strong></span> <span class='ocrx_word' id='word_1_156' title='bbox 1113 1845 1285 1918; x_wconf 87' lang='lat' dir='ltr'><strong>paucis</strong></span> <span class='ocrx_word' id='word_1_157' title='bbox 1312 1845 1391 1899; x_wconf 91' lang='lat' dir='ltr'><strong>hic</strong></span> <span class='ocrx_word' id='word_1_158' title='bbox 1416 1846 1777 1913; x_wconf 87' lang='lat' dir='ltr'><strong>indicavimus,</strong></span> <span class='ocrx_word' id='word_1_159' title='bbox 1814 1847 1960 1919; x_wconf 87' lang='lat' dir='ltr'><strong>plura</strong></span> <span class='ocrx_word' id='word_1_160' title='bbox 1998 1847 2190 1901; x_wconf 89' lang='lat' dir='ltr'><strong>deside-</strong></span> 
     </span>
     <span class='ocr_line' id='line_1_20' title="bbox 324 1933 2190 2007; baseline 0.002 -22"><span class='ocrx_word' id='word_1_161' title='bbox 324 1943 432 2000; x_wconf 81' lang='lat' dir='ltr'><strong>ret3</strong></span> <span class='ocrx_word' id='word_1_162' title='bbox 472 1933 609 2006; x_wconf 86' lang='lat' dir='ltr'><strong>legat</strong></span> <span class='ocrx_word' id='word_1_163' title='bbox 634 1933 1032 2006; x_wconf 88' lang='lat' dir='ltr'><strong>Appendicnlam</strong></span> <span class='ocrx_word' id='word_1_164' title='bbox 1060 1933 1111 1986; x_wconf 92' lang='lat' dir='ltr'><strong>in</strong></span> <span class='ocrx_word' id='word_1_165' title='bbox 1140 1935 1275 1988; x_wconf 87' lang='lat' dir='ltr'><strong>calce</strong></span> <span class='ocrx_word' id='word_1_166' title='bbox 1301 1934 1443 2006; x_wconf 82' lang='lat' dir='ltr'><strong>hujus</strong></span> <span class='ocrx_word' id='word_1_167' title='bbox 1470 1934 1638 2007; x_wconf 90' lang='lat' dir='ltr'><strong>operis</strong></span> <span class='ocrx_word' id='word_1_168' title='bbox 1668 1935 2052 2007; x_wconf 79' lang='lat' dir='ltr'><strong>subjiciendam,</strong></span> <span class='ocrx_word' id='word_1_169' title='bbox 2090 1936 2190 2001; x_wconf 85' lang='lat' dir='ltr'><strong>ubi,</strong></span> 
     </span>
     <span class='ocr_line' id='line_1_21' title="bbox 323 2022 1900 2095; baseline 0.002 -22"><span class='ocrx_word' id='word_1_170' title='bbox 323 2022 439 2092; x_wconf 90' lang='lat' dir='ltr'><strong>quid</strong></span> <span class='ocrx_word' id='word_1_171' title='bbox 468 2022 775 2095; x_wconf 84' lang='lat' dir='ltr'><strong>probabilius</strong></span> <span class='ocrx_word' id='word_1_172' title='bbox 804 2022 1114 2089; x_wconf 78' lang='lat' dir='ltr'><strong>existimem,</strong></span> <span class='ocrx_word' id='word_1_173' title='bbox 1142 2022 1293 2075; x_wconf 88' lang='lat' dir='ltr'><strong>latius</strong></span> <span class='ocrx_word' id='word_1_174' title='bbox 1323 2023 1630 2095; x_wconf 85' lang='lat' dir='ltr'><strong>explicatum</strong></span> <span class='ocrx_word' id='word_1_175' title='bbox 1657 2024 1900 2078; x_wconf 79' lang='lat' dir='ltr'><strong>inveniet.</strong></span> 
     </span>
    </p>

    <p class='ocr_par' dir='ltr' id='par_1_3' title="bbox 322 2109 2194 3596">
     <span class='ocr_line' id='line_1_22' title="bbox 473 2109 2191 2183; baseline 0.001 -19"><span class='ocrx_word' id='word_1_176' title='bbox 473 2111 522 2164; x_wconf 87' lang='lat'><strong>7.</strong></span> <span class='ocrx_word' id='word_1_177' title='bbox 576 2109 674 2164; x_wconf 89' lang='lat' dir='ltr'><strong>Hic</strong></span> <span class='ocrx_word' id='word_1_178' title='bbox 700 2111 906 2164; x_wconf 70' lang='lat' dir='ltr'><strong>tandem</strong></span> <span class='ocrx_word' id='word_1_179' title='bbox 934 2130 1036 2163; x_wconf 91' lang='lat' dir='ltr'><strong>non</strong></span> <span class='ocrx_word' id='word_1_180' title='bbox 1063 2111 1486 2183; x_wconf 86' lang='lat' dir='ltr'><strong>praetereundum</strong></span> <span class='ocrx_word' id='word_1_181' title='bbox 1509 2121 1605 2178; x_wconf 91' lang='lat' dir='ltr'><strong>est,</strong></span> <span class='ocrx_word' id='word_1_182' title='bbox 1635 2113 1764 2182; x_wconf 88' lang='lat' dir='ltr'><strong>quod</strong></span> <span class='ocrx_word' id='word_1_183' title='bbox 1791 2113 2058 2166; x_wconf 88' lang='lat' dir='ltr'><strong>nonnullos</strong></span> <span class='ocrx_word' id='word_1_184' title='bbox 2085 2133 2191 2166; x_wconf 88' lang='lat' dir='ltr'><strong>mo-</strong></span> 
     </span>
     <span class='ocr_line' id='line_1_23' title="bbox 323 2195 2190 2270; baseline 0.001 -19"><span class='ocrx_word' id='word_1_185' title='bbox 323 2207 408 2251; x_wconf 85' lang='lat' dir='ltr'><strong>vet</strong></span> <span class='ocrx_word' id='word_1_186' title='bbox 437 2216 507 2250; x_wconf 91' lang='lat' dir='ltr'><strong>ex</strong></span> <span class='ocrx_word' id='word_1_187' title='bbox 534 2198 749 2251; x_wconf 89' lang='lat' dir='ltr'><strong>Asianis</strong></span> <span class='ocrx_word' id='word_1_188' title='bbox 779 2196 1065 2270; x_wconf 83' lang='lat' dir='ltr'><strong>EpiscopiS,</strong></span> <span class='ocrx_word' id='word_1_189' title='bbox 1095 2216 1219 2269; x_wconf 91' lang='lat' dir='ltr'><strong>quos</strong></span> <span class='ocrx_word' id='word_1_190' title='bbox 1246 2197 1433 2253; x_wconf 85' lang='lat' dir='ltr'><strong>Victor</strong></span> <span class='ocrx_word' id='word_1_191' title='bbox 1461 2197 1623 2270; x_wconf 90' lang='lat' dir='ltr'><strong>Papa,</strong></span> <span class='ocrx_word' id='word_1_192' title='bbox 1651 2206 1703 2250; x_wconf 90' lang='lat' dir='ltr'><strong>et</strong></span> <span class='ocrx_word' id='word_1_193' title='bbox 1727 2216 1798 2251; x_wconf 85' lang='lat' dir='ltr'><strong>ex</strong></span> <span class='ocrx_word' id='word_1_194' title='bbox 1824 2195 1881 2250; x_wconf 91' lang='lat' dir='ltr'><strong>S.</strong></span> <span class='ocrx_word' id='word_1_195' title='bbox 1909 2196 2190 2270; x_wconf 73' lang='lat' dir='ltr'><strong>Cypriam,</strong></span> 
     </span>
     <span class='ocr_line' id='line_1_24' title="bbox 324 2285 2193 2360; baseline 0.001 -22"><span class='ocrx_word' id='word_1_196' title='bbox 324 2305 471 2358; x_wconf 88' lang='lat' dir='ltr'><strong>quem</strong></span> <span class='ocrx_word' id='word_1_197' title='bbox 498 2285 749 2340; x_wconf 81' lang='lat' dir='ltr'><strong>Pontifex</strong></span> <span class='ocrx_word' id='word_1_198' title='bbox 783 2285 1075 2360; x_wconf 86' lang='lat' dir='ltr'><strong>Stephanus</strong></span> <span class='ocrx_word' id='word_1_199' title='bbox 1111 2307 1141 2340; x_wconf 90' lang='lat' dir='ltr'><strong>a</strong></span> <span class='ocrx_word' id='word_1_200' title='bbox 1167 2285 1438 2340; x_wconf 86' lang='lat' dir='ltr'><strong>Romanae</strong></span> <span class='ocrx_word' id='word_1_201' title='bbox 1474 2285 1608 2338; x_wconf 89' lang='lat' dir='ltr'><strong>sedis</strong></span> <span class='ocrx_word' id='word_1_202' title='bbox 1642 2287 1994 2341; x_wconf 89' lang='lat' dir='ltr'><strong>communione</strong></span> <span class='ocrx_word' id='word_1_203' title='bbox 2033 2288 2193 2341; x_wconf 87' lang='lat' dir='ltr'><strong>absci-</strong></span> 
     </span>
     <span class='ocr_line' id='line_1_25' title="bbox 322 2374 2191 2448; baseline -0.001 -20"><span class='ocrx_word' id='word_1_204' title='bbox 322 2375 488 2442; x_wconf 91' lang='lat' dir='ltr'><strong>disse,</strong></span> <span class='ocrx_word' id='word_1_205' title='bbox 527 2375 657 2429; x_wconf 92' lang='lat' dir='ltr'><strong>etin</strong></span> <span class='ocrx_word' id='word_1_206' title='bbox 684 2375 777 2430; x_wconf 92' lang='lat' dir='ltr'><strong>hac</strong></span> <span class='ocrx_word' id='word_1_207' title='bbox 806 2375 1132 2448; x_wconf 91' lang='lat' dir='ltr'><strong>separatione</strong></span> <span class='ocrx_word' id='word_1_208' title='bbox 1167 2374 1356 2428; x_wconf 91' lang='lat' dir='ltr'><strong>obiisse</strong></span> <span class='ocrx_word' id='word_1_209' title='bbox 1391 2383 1736 2446; x_wconf 88' lang='lat' dir='ltr'><strong>praesumunt.</strong></span> <span class='ocrx_word' id='word_1_210' title='bbox 1800 2374 2031 2444; x_wconf 87' lang='lat' dir='ltr'><strong>Utraque</strong></span> <span class='ocrx_word' id='word_1_211' title='bbox 2068 2394 2191 2428; x_wconf 77' lang='lat' dir='ltr'><strong>vero</strong></span> 
     </span>
     <span class='ocr_line' id='line_1_26' title="bbox 323 2459 2190 2536; baseline 0.001 -21"><span class='ocrx_word' id='word_1_212' title='bbox 323 2462 620 2536; x_wconf 82' lang='lat' dir='ltr'><strong>hypothesis</strong></span> <span class='ocrx_word' id='word_1_213' title='bbox 658 2465 785 2517; x_wconf 89' lang='lat' dir='ltr'><strong>falsa</strong></span> <span class='ocrx_word' id='word_1_214' title='bbox 825 2475 922 2518; x_wconf 90' lang='lat' dir='ltr'><strong>est.</strong></span> <span class='ocrx_word' id='word_1_215' title='bbox 975 2463 1115 2517; x_wconf 87' lang='lat' dir='ltr'><strong>Nam</strong></span> <span class='ocrx_word' id='word_1_216' title='bbox 1144 2463 1305 2534; x_wconf 89' lang='lat' dir='ltr'><strong>quoad</strong></span> <span class='ocrx_word' id='word_1_217' title='bbox 1331 2460 1388 2515; x_wconf 87' lang='lat' dir='ltr'><strong>S.</strong></span> <span class='ocrx_word' id='word_1_218' title='bbox 1420 2460 1766 2534; x_wconf 65' lang='lat' dir='ltr'><strong>Cyprianum,</strong></span> <span class='ocrx_word' id='word_1_219' title='bbox 1812 2460 1870 2517; x_wconf 87' lang='lat' dir='ltr'><strong>S.</strong></span> <span class='ocrx_word' id='word_1_220' title='bbox 1900 2459 2190 2535; x_wconf 86' lang='lat' dir='ltr'><strong>Stephanus</strong></span> 
     </span>
     <span class='ocr_line' id='line_1_27' title="bbox 322 2550 2191 2624; baseline -0.001 -19"><span class='ocrx_word' id='word_1_221' title='bbox 322 2551 471 2624; x_wconf 90' lang='lat' dir='ltr'><strong>Papa</strong></span> <span class='ocrx_word' id='word_1_222' title='bbox 496 2550 550 2603; x_wconf 91' lang='lat' dir='ltr'><strong>in</strong></span> <span class='ocrx_word' id='word_1_223' title='bbox 578 2571 691 2605; x_wconf 87' lang='lat' dir='ltr'><strong>eum</strong></span> <span class='ocrx_word' id='word_1_224' title='bbox 718 2552 914 2624; x_wconf 88' lang='lat' dir='ltr'><strong>quidem</strong></span> <span class='ocrx_word' id='word_1_225' title='bbox 942 2563 993 2606; x_wconf 91' lang='lat' dir='ltr'><strong>et</strong></span> <span class='ocrx_word' id='word_1_226' title='bbox 1017 2552 1071 2605; x_wconf 92' lang='lat' dir='ltr'><strong>in</strong></span> <span class='ocrx_word' id='word_1_227' title='bbox 1098 2560 1299 2604; x_wconf 88' lang='lat' dir='ltr'><strong>ceteros</strong></span> <span class='ocrx_word' id='word_1_228' title='bbox 1327 2550 1546 2622; x_wconf 90' lang='lat' dir='ltr'><strong>ejusdem</strong></span> <span class='ocrx_word' id='word_1_229' title='bbox 1573 2550 1859 2605; x_wconf 88' lang='lat' dir='ltr'><strong>sententiae</strong></span> <span class='ocrx_word' id='word_1_230' title='bbox 1886 2552 2113 2605; x_wconf 86' lang='lat' dir='ltr'><strong>fautores</strong></span> <span class='ocrx_word' id='word_1_231' title='bbox 2140 2551 2191 2604; x_wconf 90' lang='lat' dir='ltr'><strong>in</strong></span> 
     </span>
     <span class='ocr_line' id='line_1_28' title="bbox 323 2622 2190 2712; baseline -0.002 -17"><span class='ocrx_word' id='word_1_232' title='bbox 323 2640 677 2696; x_wconf 87' lang='lat' dir='ltr'><strong>controversia</strong></span> <span class='ocrx_word' id='word_1_233' title='bbox 736 2642 796 2695; x_wconf 90' lang='lat' dir='ltr'><strong>de</strong></span> <span class='ocrx_word' id='word_1_234' title='bbox 843 2622 1224 2694; x_wconf 68' lang='lat' dir='ltr'><strong>haereticoruns</strong></span> <span class='ocrx_word' id='word_1_235' title='bbox 1261 2639 1565 2712; x_wconf 88' lang='lat' dir='ltr'><strong>baptismate</strong></span> <span class='ocrx_word' id='word_1_236' title='bbox 1617 2639 2190 2694; x_wconf 88' lang='lat' dir='ltr'><strong>excommunicationem</strong></span> 
     </span>
     <span class='ocr_line' id='line_1_29' title="bbox 322 2726 2192 2796; baseline -0.001 -14"><span class='ocrx_word' id='word_1_237' title='bbox 322 2729 543 2783; x_wconf 86' lang='lat' dir='ltr'><strong>minatus</strong></span> <span class='ocrx_word' id='word_1_238' title='bbox 571 2740 667 2796; x_wconf 88' lang='lat' dir='ltr'><strong>est,</strong></span> <span class='ocrx_word' id='word_1_239' title='bbox 695 2749 799 2783; x_wconf 93' lang='lat' dir='ltr'><strong>non</strong></span> <span class='ocrx_word' id='word_1_240' title='bbox 826 2740 996 2783; x_wconf 88' lang='lat' dir='ltr'><strong>tamen</strong></span> <span class='ocrx_word' id='word_1_241' title='bbox 1025 2739 1141 2784; x_wconf 90' lang='lat' dir='ltr'><strong>actu</strong></span> <span class='ocrx_word' id='word_1_242' title='bbox 1165 2729 1299 2795; x_wconf 83' lang='lat' dir='ltr'><strong>tulit,</strong></span> <span class='ocrx_word' id='word_1_243' title='bbox 1327 2738 1383 2780; x_wconf 90' lang='lat' dir='ltr'><strong>ut</strong></span> <span class='ocrx_word' id='word_1_244' title='bbox 1408 2727 1543 2782; x_wconf 91' lang='lat' dir='ltr'><strong>inter</strong></span> <span class='ocrx_word' id='word_1_245' title='bbox 1569 2726 1857 2782; x_wconf 88' lang='lat' dir='ltr'><strong>Gallicanos</strong></span> <span class='ocrx_word' id='word_1_246' title='bbox 1883 2728 2192 2783; x_wconf 69' lang='lat' dir='ltr'><strong>adversariis</strong></span> 
     </span>
     <span class='ocr_line' id='line_1_30' title="bbox 323 2816 2192 2892; baseline -0.001 -21"><span class='ocrx_word' id='word_1_247' title='bbox 323 2837 642 2890; x_wconf 88' lang='lat' dir='ltr'><strong>nequaquam</strong></span> <span class='ocrx_word' id='word_1_248' title='bbox 668 2829 935 2892; x_wconf 90' lang='lat' dir='ltr'><strong>suspectus</strong></span> <span class='ocrx_word' id='word_1_249' title='bbox 963 2818 1198 2891; x_wconf 88' lang='lat' dir='ltr'><strong>probavit</strong></span> <span class='ocrx_word' id='word_1_250' title='bbox 1236 2816 1422 2891; x_wconf 88' lang='lat' dir='ltr'><strong>(Tom.</strong></span> <span class='ocrx_word' id='word_1_251' title='bbox 1456 2817 1504 2870; x_wconf 92' lang='lat' dir='ltr'><strong>l.</strong></span> <span class='ocrx_word' id='word_1_252' title='bbox 1536 2817 1684 2890; x_wconf 89' lang='lat' dir='ltr'><strong>epist.</strong></span> <span class='ocrx_word' id='word_1_253' title='bbox 1715 2816 1936 2871; x_wconf 88' lang='lat' dir='ltr'><strong>Roman.</strong></span> <span class='ocrx_word' id='word_1_254' title='bbox 1965 2816 2192 2889; x_wconf 74' lang='lat' dir='ltr'><strong>Pontis.)</strong></span> 
     </span>
     <span class='ocr_line' id='line_1_31' title="bbox 324 2903 2190 2980; baseline -0.003 -19"><span class='ocrx_word' id='word_1_255' title='bbox 324 2907 386 2961; x_wconf 89' lang='lat' dir='ltr'><strong>P.</strong></span> <span class='ocrx_word' id='word_1_256' title='bbox 418 2906 755 2962; x_wconf 90' lang='lat' dir='ltr'><strong>Constantius</strong></span> <span class='ocrx_word' id='word_1_257' title='bbox 782 2906 837 2959; x_wconf 93' lang='lat' dir='ltr'><strong>in</strong></span> <span class='ocrx_word' id='word_1_258' title='bbox 864 2906 1228 2961; x_wconf 88' lang='lat' dir='ltr'><strong>dissertatione</strong></span> <span class='ocrx_word' id='word_1_259' title='bbox 1266 2906 1493 2980; x_wconf 84' lang='lat' dir='ltr'><strong>epistolis</strong></span> <span class='ocrx_word' id='word_1_260' title='bbox 1521 2903 1769 2977; x_wconf 89' lang='lat' dir='ltr'><strong>Stephani</strong></span> <span class='ocrx_word' id='word_1_261' title='bbox 1805 2907 2030 2977; x_wconf 88' lang='lat' dir='ltr'><strong>subjecta</strong></span> <span class='ocrx_word' id='word_1_262' title='bbox 2063 2907 2110 2974; x_wconf 63' lang='grc' dir='ltr'><strong>ἕ.</strong></span> <span class='ocrx_word' id='word_1_263' title='bbox 2142 2907 2190 2960; x_wconf 92' lang='grc'><strong>7.</strong></span> 
     </span>
     <span class='ocr_line' id='line_1_32' title="bbox 324 2993 2190 3068; baseline -0.003 -18"><span class='ocrx_word' id='word_1_264' title='bbox 324 3007 375 3050; x_wconf 93' lang='lat' dir='ltr'><strong>et</strong></span> <span class='ocrx_word' id='word_1_265' title='bbox 415 3015 510 3068; x_wconf 88' lang='lat' dir='ltr'><strong>ego</strong></span> <span class='ocrx_word' id='word_1_266' title='bbox 537 2996 730 3068; x_wconf 85' lang='lat' dir='ltr'><strong>pariter</strong></span> <span class='ocrx_word' id='word_1_267' title='bbox 769 3014 840 3050; x_wconf 89' lang='lat' dir='ltr'><strong>ex</strong></span> <span class='ocrx_word' id='word_1_268' title='bbox 879 2994 1173 3066; x_wconf 85' lang='lat' dir='ltr'><strong>Augustino</strong></span> <span class='ocrx_word' id='word_1_269' title='bbox 1215 2996 1601 3049; x_wconf 88' lang='lat' dir='ltr'><strong>confirmaturus</strong></span> <span class='ocrx_word' id='word_1_270' title='bbox 1650 3011 1760 3045; x_wconf 91' lang='lat' dir='ltr'><strong>sum</strong></span> <span class='ocrx_word' id='word_1_271' title='bbox 1806 3011 1849 3046; x_wconf 90' lang='lat' dir='ltr'><strong>c.</strong></span> <span class='ocrx_word' id='word_1_272' title='bbox 1881 2993 1968 3046; x_wconf 86' lang='lat'><strong>13.</strong></span> <span class='ocrx_word' id='word_1_273' title='bbox 2010 3012 2062 3045; x_wconf 91' lang='lat' dir='ltr'><strong>n.</strong></span> <span class='ocrx_word' id='word_1_274' title='bbox 2102 2993 2190 3046; x_wconf 79' lang='lat'><strong>53.</strong></span> 
     </span>
     <span class='ocr_line' id='line_1_33' title="bbox 324 3078 2192 3155; baseline -0.002 -16"><span class='ocrx_word' id='word_1_275' title='bbox 324 3086 552 3139; x_wconf 89' lang='lat' dir='ltr'><strong>Asianos</strong></span> <span class='ocrx_word' id='word_1_276' title='bbox 588 3104 712 3139; x_wconf 87' lang='lat' dir='ltr'><strong>vero</strong></span> <span class='ocrx_word' id='word_1_277' title='bbox 750 3084 802 3137; x_wconf 92' lang='lat' dir='ltr'><strong>in</strong></span> <span class='ocrx_word' id='word_1_278' title='bbox 839 3082 1135 3155; x_wconf 88' lang='lat' dir='ltr'><strong>quaestione</strong></span> <span class='ocrx_word' id='word_1_279' title='bbox 1161 3081 1221 3135; x_wconf 91' lang='lat' dir='ltr'><strong>de</strong></span> <span class='ocrx_word' id='word_1_280' title='bbox 1249 3081 1327 3134; x_wconf 92' lang='lat' dir='ltr'><strong>die</strong></span> <span class='ocrx_word' id='word_1_281' title='bbox 1363 3079 1621 3154; x_wconf 90' lang='lat' dir='ltr'><strong>paschatis</strong></span> <span class='ocrx_word' id='word_1_282' title='bbox 1659 3079 1716 3134; x_wconf 91' lang='lat' dir='ltr'><strong>S.</strong></span> <span class='ocrx_word' id='word_1_283' title='bbox 1757 3078 1969 3135; x_wconf 89' lang='lat' dir='ltr'><strong>Irenaeo</strong></span> <span class='ocrx_word' id='word_1_284' title='bbox 2009 3091 2192 3153; x_wconf 85' lang='lat' dir='ltr'><strong>agente</strong></span> 
     </span>
     <span class='ocr_line' id='line_1_34' title="bbox 325 3167 2194 3242; baseline -0.003 -14"><span class='ocrx_word' id='word_1_285' title='bbox 325 3176 403 3228; x_wconf 81' lang='lat' dir='ltr'><strong>vel</strong></span> <span class='ocrx_word' id='word_1_286' title='bbox 429 3194 530 3228; x_wconf 91' lang='lat' dir='ltr'><strong>non</strong></span> <span class='ocrx_word' id='word_1_287' title='bbox 558 3173 1020 3229; x_wconf 86' lang='lat' dir='ltr'><strong>excommunicavit</strong></span> <span class='ocrx_word' id='word_1_288' title='bbox 1037 3170 1221 3227; x_wconf 87' lang='lat' dir='ltr'><strong>Victor</strong></span> <span class='ocrx_word' id='word_1_289' title='bbox 1248 3167 1409 3242; x_wconf 85' lang='lat' dir='ltr'><strong>Papa,</strong></span> <span class='ocrx_word' id='word_1_290' title='bbox 1436 3178 1493 3220; x_wconf 90' lang='lat' dir='ltr'><strong>ut</strong></span> <span class='ocrx_word' id='word_1_291' title='bbox 1507 3167 1748 3222; x_wconf 87' lang='lat' dir='ltr'><strong>Valesius</strong></span> <span class='ocrx_word' id='word_1_292' title='bbox 1777 3169 1958 3241; x_wconf 88' lang='lat' dir='ltr'><strong>aliique</strong></span> <span class='ocrx_word' id='word_1_293' title='bbox 1986 3180 2194 3224; x_wconf 91' lang='lat' dir='ltr'><strong>conten-</strong></span> 
     </span>
     <span class='ocr_line' id='line_1_35' title="bbox 326 3256 2190 3329; baseline -0.003 -14"><span class='ocrx_word' id='word_1_294' title='bbox 326 3265 474 3329; x_wconf 86' lang='lat' dir='ltr'><strong>dunt,</strong></span> <span class='ocrx_word' id='word_1_295' title='bbox 514 3265 595 3318; x_wconf 84' lang='lat' dir='ltr'><strong>vel</strong></span> <span class='ocrx_word' id='word_1_296' title='bbox 633 3263 805 3317; x_wconf 89' lang='lat' dir='ltr'><strong>unitas</strong></span> <span class='ocrx_word' id='word_1_297' title='bbox 849 3273 900 3317; x_wconf 90' lang='lat' dir='ltr'><strong>et</strong></span> <span class='ocrx_word' id='word_1_298' title='bbox 940 3258 1219 3317; x_wconf 89' lang='lat' dir='ltr'><strong>communio</strong></span> <span class='ocrx_word' id='word_1_299' title='bbox 1246 3257 1319 3311; x_wconf 92' lang='lat' dir='ltr'><strong>ita</strong></span> <span class='ocrx_word' id='word_1_300' title='bbox 1345 3275 1468 3310; x_wconf 89' lang='lat' dir='ltr'><strong>mox</strong></span> <span class='ocrx_word' id='word_1_301' title='bbox 1505 3256 1598 3310; x_wconf 81' lang='lat' dir='ltr'><strong>fuit</strong></span> <span class='ocrx_word' id='word_1_302' title='bbox 1637 3257 1905 3325; x_wconf 88' lang='lat' dir='ltr'><strong>restituta,</strong></span> <span class='ocrx_word' id='word_1_303' title='bbox 1952 3268 2008 3311; x_wconf 91' lang='lat' dir='ltr'><strong>ut</strong></span> <span class='ocrx_word' id='word_1_304' title='bbox 2034 3260 2100 3311; x_wconf 85' lang='lat' dir='ltr'><strong>ab</strong></span> <span class='ocrx_word' id='word_1_305' title='bbox 2129 3278 2190 3311; x_wconf 76' lang='lat' dir='ltr'><strong>ea</strong></span> 
     </span>
     <span class='ocr_line' id='line_1_36' title="bbox 327 3342 2193 3423; baseline -0.004 -19"><span class='ocrx_word' id='word_1_306' title='bbox 327 3349 586 3423; x_wconf 83' lang='lat' dir='ltr'><strong>(unitate)</strong></span> <span class='ocrx_word' id='word_1_307' title='bbox 627 3354 923 3423; x_wconf 80' lang='lat' dir='ltr'><strong>aliquando</strong></span> <span class='ocrx_word' id='word_1_308' title='bbox 963 3355 1254 3406; x_wconf 80' lang='lat' dir='ltr'><strong>discessum</strong></span> <span class='ocrx_word' id='word_1_309' title='bbox 1290 3345 1446 3400; x_wconf 81' lang='lat' dir='ltr'><strong>fuisse</strong></span> <span class='ocrx_word' id='word_1_310' title='bbox 1482 3343 1540 3399; x_wconf 93' lang='lat' dir='ltr'><strong>S.</strong></span> <span class='ocrx_word' id='word_1_311' title='bbox 1585 3342 1834 3419; x_wconf 81' lang='lat' dir='ltr'><strong>Cypriani</strong></span> <span class='ocrx_word' id='word_1_312' title='bbox 1879 3356 2048 3401; x_wconf 88' lang='lat' dir='ltr'><strong>aetate</strong></span> <span class='ocrx_word' id='word_1_313' title='bbox 2092 3364 2193 3399; x_wconf 92' lang='lat' dir='ltr'><strong>non</strong></span> 
     </span>
     <span class='ocr_line' id='line_1_37' title="bbox 327 3432 2194 3509; baseline -0.004 -17"><span class='ocrx_word' id='word_1_314' title='bbox 327 3439 656 3505; x_wconf 85' lang='lat' dir='ltr'><strong>recoleretur,</strong></span> <span class='ocrx_word' id='word_1_315' title='bbox 685 3440 1094 3509; x_wconf 87' lang='lat' dir='ltr'><strong>quemadmodum</strong></span> <span class='ocrx_word' id='word_1_316' title='bbox 1121 3455 1192 3492; x_wconf 85' lang='lat' dir='ltr'><strong>ex</strong></span> <span class='ocrx_word' id='word_1_317' title='bbox 1206 3432 1491 3488; x_wconf 84' lang='lat' dir='ltr'><strong>Firmiliani</strong></span> <span class='ocrx_word' id='word_1_318' title='bbox 1519 3433 1708 3488; x_wconf 83' lang='lat' dir='ltr'><strong>litteris</strong></span> <span class='ocrx_word' id='word_1_319' title='bbox 1737 3433 1939 3504; x_wconf 83' lang='lat' dir='ltr'><strong>collegit</strong></span> <span class='ocrx_word' id='word_1_320' title='bbox 1965 3434 2194 3486; x_wconf 85' lang='lat' dir='ltr'><strong>laudatus</strong></span> 
     </span>
     <span class='ocr_line' id='line_1_38' title="bbox 327 3520 2194 3596; baseline -0.005 -14"><span class='ocrx_word' id='word_1_321' title='bbox 327 3527 390 3582; x_wconf 82' lang='lat' dir='ltr'><strong>P.</strong></span> <span class='ocrx_word' id='word_1_322' title='bbox 422 3526 759 3583; x_wconf 88' lang='lat' dir='ltr'><strong>Constantius</strong></span> <span class='ocrx_word' id='word_1_323' title='bbox 796 3527 847 3581; x_wconf 90' lang='lat' dir='ltr'><strong>in</strong></span> <span class='ocrx_word' id='word_1_324' title='bbox 883 3527 1147 3585; x_wconf 83' lang='lat' dir='ltr'><strong>Victorem</strong></span> <span class='ocrx_word' id='word_1_325' title='bbox 1173 3545 1224 3580; x_wconf 88' lang='lat' dir='ltr'><strong>n.</strong></span> <span class='ocrx_word' id='word_1_326' title='bbox 1255 3525 1306 3582; x_wconf 86' lang='lat'><strong>7.</strong></span> <span class='ocrx_word' id='word_1_327' title='bbox 1345 3542 1402 3578; x_wconf 87' lang='lat' dir='ltr'><strong>ac</strong></span> <span class='ocrx_word' id='word_1_328' title='bbox 1442 3532 1713 3596; x_wconf 85' lang='lat' dir='ltr'><strong>propterea</strong></span> <span class='ocrx_word' id='word_1_329' title='bbox 1749 3521 1932 3594; x_wconf 86' lang='lat' dir='ltr'><strong>aliquis</strong></span> <span class='ocrx_word' id='word_1_330' title='bbox 1969 3520 2194 3576; x_wconf 83' lang='lat' dir='ltr'><strong>Asianus</strong></span> 
     </span>
    </p>
   </div>
  </div>
 </body>
</html>
