2314 3984
922 222 1098 232 --

325 359 538 430 (lamque
563 358 623 411 in«
642 355 1752 429 Ecclesia⁴fldei'=uuitdtaemmen1-ratione
1778 361 1832 415 in
1856 361 2183 425 ‘successori-

324 447 418 500 bus
444 446 516 499 ita
540 452 834 517 permanen
870 453 931 496 ut
953 461 1065 497 cum
1082 442 1324 516 ‘ipsorum
1343 447 1684 516 quuqbffide
1700 489 1715 515 ‚
1751 468 1899 520 quam
1923 449 2053 504 idem
2079 449 2182 507 Pe-

326 540 434 587 trus
459 533 512 585 in
541 530 1033 592 Romananclesia
1066 551 1226 602 aeque
1266 531 1769 606 solidam-deposuit,
1807 547 1859 591 et
1893 538 1953 590 ad
1981 556 2184 592 succes-.-

325 638 473 674 sores
498 618 810 685 transmisit,
837 619 993 673 totius
1019 617 1286 674 Ecclesiae
1310 620 1432 674 fides
1458 619 1919 694 uuitaxpermnneat
1934 665 1946 690 ‚
1961 624 2182 697 perinde

322 727 380 761 ac
407 707 518 762 siin
531 707 912 762 successoribus
924 707 1034 779 ipse
1048 705 1239 762 Petrus
1253 708 1468 774 viveret,
1497 708 1741 780 fidemque
1752 711 1977 779 doceret,
1994 723 2048 765 ut
2064 710 2176 765 Leo

323 796 548 869 pluribus
573 796 626 848 in
652 794 777 849 locis
802 794 1030 848 tradidit.
1054 791 1220 864 Quam
1246 795 1300 850 in
1327 814 1434 851 rem
1461 814 1620 850 serm.
1641 795 1695 851 3.
1719 816 1768 852 ac.
1796 798 1851 853 3.
1872 800 2181 854 soliditatem

325 895 501 956 petrae
527 903 727 956 semper
761 893 1180 956 perseverantem
1219 883 1379 938 Petro
1419 884 1647 938 tribuens
1686 885 1784 939 ait:
1825 889 2017 940 Manet
2051 907 2183 958 erqo

323 976 609 1043 dispositio
638 976 898 1043 quw-itatis,
926 980 979 1026 et
992 971 1065 1025 B.
1084 972 1284 1026 Petrus
1311 976 1367 1025 in
1393 981 1620 1044 accepta
1641 976 1968 1043 fortitudine
1987 981 2183 1044 petrae

316 1081 704 1130 perseverans,
755 1069 1006 1130 suscepta
1046 1063 1327 1114 Ecclesiae
1374 1062 1748 1131 yzabernacula
1793 1082 1902 1114 non
1942 1064 2180 1132 reliquit.

324 1146 539 1217 Quoties
566 1149 721 1221 igitur
748 1148 972 1203 Romani
994 1147 1271 1202 Pontifices
1298 1149 1439 1202 fidem
1468 1149 1665 1213 docent,
1693 1147 1953 1202 S.Petrus
1980 1150 2032 1202 in
2057 1149 2181 1221 ipsis

324 1237 534 1302 docere,
563 1247 615 1290 et
642 1237 726 1308 (ut
752 1237 946 1306 loquuti
975 1246 1096 1290 sunt
1122 1235 1312 1290 Patres
1341 1234 1815 1302 Calchedoneuses)
1843 1255 1934 1308 per
1961 1256 2020 1290 os
2047 1237 2182 1308 ipso-

324 1343 434 1376 rum
460 1324 602 1393 loqui·
623 1324 900 1376 credendus
928 1334 1040 1388 est3
1081 1341 1140 1375 ac
1178 1323 1389 1394 proinde
1425 1324 1630 1377 recedet
1654 1323 1979 1394 proculdubio
2005 1341 2037 1374 a
2057 1323 2183 1376 soli-

323 1412 480 1464 ditate
508 1420 560 1463 et
585 1411 680 1463 fide
706 1408 764 1462 S.
783 1408 949 1475 Petri,
978 1408 1203 1480 quisquis
1231 1427 1262 1461 a
1287 1409 1519 1462 doctrina
1543 1409 1656 1462 fidei
1672 1408 2020 1463 Romanorum
2044 1407 2184 1463 Pon-

322 1499 535 1564 tificum,
582 1517 712 1569 quae
761 1498 934 1551 eadem
996 1497 1246 1550 soliditate
1284 1496 1398 1550 fidei
1434 1494 1581 1550 Petri
1620 1496 1672 1548 in
1713 1515 2038 1551 successores
2073 1500 2184 1570 ejus

322 1587 589 1653 transivit,
619 1587 859 1641 recedere
885 1586 1123 1641 voluerit.
1152 1584 1294 1638 Haec
1324 1586 1547 1657 profecto
1577 1585 1934 1639 necessitatem
1960 1586 2183 1640 indicant

324 1675 656 1731 conveniendi
684 1694 792 1728 cum
821 1675 1035 1728 istorum
1063 1675 1186 1738 fide,
1224 1691 1383 1743 aeque
1412 1692 1470 1726 ac
1507 1691 1614 1726 cum
1643 1673 1738 1725 fide
1764 1671 1822 1725 S.
1853 1672 2026 1727 Petri:
2065 1674 2182 1727 hoc-

322 1783 417 1835 que
444 1782 599 1817 sensu
623 1762 932 1835 praedicatio
960 1762 1070 1815 fidei
1097 1761 1327 1814 omnibus
1355 1760 1471 1814 licet
1495 1759 1761 1832 Apostolis
1790 1761 2058 1814 commissa
2080 1801 2093 1827 ,
2121 1760 2180 1815 S.

322 1851 482 1906 Petro
502 1854 894 1922 principaliter
923 1849 1113 1905 credita
1140 1849 1260 1914 fuit,
1303 1848 1421 1919 quia
1447 1847 1542 1901 soli
1570 1846 1729 1902 Petro
1756 1849 1829 1901 ita
1856 1848 1947 1900 fuit
1973 1850 2180 1915 credita,

322 1951 375 1993 nt
402 1940 573 1994 eadem
603 1939 831 1992 soliditas
858 1938 971 1991 fidei
997 1937 1058 1990 ad
1085 1954 1410 1990 successores
1426 1938 1537 2008 ejus
1564 1936 1823 1990 transiens
1845 1936 2076 1989 omnibus
2098 1955 2182 1990 ca-

323 2028 520 2082 tholicis
548 2026 881 2082 conveniendi
919 2025 1281 2079 necessitatem
1315 2024 1572 2096 imponam
1614 2025 1742 2094 quod
1779 2024 1927 2077 nullis
1969 2025 2180 2078 aliarum

320 2117 472 2170 etiam
499 2114 913 2188 Apostolicarum
940 2113 1130 2167 sedium
1157 2112 1424 2184 Episcopis
1452 2129 1750 2165 concessum
1777 2120 1875 2164 est.

1134 2261 1181 2328 g,
1222 2257 1366 2312 xm.

323 2370 384 2409 Do
416 2370 550 2420 gestis
584 2370 702 2409 circa
735 2367 1022 2418 dogmaticam
1062 2366 1221 2407 Leonis
1264 2367 1493 2418 epistotam
1538 2366 1595 2405 ad
1629 2363 1890 2406 Flauianum
1924 2363 2182 2415 praesertim

321 2432 366 2470 ἱιι
405 2430 598 2471 Concilio
635 2425 987 2469 Calchedonensi.
1054 2427 1193 2481 Quale*
1220 2439 1398 2467 examen
1431 2423 1618 2473 ejusdem
1651 2425 1861 2475 epistolae
1891 2424 1938 2463 in
1972 2437 2017 2463 eo
2052 2424 2179 2463 insti—

322 2493 485 2535 tutum,
521 2493 562 2529 et
594 2501 704 2540 quae
738 2500 943 2528 concessa
977 2487 1156 2526 libertas
1173 2487 1409 2535 examinis,
1458 2484 1714 2533 Porotzsicefae
1761 2484 2040 2524 auctoritatis
2071 2483 2182 2523 nituit

395 2547 720 2600 praejudicans.
795 2545 1106 2586 'l'esta'monium
1139 2546 1337 2586 Anatolii
1361 2544 1574 2596 Episcopi
1609 2544 2103 2594 Constantinopolitani.

465 2635 555 2689 67.
609 2632 756 2686 Hanc
795 2632 991 2702 quidem
1033 2631 1280 2685 imitatem
1317 2631 1430 2684 fidei
1458 2648 1569 2683 elun
1596 2629 1894 2700 dogmaticis
1922 2629 2182 2682 Romano-

322 2741 430 2775 rum
459 2721 761 2775 Pontificum
789 2719 1007 2774 decretis
1035 2717 1380 2772 necessariam
1417 2718 1692 2772 ostendunt
1727 2716 2008 2771 evidentius
2034 2729 2181 2788 gesta

320 2811 456 2864 circa
483 2810 733 2863 celebrem
759 2805 955 2860 Leonis
983 2805 1250 2878 epistolam
1291 2806 1351 2857 ad
1389 2804 1691 2860 Flavianum
1730 2802 1856 2876 (Ep.
1887 2806 1975 2860 28.
2018 2823 2181 2859 novae

321 2898 490 2966 edit.)‚
519 2917 617 2968 qua
644 2894 898 2950 haeresim
923 2892 1174 2965 Eutychis
1200 2893 1432 2948 confixit.
1463 2891 1593 2947 Cum
1617 2890 1880 2965 Eutyches
1907 2903 2020 2964 post
2042 2890 2181 2945 Con-

321 2984 827 3058 stantinopolitanum
844 2980 1104 3053 judicium,
1133 2998 1230 3050 quo
1259 2982 1524 3034 damnatus
1550 2982 1733 3043 fuerat,
1760 2979 1935 3031 turbas
1961 2998 2181 3032 commo-
2255 3024 2259 3027 ,

322 3073 510 3140 visset3
563 3070 622 3125 S.
671 3069 954 3125 Flavianus
992 3065 1281 3140 Episcopus
1316 3065 1428 3121 GP.
1475 3067 1534 3119 ad
1574 3063 1632 3118 S.
1671 3063 1901 3118 Leonem
1950 3065 2179 3119 scribens

321 3159 447 3232 (Ep.
478 3158 628 3230 26),
659 3161 765 3230 jam
799 3163 1190 3230 praemonuerat
1230 3152 1356 3207 hanc
1392 3173 1612 3207 causam
1648 3172 1806 3222 eyere
1845 3154 2179 3206 solummodo

322 3257 494 3301 vestro
533 3249 732 3300 solatio
771 3252 930 3315 atque
970 3245 1316 3313 defensione,
1355 3261 1463 3311 qua
1500 3242 1739 3294 debeatis
1765 3259 2030 3294 consensa
2050 3259 2178 3310 pro-

314 3338 444 3404 prio
473 3338 549 3387 ad
571 3336 1025 3405 tranquillitatem
1064 3338 1116 3384 et
1147 3347 1344 3400 pacem
1381 3328 1542 3399 (idest
1580 3330 1641 3381 ad
1680 3326 1956 3396 unitatem)
1983 3334 2176 3380 cuncta

311 3424 635 3492 perducere.
681 3423 777 3474 Sic
803 3423 942 3473 enim
969 3421 1239 3480 haeresis,
1267 3437 1405 3487 quae
1432 3421 1784 3478 szcrreoeit,>et
1805 3417 2012 3475 turbae,
2039 3434 2177 3485 quae

317 3516 550 3578 propter
578 3526 694 3560 eam
717 3512 906 3575 factae
934 3515 1086 3569 suut,
1120 3507 1387 3575 facillime.
1426 3507 1799 3565 destruentur,
1841 3503 1961 3555 Deo
1989 3520 2178 3571 coope-
