2314 3984
753 272 922 281 -—-—-—
1014 236 1136 295 377
1232 268 1402 276 —·-—

176 410 455 466 traditionis
478 407 766 464 testimonia
789 405 848 459 de
873 402 1298 459 indefectibilitate
1330 401 1444 456 fidei
1467 400 1731 455 Romanae
1764 418 1877 455 cum
1901 419 1991 455 sua

175 498 426 552 sententia
462 495 625 565 aliqua
657 492 853 546 ratione
879 490 1232 555 conciliarent,
1269 506 1379 543 cum
1414 507 1504 560 per
1528 506 1585 543 se
1610 506 1667 542 se
1691 486 1795 541 sint
1818 486 1991 540 inania

175 594 227 638 et
250 582 588 646 imbecillima,
623 580 852 649 nulloque
887 578 1065 631 idoneo
1103 575 1306 646 antiquo
1343 582 1477 627 teste
1501 573 1798 639 fulciantur,
1835 574 1992 646 ipsam

177 679 379 723 nostrae
415 666 695 722 sententiae
732 664 1077 734 antiquitatem
1114 681 1217 716 non
1253 661 1540 727 destruunt,
1572 662 1658 715 sed
1683 660 1847 733 potius
1873 678 1992 714 con-

174 757 389 810 firmant.

320 839 441 894 Sola
463 842 595 894 facta
620 858 845 894 errorum
870 837 1141 910 probarent
1168 834 1351 905 aliquid
1377 843 1553 888 contra
1576 834 1994 900 infallibilitatem,

179 936 254 980 tot
279 926 395 981 licet
421 926 637 998 antiquis
663 925 873 981 Patrum
898 920 1160 976 sententiis
1199 939 1258 973 ac
1281 920 1583 973 testimoniis
1608 921 1809 986 fultam,
1848 920 1891 974 si
1916 922 1998 975 vel

180 1033 308 1067 unus
333 1014 507 1066 saltem
541 1023 677 1068 esset
709 1029 853 1067 error
890 1017 1056 1062 certus
1094 1007 1147 1060 in
1173 1007 1340 1076 aliqua
1374 1017 1515 1060 certa
1551 1007 1835 1061 definitione
1858 1008 1995 1062 fidei:

180 1099 451 1171 cujusmodi
496 1099 680 1151 nullum
723 1098 783 1150 ab
823 1093 1126 1149 adversariis
1173 1091 1451 1165 oppositum
1494 1093 1733 1147 hactenus
1769 1094 1996 1148 vidimus.

181 1184 497 1241 Testimonia
520 1203 642 1238 vero
670 1183 891 1252 antiqua,
919 1198 1045 1250 quae
1065 1188 1242 1233 contra
1260 1197 1354 1232 nos
1373 1179 1598 1234 valerent
1617 1198 1718 1232 nou
1737 1181 1998 1247 modicum,

181 1273 310 1325 nulla
335 1271 521 1343 pariter
547 1279 681 1334 sunt,
709 1288 818 1322 cum
844 1267 962 1320 nulli
988 1265 1178 1335 antiqui
1203 1283 1403 1318 errores
1429 1266 1766 1319 definitionum
1794 1286 2000 1321 accusa-

180 1359 374 1423 verint,
414 1367 562 1427 atque
593 1353 930 1426 impetiverint
965 1352 1316 1424 pertinaciter,
1354 1352 1454 1404 nisi
1490 1352 1757 1418 haeretici,
1797 1373 1906 1407 cum
1943 1374 1998 1408 se

182 1445 440 1497 damnatos
465 1443 722 1498 viderunt:
749 1459 958 1510 quorum
985 1438 1332 1492 auctoritatem
1358 1439 1577 1509 allegare
1603 1458 1774 1492 omnes
1795 1441 2002 1494 catholi-

184 1547 269 1584 cos
296 1530 509 1602 pudebit.
559 1527 713 1580 Immo
751 1526 901 1596 siqui
939 1526 1090 1578 ctiam
1129 1544 1198 1578 ex
1236 1525 1488 1578 catholicis
1525 1526 1687 1595 aliqua
1712 1526 2003 1597 particulari

184 1616 444 1687 opinione,
471 1624 732 1684 antequam
758 1613 1070 1676 definiretur,
1109 1611 1358 1683 occupati,
1396 1621 1563 1665 certae
1589 1613 1862 1666 definitioni
1888 1616 2005 1667 sub-

184 1702 297 1755 inde
323 1702 483 1755 editae
510 1699 759 1753 restitisse
783 1699 1145 1763 invenirentur,
1173 1698 1334 1750 minus
1362 1700 1465 1769 apti
1482 1709 1639 1753 testes
1660 1711 1847 1766 essent,
1874 1701 2003 1754 sicut

184 1807 276 1841 nec
313 1787 475 1841 idonei
501 1787 691 1858 judices
729 1786 1003 1847 habentur,
1049 1784 1130 1854 qui
1165 1783 1466 1856 praejudicio
1507 1787 1823 1840 antecedenti
1859 1807 2006 1842 occu--

185 1883 382 1945 pautur.

330 1959 457 2016 Cum
481 1959 649 2028 itaque
673 1977 834 2028 neque
858 1958 990 2011 facta
1016 1976 1268 2022 errorum,
1307 1975 1468 2026 neque
1492 1957 1658 2012 idonei
1690 1969 1848 2014 testes
1875 1961 2005 2014 anti-

187 2045 271 2114 qui
296 2046 444 2097 ullum
471 2055 658 2098 certum
685 2043 984 2097 definitionis
1011 2062 1234 2096 errorem
1260 2043 1518 2109 evincant,
1554 2047 1784 2116 nullaque
1799 2048 2006 2119 proinde

190 2131 339 2183 fuerit
363 2150 576 2200 unquam
602 2131 852 2200 quaesti0,
889 2148 985 2199 qua
1010 2129 1129 2182 fides
1156 2130 1214 2181 ab
1242 2129 1536 2201 Apostolica
1562 2132 1678 2185 sede
1704 2133 1930 2200 definita,
1958 2146 2009 2189 et

191 2214 455 2270 Pontificia
477 2217 802 2269 infallibilitas
827 2215 1094 2268 traditione
1121 2233 1178 2268 ac
1202 2216 1460 2287 promissis
1489 2215 1681 2270 Christi
1708 2220 1895 2273 munita
1920 2240 2009 2274 vo-

188 2314 392 2356 caretur
415 2304 468 2355 in
494 2303 716 2370 dubium3
743 2321 909 2356 nonne
935 2303 1057 2355 haec
1081 2302 1333 2355 sententia
1359 2304 1419 2355 ab
1447 2304 1742 2374 antiquitate
1766 2316 1891 2372 tuta,
1918 2326 2009 2360 no-

191 2389 363 2443 vitatis
401 2399 521 2442 nota
545 2388 818 2460 perstringi
840 2389 1041 2458 nequit3
1079 2390 1166 2442 sed
1201 2389 1292 2442 hoc
1329 2390 1528 2444 nomine
1554 2391 1716 2462 potius
1742 2393 2010 2463 rejicienda

191 2475 590 2529 adversariorum
617 2474 887 2539 sententia,
913 2493 1038 2544 quae
1060 2475 1293 2544 antiquae
1318 2477 1591 2539 traditioni,
1616 2488 1666 2531 et
1681 2477 1871 2533 Christi
1896 2501 2011 2552 pro-

189 2561 357 2615 missis
383 2562 632 2632 opposita,
666 2570 891 2615 veterum
917 2560 1169 2632 suffragiis
1206 2572 1372 2628 caret,
1411 2573 1462 2616 et
1498 2564 1858 2635 posterioribus
1885 2577 2010 2620 teni-

189 2649 393 2719 poribus
419 2647 614 2700 inducta
638 2647 841 2718 probari
866 2655 1046 2717 potest.

997 2804 1044 2871 g.
1084 2802 1202 2855 ΧΗ.

199 2936 366 2990 Quam
395 2950 510 2980 sera
542 2939 833 2981 contrariae
872 2939 1153 2981 sententiae
1195 2939 1368 2989 initia,
1412 2944 1464 2983 et
1492 2946 1739 2997 quatenus
1770 2945 1904 2988 inter
1934 2959 2015 2990 ca-

192 2995 403 3041 tholicos
439 2999 606 3056 recipi
644 3002 795 3054 atque
834 2998 888 3041 ἰη
925 2994 1125 3040 scholas
1166 2997 1342 3042 induci
1380 3003 1431 3042 et
1450 3004 1748 3059 propaqari
1776 3008 2014 3064 coeperit,

380 3058 538 3100 veteri
565 3059 815 3100 sententia
845 3069 907 3099 ac
938 3055 1215 3101 traditi'one
1243 3070 1348 3100 non
1378 3061 1583 3103 omnino
1616 3060 1834 3107 exclusa.

338 3170 464 3225 Cum
494 3171 820 3224 infallibilitas
844 3170 1136 3237 Pontificia,
1174 3191 1320 3243 quam
1358 3177 1701 3245 propugnavi,
1739 3179 1874 3233 solas
1899 3200 2016 3252 pro-

194 3258 302 3330 prie
327 3257 484 3310 dictas
519 3257 629 3310 fidei
664 3258 973 3311 definitiones
1013 3278 1043 3310 a
1067 3259 1268 3312 summis
1293 3258 1622 3314 Pontificibus
1661 3263 1818 3317 editas
1855 3269 2015 3340 respi-

193 3344 325 3410 ciat,
364 3361 430 3397 ex
458 3343 520 3396 iis
544 3353 764 3409 tantum,
797 3345 880 3415 qui
916 3345 969 3397 in
1008 3344 1173 3415 aliqua
1196 3345 1397 3417 proprie
1433 3346 1565 3400 dicta
1589 3348 1876 3405 definitione
1901 3371 2016 3407 eos-

196 3429 305 3482 dem
329 3427 601 3482 Pontifices
627 3447 826 3484 errasse
863 3441 948 3484 aut
983 3431 1147 3484 errori
1170 3431 1420 3485 obnoxios
1444 3435 1789 3505 praetulerunt
1814 3448 2016 3491 contra-

197 3515 304 3570 riae
329 3515 472 3570 nobis
499 3515 778 3570 sententiae
802 3516 944 3588 origo
971 3517 1142 3572 deduci
1175 3527 1356 3589 potest.
1408 3518 1489 3572 Ab
1515 3519 1576 3574 iis
1602 3540 1785 3593 porro,
1823 3522 1908 3593 qui
1933 3526 2014 3580 vel
