2314 3984
939 226 1115 235 -—-
1205 194 1335 254 352
1426 228 1603 236 -—

336 456 636 524 agnoscunt.
690 446 789 517 Qui
818 458 987 504 autem
1023 467 1135 503 cum
1171 449 1417 504 catholica
1440 449 1702 521 Ecclesia,
1741 454 2050 509 adversariis
2079 474 2202 526 quo-

335 559 432 610 que
480 536 905 603 assentientibuS,
965 538 1192 591 fatentur
1239 557 1396 594 verae
1432 538 1806 611 jurisdictionis
1855 541 2124 614 primatum
2172 561 2202 594 a

338 624 548 680 Christo
575 625 733 679 fuisse
758 624 1076 692 institutum,
1123 625 1174 678 hi
1205 625 1612 699 jurisdictionem
1650 627 1810 682 eidem
1835 629 2082 701 primatui
2116 630 2202 682 ad-

335 732 528 767 nexam
567 713 752 767 debent
787 713 1098 779 concedere,
1139 732 1349 784 eamque
1386 724 1557 787 aptam
1585 733 1644 768 ac
1669 734 1760 788 per
1787 734 1841 770 se
1869 717 2201 770 sufficientem

335 802 388 855 in
423 803 574 855 finem
615 801 1000 856 conservandae
1037 801 1281 868 unitatis,
1317 822 1446 874 quae
1484 802 1596 856 sine
1625 802 1982 874 jurisdictione
2022 822 2114 857 seu
2150 804 2202 858 vi

336 890 568 944 coactiva
595 888 794 944 servari
820 907 922 942 non
947 898 1133 961 potest.
1187 889 1232 942 F
1238 891 1476 944 chronius
1505 890 1602 945 etsi
1626 890 1728 946 vim
1757 893 2041 944 director-ii
2067 910 2203 944 sum-

335 978 430 1032 mis
445 977 782 1032 Pontificibus
811 987 1184 1049 competentem
1210 980 1318 1033 fere
1346 980 1505 1032 solam
1532 979 1750 1032 inculcet
1771 988 1821 1032 et
1843 979 2051 1045 efferat,
2079 978 2203 1033 vidit

336 1075 508 1119 tamen
536 1068 752 1136 aliquid
777 1067 1010 1135 amplius
1041 1064 1115 1138 (c.
1134 1067 1186 1120 2.
1217 1067 1264 1136 ξ.
1285 1066 1399 1137 4.),
1428 1067 1558 1121 idest
1586 1067 1785 1137 aliquod
1805 1069 1892 1139 jus
1921 1068 2203 1122 coactivum

336 1154 527 1225 requiri
554 1154 608 1207 in
634 1154 782 1207 finem
811 1163 862 1207 ct
889 1154 1331 1209 conservationem
1370 1155 1610 1222 unitatiS,
1652 1156 1783 1226 quod
1810 1156 1871 1208 ad
1889 1155 2203 1227 jurisdictio-

337 1262 453 1297 nem
479 1243 800 1296 referendum
829 1241 924 1307 sit,
965 1261 1029 1296 ne
1056 1261 1251 1295 merum
1285 1242 1556 1314 primatum
1594 1243 1786 1296 ordinis
1815 1253 1866 1296 et
1892 1242 2100 1296 honoris
2127 1243 2204 1296 vi-

336 1331 540 1383 deretur
567 1329 849 1381 adstruere.
904 1327 1200 1382 Jurisdictio
1228 1329 1340 1382 sine
1365 1330 1417 1383 vi
1445 1331 1708 1395 coactiva,
1737 1349 1866 1400 quae
1895 1329 2089 1383 scilicet
2115 1332 2204 1383 ob-

338 1417 478 1488 liget,
511 1433 582 1468 ex
609 1415 783 1470 eodem
799 1413 843 1467 F
849 1415 1059 1469 chronio
1087 1415 1303 1488 intelligi
1330 1417 1523 1488 nequit.
1555 1415 1867 1470 S.Irenaeus
1897 1417 2025 1490 (1.3.
2057 1437 2099 1471 c.
2118 1418 2202 1489 3.)

328 1503 733 1576 jurisdictionem
759 1504 1005 1577 primatus
1034 1504 1293 1577 aptissime
1321 1505 1581 1578 expressit
1607 1505 1798 1558 duobus
1824 1505 1995 1559 verbis
2014 1514 2204 1575 poten-

338 1598 528 1646 tiorem
546 1595 1048 1662 principalitatem,
1074 1593 1160 1645 uhi
1178 1596 1574 1665 principalitas
1600 1593 1867 1665 primatum
1885 1634 1898 1659 ,
1919 1598 2203 1663 potentior

335 1700 460 1735 vero
474 1679 880 1753 jurisdictionem
894 1682 1323 1753 praestantiorem
1343 1682 1762 1756 praecipuamque
1784 1682 2053 1753 significat.
2082 1681 2204 1735 Vim

338 1780 504 1821 autem
543 1768 828 1822 coactivam
872 1770 934 1820 ad
970 1770 1083 1823 fidei
1119 1771 1365 1824 unitatem
1406 1770 1666 1844 expressit
1703 1770 2048 1835 manifestius,
2093 1789 2203 1823 cum

336 1856 695 1911 necessitatem
741 1857 1075 1911 conveniendi
1117 1877 1225 1911 cum
1254 1857 1491 1912 Romana
1518 1860 1610 1912 fide
1629 1861 1747 1931 jure
1774 1859 2018 1932 primatus
2046 1859 2204 1930 impo-

338 1945 487 1998 sitam
514 1943 752 2011 tradidit,
785 1946 844 1998 de
872 1965 968 2016 quo
996 1946 1208 2000 inferius
1235 1947 1398 2019 plura.

1193 2154 1242 2223 g.
1282 2153 1367 2206 111.

757 2290 1129 2348 TERTIA
1175 2292 1784 2353 PROPOSITIO.

339 2434 663 2489 Auctoritas,
722 2451 854 2495 quae
897 2440 950 2481 in
1001 2436 1305 2494 definiendis
1344 2438 1470 2496 fidei
1508 2442 1866 2485 controversiis
1908 2442 1977 2484 sit
2013 2453 2109 2499 per
2155 2454 2208 2482 se

337 2495 602 2554 sufficiens
648 2496 718 2540 ad
761 2497 1072 2556 exiyendam
1117 2504 1168 2541 ct
1198 2501 1605 2544 conservandam
1646 2499 1772 2557 fidei
1800 2503 2080 2551 unitatem,
2131 2502 2206 2542 ita

332 2571 432 2615 per
463 2571 516 2600 sc
547 2555 658 2600 sola
692 2555 839 2599 debet
871 2555 1100 2614 obliqare
1133 2563 1288 2615 atquc
1317 2558 1588 2617 sufficere,
1621 2566 1679 2604 ut
1714 2559 1847 2604 alius
1881 2561 2208 2603 auctoritatis

328 2616 601 2677 praesidio
634 2630 736 2660 non
771 2622 943 2675 eyeat:
988 2631 1050 2660 ac
1075 2624 1362 2678 propterea
1397 2618 1680 2677 Pontificia
1721 2623 2033 2672 auctoritas,
2077 2633 2209 2677 quae

331 2691 433 2737 per
465 2692 517 2721 se
548 2675 815 2735 sufficiens
849 2682 936 2729 est,
973 2691 1035 2720 ac
1069 2677 1176 2722 dici
1207 2677 1354 2723 debet
1385 2679 1456 2723 acl
1487 2679 1893 2725 conservandam
1926 2685 1975 2723 et
2007 2683 2205 2739 cariqen-

339 2737 462 2791 dam
491 2736 618 2795 fidei
646 2740 929 2789 unitatem,
977 2736 1049 2780 ad
1090 2736 1226 2783 hunc
1265 2738 1422 2796 finem
1463 2739 1795 2785 obtinendum
1837 2743 2016 2798 nequit
2061 2755 2207 2799 eqere

999 2812 1245 2844 consensu
1278 2798 1554 2846 Ecclesiae.

483 2915 625 2970 Haec
651 2916 958 2989 propositio,
988 2935 1117 2987 quae
1145 2918 1330 2972 evertit
1358 2920 1698 2974 conditionem
1725 2937 2002 2973 consensus
2029 2917 2206 2971 Eccle-

339 3003 472 3068 siae,
514 3023 663 3075 quam
702 3004 985 3060 adversarii
1021 3005 1314 3076 requirunt,
1352 3017 1408 3059 ut
1447 3006 1762 3060 definitiones
1790 3004 2091 3058 Pontificiae
2119 3006 2206 3058 ab·

339 3092 503 3145 solute
531 3092 758 3164 obligent
786 3093 847 3146 ad
872 3093 1121 3147 unitatem
1138 3133 1151 3159 ,
1189 3094 1402 3147 maximi
1428 3094 1671 3148 momenti
1699 3103 1779 3147 est
1817 3103 1868 3147 et
1895 3093 2082 3147 idcirco
2111 3112 2206 3146 ex-

339 3179 502 3233 actius
529 3181 807 3253 probanda.
867 3179 1280 3247 Auctoritatem,
1327 3201 1456 3252 quae
1495 3182 1662 3235 alieno
1701 3181 1956 3254 praesidio
1995 3180 2204 3253 indiget,

337 3276 393 3318 ut
419 3268 666 3322 unitatem
694 3269 894 3341 exigat,
927 3279 1078 3340 atque
1106 3288 1199 3323 sua
1224 3269 1276 3324 vi
1304 3279 1662 3340 consequatur,
1693 3270 1753 3322 ad
1781 3271 1912 3323 hunc
1939 3269 2089 3322 finem
2117 3269 2205 3322 ob-

338 3353 597 3408 tinendum
624 3375 716 3428 per
744 3376 799 3411 se
827 3377 929 3411 non
956 3358 1189 3412 sufficere
1217 3356 1555 3410 certissimum
1583 3368 1679 3412 est.
1732 3357 1865 3413 Hinc
1892 3356 1935 3410 si
1962 3375 2031 3410 ex
2058 3375 2206 3429 prae-

341 3441 539 3496 cedenti
582 3445 930 3515 propositione
982 3444 1263 3500 auctoritas
1310 3443 1613 3518 Apostolica
1661 3446 1713 3499 in
1754 3445 2047 3500 definiendis
2093 3443 2206 3497 fidei
