2320 3990
684 221 1291 278 —33—

79 398 156 452 vel
181 392 279 448 SS.
306 392 550 446 Hilarium
577 401 628 444 et
655 388 1076 462 Chrysostomum
1111 389 1354 460 primatus
1390 404 1592 440 causam
1618 389 1897 442 referentes

78 483 128 535 in
153 480 299 545 illud,
339 479 467 548 quod
493 475 680 530 Petrus
719 476 876 548 primo
911 485 1120 530 vocatus
1147 493 1177 528 a
1203 471 1438 538 Christo,
1474 473 1663 545 primus
1689 471 1895 527 Christo

78 566 308 632 erediditg,
343 565 423 619 vel
449 565 647 617 tandem
675 562 947 634 Origenem
972 571 1023 615 et
1046 559 1407 631 Augustinum,
1434 560 1519 630 qui
1545 560 1767 614 eximiae
1792 559 1894 613 Pe-

11 670 17 674 ·
78 653 142 706 tri
169 652 367 706 caritati
405 652 645 722 primatus
684 649 841 703 eidem
877 647 1163 700 conferendi
1197 646 1446 700 rationem
1474 647 1792 699 adscribunt:
1832 665 1895 700 ne

78 741 212 811 quis,
238 740 437 808 inquam
453 777 467 802 ,
495 738 616 790 haec
641 735 723 789 vel
748 734 824 787 his
850 732 1032 786 similia
1058 734 1258 804 legenS,
1288 732 1530 785 existinet
1554 732 1607 785 in
1633 732 1710 784 his
1737 733 1895 786 ratio-

78 846 187 881 nem
213 825 458 879 contineri
483 820 772 877 instituendi
796 819 1065 891 primatuS,
1093 837 1202 872 cum
1231 819 1325 871 hae
1350 836 1451 870 non
1478 819 1725 890 primatus
1751 819 1898 871 insti-

78 914 272 978 tuendi,
308 912 395 965 sed
420 909 661 981 primatus
685 903 844 959 Petro
879 905 1074 977 potius,
1113 923 1258 974 quam
1295 905 1379 957 alii
1417 923 1486 957 ex
1514 905 1752 976 apostolis
1780 923 1897 958 con-

78 1000 264 1054 ferendi
302 997 525 1050 rationes
562 992 845 1046 extiterint.
897 990 1018 1044 Non
1045 991 1169 1044 alias
1194 991 1437 1063 primatus
1475 991 1699 1044 rationes
1727 991 1897 1061 afferri

75 1088 261 1139 vellent
285 1079 608 1144 heterodoxi,
636 1074 965 1150 quippe'quae
992 1077 1036 1130 si
1062 1079 1200 1130 solae
1225 1087 1415 1142 essent,
1443 1095 1544 1129 non
1570 1078 1714 1129 modo
1741 1078 1897 1130 hono-

75 1168 237 1222 rarius
274 1177 468 1219 tantum
507 1177 557 1220 et
592 1165 718 1219 meri
755 1164 942 1217 ordinis
980 1164 1224 1236 primatus
1262 1163 1421 1217 Petro
1461 1163 1653 1216 delatus
1692 1149 1895 1234 probari

75 1264 260 1327 posset,
286 1272 458 1307 verum
485 1253 634 1306 etiam
660 1252 926 1324 primatum
953 1251 1191 1322 ejusmodi
1218 1269 1326 1304 cum
1355 1250 1464 1322 ipso
1480 1248 1638 1302 Petro
1666 1249 1894 1315 desiisse,

75 1360 166 1394 nec
190 1341 242 1393 in
269 1342 373 1410 ejus
401 1356 747 1402 successoreS,
777 1338 835 1389 ad
864 1355 987 1406 quos
1015 1338 1216 1390 eaedem
1243 1337 1468 1389 rationes
1496 1354 1596 1388 non
1623 1336 1894 1406 pertinent,

77 1427 447 1493 haudquaquam
472 1425 720 1477 transisse
756 1423 992 1494 perfacile
1030 1422 1428 1476 convinceretur.
1480 1421 1589 1473 Hac
1616 1421 1810 1489 quidem
1836 1422 1895 1473 de

78 1527 256 1573 causa,
305 1509 511 1563 Marcus
547 1509 802 1562 Antonius
854 1510 913 1562 de
950 1507 1181 1561 Dominis
1218 1507 1474 1560 Pontificii
1524 1507 1768 1579 primatus
1807 1527 1895 1579 op-

75 1606 322 1667 pugnator
347 1595 740 1658 infensissimuS,
777 1604 1039 1666 postquam
1065 1595 1148 1646 lib.
1180 1595 1227 1647 l.
1257 1595 1316 1647 de
1341 1592 1617 1665 Republica
1644 1613 1686 1647 c.
1713 1595 1766 1647 4.
1807 1613 1895 1647 eas

74 1692 178 1734 tres
204 1680 426 1733 rationes
454 1680 619 1733 attulit
644 1681 896 1732 deferendi
920 1680 1078 1733 Petro
1105 1681 1364 1751 primatus,
1393 1680 1577 1732 exinde
1605 1680 1763 1750 primo
1792 1681 1893 1733 col-

74 1767 196 1838 legit
221 1767 484 1838 primatum
522 1767 627 1837 ejus
664 1765 786 1818 nihil
823 1766 1086 1837 peculiaris
1106 1766 1233 1837 juris
1260 1766 1473 1831 hahere,
1513 1764 1584 1817 sic
1612 1765 1742 1818 enim
1770 1766 1894 1818 scri-

72 1853 144 1905 bit
168 1872 300 1905 num.
332 1853 380 1907 7.
435 1855 649 1905 Invenio
678 1872 773 1922 eqo
804 1854 1026 1906 Petrum
1042 1858 1334 1923 primatum
1361 1855 1617 1923 aliquem,
1655 1856 1792 1904 citra
1820 1861 1894 1905 ta·

71 1959 185 1991 men
215 1944 500 2008 primatum
530 1943 905 2008 potestativum
944 1949 995 1993 et
1011 1943 1534 2014 jurisdictionalem,
1570 1959 1680 1991 esse
1718 1959 1894 1992 conse-

74 2034 313 2095 quutum,
349 2030 592 2078 nimirum
632 2046 702 2079 ex
729 2034 928 2089 aetate,
966 2030 1156 2081 ordine
1193 2031 1514 2088 vocationis,
1553 2030 1750 2078 amoris
1784 2031 1893 2094 fer-

73 2132 196 2164 vore
224 2121 274 2164 et
291 2115 536 2179 propriis
563 2114 864 2165 virtutibus.-
902 2117 1040 2166 unde
1061 2119 1263 2182 factum
1294 2123 1397 2174 est,
1435 2122 1494 2166 ut
1527 2115 1708 2182 aliquo
1735 2116 1891 2164 modo

67 2202 273 2265 primas
304 2201 439 2249 inter
466 2195 753 2265 Apostolos
780 2202 1058 2251 retineret.-
1097 2200 1223 2252 hunc
1252 2209 1415 2251 autem
1454 2217 1673 2251 amorem
1700 2199 1893 2269 praeci-

74 2302 166 2354 pue
194 2283 377 2336 asserit
414 2282 566 2334 fuisse
596 2287 902 2351 praecisam
941 2293 992 2337 et
1009 2289 1296 2354 formalem
1329 2289 1588 2338 rationem
1606 2289 1889 2353 primatus.

72 2367 202 2420 Dein
239 2386 360 2421 vero
400 2368 516 2421 alibi
553 2368 679 2421 hunc
718 2369 980 2440 primatum
1031 2390 1132 2433 uua
1180 2391 1287 2425 cum
1324 2371 1482 2425 Petro
1531 2371 1786 2424 interiisse
1828 2373 1892 2422 af-

71 2454 268 2506 firmare
318 2473 418 2506 non
468 2455 674 2506 dubitat.
752 2452 942 2522 Quibus
993 2456 1176 2509 similia
1226 2459 1372 2529 plane
1413 2457 1614 2528 scripsit
1654 2455 1891 2509 Claudius

71 2537 345 2592 Salmasius
386 2545 439 2592 in
477 2539 761 2610 Apparatu
800 2543 860 2594 ad
899 2543 1052 2595 libros
1087 2545 1173 2596 De
1203 2548 1443 2613 primatu
1481 2562 1596 2615 pag.
1627 2545 1676 2596 2.
1739 2543 1892 2596 Absit,

74 2644 194 2695 ergo
224 2645 253 2676 a
279 2626 536 2680 catholicis
577 2645 663 2679 eas
703 2629 836 2681 solas
877 2629 1102 2683 rationes
1128 2649 1336 2701 urgere,
1377 2648 1440 2682 ne
1465 2629 1558 2683 hac
1583 2630 1668 2683 via
1705 2630 1891 2702 prima-

72 2721 172 2762 tum
190 2712 319 2782 juris
345 2712 397 2764 in
417 2710 561 2764 Petri
588 2731 904 2767 successores
930 2716 1172 2768 transfusi
1197 2734 1306 2768 cum
1333 2715 1598 2767 haereticis
1625 2734 1814 2786 negare
1842 2727 1893 2768 et

73 2806 301 2850 evertere
338 2797 616 2850 videantur.
679 2798 852 2868 Itaque
890 2800 1261 2870 praetermissis
1297 2799 1374 2851 his
1414 2799 1724 2864 rationibus,
1765 2820 1891 2869 quae

73 2883 132 2934 ad
151 2901 258 2935 eam
281 2883 620 2952 quaestionem
644 2894 889 2954 spectant,
918 2903 1004 2937 cur
1015 2883 1201 2936 Petrus
1227 2884 1360 2936 inter
1374 2883 1650 2954 Apostolos
1675 2886 1892 2956 primatu

70 2969 279 3020 donatus
305 2968 482 3032 fuerit,
518 2969 617 3021 alia
645 2970 793 3022 altior
818 2970 948 3022 ratio
974 2970 1269 3040 inquirenda
1296 2978 1374 3022 est
1405 2969 1465 3020 ad
1491 2987 1600 3022 eam
1627 2970 1771 3042 hujus
1793 2972 1889 3024 loci

70 3053 319 3124 propriam
346 3054 684 3122 quaestionem
704 3056 980 3126 pertinens,
1008 3075 1094 3109 cur
1119 3056 1384 3128 primatum
1410 3054 1568 3125 ipsum
1586 3057 1716 3126 juris
1743 3077 1889 3129 prae-

71 3139 199 3208 cipui
224 3136 280 3190 S.
308 3137 464 3192 Pet-ro
492 3141 832 3207 commissum,
870 3153 921 3196 et
959 3143 1018 3195 ad
1044 3159 1362 3196 successores
1401 3141 1505 3210 ejus
1540 3142 1888 3195 transmitten-

70 3225 179 3276 dum
208 3222 440 3277 Christus
466 3227 518 3279 in
542 3226 773 3281 Ecclesia
798 3229 1102 3283 instituerit:
1129 3229 1178 3280 id
1205 3227 1336 3281 enim
1365 3244 1672 3297 cognoscere
1699 3229 1759 3280 ad
1785 3229 1888 3299 pri-

69 3321 230 3362 matus
257 3310 412 3382 ipsius
438 3322 669 3366 naturam
696 3324 747 3367 ct
779 3315 882 3370 vim
919 3315 1313 3387 cognoscendam
1331 3352 1345 3376 ,
1385 3331 1442 3365 ac
1469 3330 1539 3366 ex
1563 3310 1887 3384 Evangelicis

68 3396 127 3449 de
151 3395 308 3450 Petro
335 3396 635 3451 testimoniis
661 3409 768 3453 tute
793 3400 1084 3454 eliciendam
1111 3398 1333 3452 maxime
1359 3400 1599 3452 conferet.

124 3487 172 3524 1³.
203 3488 353 3525 Bauer.
386 3489 435 3525 de
466 3488 644 3525 Primatu
676 3494 754 3526 etc.
1504 3485 1538 3538 3
