2320 3990
977 183 1550 240 ...4-

331 355 508 428 cap.2.
549 353 726 410 Solum
753 364 806 407 ut
835 355 965 408 hunc
992 353 1260 425 primatum
1283 351 1534 407 Romanis
1554 351 1888 408 Pontificibus
1918 353 2191 426 eriperent,

329 443 424 496 fuit
448 443 533 498 ille
559 442 885 515 quorumdam
914 440 1311 513 acatholicorum
1339 450 1552 495 conatus
1578 460 1681 495 non
1708 442 1863 508 leviS,
1903 452 1953 494 et
1981 450 2192 494 conatus

331 531 528 604 quidem
554 531 766 604 dupleX,
804 530 1021 603 primum
1056 548 1249 602 negare
1290 529 1389 582 iter
1417 525 1474 582 S.
1506 526 1655 583 Petri
1681 529 1897 584 Romam
1916 570 1929 596 ,
1968 528 2109 594 dein,
2150 529 2191 581 si

332 621 424 674 hoc
449 621 548 673 iter
575 619 947 674 concedendum
975 618 1067 686 sit,
1107 617 1322 671 inficiari
1346 615 1712 690 Episcopatum
1749 607 1856 691 ejus
1884 617 2191 682 Romanum,

331 726 402 761 ex
428 727 526 779 quo
554 706 611 761 S.
641 705 789 762 Petri
814 707 1060 780 primatus
1087 707 1141 759 in
1168 705 1434 760 Romanos
1461 704 1740 759 Pontifices
1765 707 1883 777 jure
1910 705 2193 760 successio-

331 796 409 849 nis
435 796 692 850 transivit.
747 794 822 848 At
846 795 1009 868 prima
1035 795 1289 868 opinatio,
1318 814 1447 866 quae
1474 791 1530 848 S.
1562 793 1707 848 Petri
1733 793 1833 848 iter
1859 792 2078 848 Romam
2104 813 2193 847 ne-

331 886 502 957 gabat,
532 885 656 937 adeo
685 883 1000 939 evidentibus
1029 885 1245 956 explosa
1274 894 1353 937 est
1380 883 1711 948 documentiS,
1739 892 1795 934 ut
1821 882 2046 955 ipsorum
2073 902 2195 952 quo-

331 991 427 1043 que
467 972 901 1026 heterodoxorum
940 971 1238 1045 peritissimi
1274 972 1395 1026 illud
1434 972 1645 1045 amplius
1682 990 1783 1024 non
1823 981 2044 1042 negent,
2082 989 2193 1033 nec,

332 1061 430 1115 etsi
474 1060 697 1115 maxime
740 1059 926 1126 velint,
984 1079 1176 1133 negare
1224 1059 1324 1113 nisi
1367 1061 1684 1133 impudenter
1729 1070 1933 1131 queant.
2012 1059 2195 1112 Altera

331 1168 511 1222 porr0,
549 1168 678 1220 quae
716 1147 1006 1201 Romanum
1034 1146 1091 1202 S.
1122 1147 1269 1202 Petri
1294 1147 1658 1222 Episcopatum
1696 1148 1949 1213 excludit,
1994 1158 2196 1220 praeter
2240 1216 2246 1221 .

332 1238 432 1291 alia
457 1239 614 1291 multa
641 1236 768 1291 satis
788 1237 870 1291 vel
891 1236 1079 1290 exinde
1102 1237 1367 1304 refellitur,
1396 1238 1527 1308 quod
1548 1236 1752 1290 nonnisi
1776 1255 1846 1290 ex
1865 1235 2195 1308 Episcopatu,

332 1344 479 1396 quem
501 1325 700 1379 Romae
721 1323 778 1378 S.
802 1323 991 1378 Petrus
1018 1325 1240 1378 instituit
1267 1325 1547 1397 gessitque,
1577 1324 1813 1378 Romana
1841 1326 1987 1378 sedes
2013 1326 2069 1377 S.
2097 1325 2196 1376 Pe-

331 1417 406 1465 tri
438 1415 703 1466 cathedra
741 1431 941 1484 semper
978 1414 1229 1485 appellata
1267 1423 1347 1465 est
1380 1413 1434 1464 in
1470 1410 1705 1465 Ecclesia
1742 1412 2018 1476 catholica,
2061 1421 2112 1464 et
2146 1411 2198 1463 in

334 1500 682 1554 Romanorum
709 1500 1013 1554 Antistitum
1042 1501 1288 1572 catalogis
1306 1541 1319 1566 ,
1349 1519 1475 1571 quos
1503 1500 1841 1571 antiquissimi
1869 1518 2068 1570 quoque
2096 1497 2199 1551 Pa-

332 1599 438 1643 tres
475 1590 528 1642 in
556 1607 648 1642 sua
675 1608 830 1661 opera
857 1589 1203 1655 inseruerunt,
1231 1589 1422 1662 primus
1451 1608 1649 1662 semper
1682 1589 1986 1642 describitur
2017 1586 2074 1640 S.
2097 1585 2199 1640 Pe-

331 1689 443 1731 trus
461 1719 474 1743 ,
513 1678 591 1731 cui
619 1677 705 1730 alii
731 1677 888 1730 veluti
925 1696 1250 1730 successores
1288 1678 1637 1748 subjiciuntur.
1691 1675 1744 1727 Id
1771 1677 1968 1747 quidem
1996 1676 2066 1730 ita
2093 1696 2199 1729 ma-

335 1765 574 1818 nifestum
614 1773 717 1828 est,
757 1774 813 1815 ut
848 1763 1076 1817 Joannes
1112 1763 1430 1817 Pearsonius
1467 1764 1654 1838 (Oper.
1684 1765 1997 1838 posthum),
2039 1784 2198 1835 quan-

335 1853 520 1907 tumvis
548 1853 920 1918 heterodoxus,
962 1860 1064 1905 non
1092 1853 1253 1904 solum
1283 1853 1635 1919 affirmaverit,
1677 1854 1765 1907 sed
1803 1853 1956 1906 etiam
1993 1854 2199 1906 demon-

337 1941 532 2006 strarit,
561 1959 833 2011 numquam
861 1942 990 2013 apud
1011 1939 1246 2008 antiquos
1269 1940 1547 1994 dubitatum
1576 1941 1752 2007 fuisse,
1783 1941 1903 2012 quin
1926 1939 1983 1995 S.
2006 1940 2197 1995 Petrus

338 2030 625 2083 Romanam
653 2027 941 2082 Ecclesiam
967 2028 1284 2093 fundaverit,
1326 2039 1376 2081 et
1404 2028 1625 2082 Romani
1652 2028 1930 2084 Pontifices
1960 2031 2118 2084 eidem
2147 2031 2197 2083 in

336 2117 650 2191 Episcopatu
678 2118 1040 2172 successerint.

483 2207 534 2259 2.
575 2204 839 2258 Primatus
867 2204 1029 2259 Petro
1066 2203 1218 2258 delati
1259 2204 1391 2257 ratio
1429 2205 1618 2256 nullam
1645 2206 2004 2277 particularem
2033 2208 2199 2262 sedem

336 2293 718 2368 Episcopalem,
766 2293 846 2347 cui
884 2294 993 2367 ipse
1038 2294 1367 2366 alligaretur,
1424 2312 1516 2365 per
1553 2312 1608 2346 se
1656 2293 1856 2346 videtur
1894 2298 2198 2366 postulasse.

338 2384 411 2436 At
446 2383 577 2455 quod
611 2401 701 2455 per
737 2401 792 2435 se
819 2380 967 2436 Petri
1002 2383 1251 2455 primatus
1288 2400 1391 2434 non
1420 2380 1690 2452 exigebat,
1732 2391 1873 2434 certa
1909 2383 2199 2453 requirebat

337 2472 471 2525 illius
508 2471 562 2523 in
599 2469 818 2541 primatu
854 2471 1141 2536 successiO,
1179 2489 1308 2540 quae
1345 2470 1397 2522 in
1433 2470 1620 2522 bonum
1658 2467 1923 2524 Ecclesiae
1963 2490 2202 2544 perseve-

338 2578 483 2623 rare,
520 2556 766 2627 facileque
794 2557 1027 2630 expediri
1054 2559 1292 2623 debebat,
1319 2568 1375 2610 ut
1412 2558 1566 2630 probe
1594 2558 1891 2612 observavit
1917 2558 2202 2614 Bossuetus

340 2647 391 2699 in
406 2649 743 2716 Defensione
764 2649 1153 2700 declarationis
1187 2648 1336 2701 Cleri
1361 2648 1640 2700 Gallicani
1664 2646 1749 2698 lib.
1769 2647 1855 2700 10.
1886 2648 1950 2700 al.
1971 2648 2057 2702 15.
2089 2668 2130 2703 e.
2149 2652 2199 2703 5.

345 2737 504 2789 Petri
540 2755 876 2788 successores
917 2756 1034 2789 cum
1074 2738 1372 2788 ordinandi
1402 2739 1641 2805 fuerint,
1686 2737 1752 2787 cle
1801 2739 1954 2789 caclo
1993 2739 2205 2807 lapsuri

340 2845 448 2878 non
477 2833 625 2886 simt3
653 2843 825 2893 neque
853 2826 929 2875 acl
952 2826 1219 2877 creandos
1248 2844 1367 2885 cos,
1394 2825 1484 2876 ubi
1511 2844 1646 2894 opus
1668 2827 1873 2893 fuerit,
1910 2833 2076 2877 totam
2105 2828 2204 2879 Ec-

341 2916 558 2966 clesiam
597 2916 783 2973 citari,
836 2917 1260 2984 commoverique
1300 2914 1588 2983 oportebit.
1670 2914 1904 2966 Necesse
1941 2933 2069 2982 eryo
2110 2922 2204 2974 est,

342 3003 528 3072 aliqua
555 3009 614 3053 ut
638 3003 710 3052 sit
733 3001 1037 3054 catholicae
1066 3001 1348 3053 Ecclesiae
1372 3020 1538 3069 pars,
1569 3019 1640 3051 ca:
1667 3019 1773 3069 qua
1802 3003 2058 3062 existant,
2087 3003 2203 3053 alii-

343 3109 443 3160 quc
472 3091 595 3141 aliis
623 3090 997 3160 subroqentur.
1049 3090 1232 3149 Quare
1259 3092 1336 3140 ita
1364 3090 1642 3140 constituti
1666 3095 1804 3148 sunt,
1833 3095 1891 3139 ut
1914 3108 2022 3139 non
2043 3091 2202 3141 modo

343 3180 626 3229 universae
649 3178 929 3230 Ecclesiae
951 3181 1220 3248 praesint,
1248 3179 1360 3238 secl,
1388 3178 1833 3248 quemadmodum
1861 3180 2029 3228 ceteri
2049 3178 2202 3247 Epis-

345 3268 495 3334 copi,
527 3268 866 3333 peculiarem
894 3268 1154 3327 habeant,
1190 3285 1349 3336 quam
1387 3273 1609 3336 reyant,
1647 3266 1977 3326 Ecclesiam,
2014 3284 2203 3335 nempe

351 3353 669 3414 Romanam,
697 3374 856 3423 quam
885 3356 1084 3408 Petrus
1105 3356 1365 3424 fundarit
1391 3361 1442 3406 et
1467 3357 1693 3406 rea-erit.
1732 3351 1785 3404 Id
1814 3352 1966 3406 etiam
1992 3371 2204 3406 necesse

346 3440 468 3506 fuit,
508 3459 572 3494 ne
598 3459 760 3512 vagus
787 3442 1113 3514 incertusque
1141 3451 1278 3496 esset
1313 3441 1495 3495 summi
1521 3439 1788 3494 Pontificis
1815 3441 1955 3494 locus
1974 3479 1987 3505 ,
2026 3459 2124 3510 quo
2151 3440 2202 3492 iu

346 3527 645 3600 urgentibus
670 3525 934 3583 Ecclesiae
974 3527 1362 3584 necessitatibus
1400 3548 1467 3584 ex
1507 3529 1863 3583 remotissimis
1899 3546 2096 3599 quoque
2123 3548 2204 3582 re-
