2320 3990
1224 219 1346 256 XXX
1359 224 1362 227 '

355 454 638 516 Series
671 470 991 524 eorum,
1032 473 1247 530 quae
1276 457 1368 516 in
1402 458 1769 520 editione
1794 463 2211 522 Amstelo-

357 538 737 598 damensi
765 554 897 597 an.
917 538 1136 599 1⁷45.
1177 540 1703 616 Defert-sionis
1719 547 2211 606 Bossuetia-

353 639 516 682 nae
557 623 1121 694 eontinentur,
1182 628 1268 684 et
1305 625 1503 685 ordo
1541 625 1946 688 librorum
1992 628 2211 704 ejus-

355 708 547 766 dem
569 707 924 766 collatus
950 723 1139 767 eum
1160 710 1452 769 ordine
1472 710 1795 782 primae
1815 713 2209 772 editionis

670 794 1443 869 Luxemburgensis
1483 809 1617 852 an.
1656 793 1883 854 1⁷30.

351 1026 490 1080 Ordo
530 1026 764 1080 editionis
804 1028 1246 1083 Amstelodamen-
1319 1027 1458 1082 Ordo
1485 1029 1678 1102 primae
1705 1029 1957 1084 editionis.

423 1114 511 1166 siS.

350 1217 660 1272 Dissertatio
687 1220 895 1291 praevia
922 1220 983 1272 ab
1015 1220 1246 1274 Auctore
1317 1218 1459 1273 Haec
1523 1220 1813 1273 dissertatio
1880 1221 1931 1274 in
1996 1222 2212 1275 editione

423 1305 614 1378 scripta
634 1307 744 1360 loco
770 1307 921 1360 trium
941 1307 1164 1380 priorum
1184 1308 1245 1361 li-
1388 1307 1549 1379 prima
1589 1308 1744 1362 deest.

421 1395 625 1446 brorum
645 1393 838 1466 primae
855 1395 1108 1461 editionis,
1123 1415 1247 1466 quos

422 1482 653 1535 secundis
677 1482 812 1536 curis
831 1482 1029 1537 Auctor
1050 1502 1247 1556 expun-

422 1580 522 1622 ΧΨ
1389 1613 1446 1666 In
1471 1614 1633 1686 prima
1659 1613 1879 1667 editione
1907 1623 2002 1666 est.

346 1716 462 1769 Lib.
492 1715 530 1768 I.
572 1716 728 1769 sectio
757 1716 934 1789 primu.
1314 1715 1430 1768 Lib.
1459 1715 1551 1770 IV.

575 1817 747 1873 Sectio
776 1819 1010 1872 secunda.
1312 1817 1429 1871 Lib.
1459 1818 1526 1873 V.

343 1920 461 1974 Lib.
491 1920 553 1973 II.
1313 1919 1430 1973 Lib.
1460 1920 1552 1975 VI.

343 2023 461 2077 Lib.
490 2023 576 2076 III.
1315 2022 1430 2075 Lib.
1462 2023 1576 2077 VII.

342 2126 459 2180 Lib.
489 2127 582 2182 IV.
1315 2125 1432 2177 Lib.
1462 2125 1600 2179 VIII.

341 2228 458 2283 Lib.
490 2227 558 2283 V.
1316 2225 1431 2279 Lib.
1461 2225 1558 2278 IX.

342 2331 459 2385 Lib.
490 2331 581 2387 Vl.
1313 2329 1431 2382 Lib.
1462 2327 1535 2380 X.

344 2434 461 2488 Lib.
491 2433 608 2489 VII.
1314 2429 1431 2483 Lib.
1462 2429 1582 2483 XII.

343 2535 462 2589 Lib.
491 2535 632 2591 VIII.
1315 2531 1432 2586 Lib.
1461 2530 1605 2585 XIII.

344 2637 461 2691 Lib.
489 2637 587 2691 IX.
1136 2665 1158 2671 ν
1186 2651 1191 2657 ’
1315 2634 1433 2688 Lib.
1462 2634 1614 2690 XIV.

343 2740 460 2794 Lib.
488 2739 564 2793 X.
1310 2738 1430 2792 Lib.
1459 2738 1588 2795 XV.

342 2844 459 2898 Lib.
489 2843 586 2896 XI.
1309 2841 1426 2895 Lib.
1450 2842 1547 2895 XI.

347 2945 683 3002 Corollarium
710 2947 840 3000 idem
868 2946 920 2998 in
946 2956 1163 3016 utraque
1190 2946 1431 2998 editione.

345 3049 623 3123 Appendix
640 3090 654 3115 ‚
701 3049 752 3102 in
780 3068 878 3119 qua
903 3048 1095 3121 primae
1124 3047 1359 3102 editionis
1386 3048 1634 3119 praefatio
1652 3087 1667 3113 ‚
1709 3058 1759 3101 et
1785 3058 1893 3101 tres
1921 3037 2082 3120 primi
2098 3047 2212 3100 libri

420 3153 638 3224 ejusdem
676 3152 910 3206 editionis
947 3170 978 3204 a
1016 3150 1269 3204 Bossueto
1310 3150 1585 3222 expuncti,
1625 3159 1676 3203 et
1710 3168 1818 3222 cap.
1847 3149 1935 3204 34.
1965 3150 2078 3202 libri
2108 3149 2204 3202 IX.

418 3255 610 3326 pariter
638 3264 947 3327 expunctum
975 3252 1301 3308 exhibentur.
