2320 3990
967 180 1582 239 *ΞΒ-.-

354 351 580 405 eumdem
601 349 969 423 jurisdictionis
1007 348 1278 420 primatum
1316 349 1673 405 adstruendum
1709 349 1916 404 traditio
1955 351 2068 423 ipsa
2108 349 2212 405 Pa-

352 449 486 493 trum
512 437 828 512 potissimum
855 436 1063 509 ingerit.
1117 434 1174 488 In
1202 436 1278 490 his
1306 453 1432 490 sane
1457 454 1568 491 cum
1594 447 1754 492 totum
1781 439 1863 493 vel
1888 437 2210 511 praecipuum

353 528 513 600 ipsius
549 524 839 579 traditionis
876 525 1253 579 fundamentum
1281 525 1348 578 sit
1385 523 1635 597 positumf3
1654 534 1663 565 ’-
1674 525 1978 581 heterodoxi
2005 546 2067 581 ea
2094 529 2212 580 ‘sub-

353 625 556 670 vertere
581 624 688 668 toto
717 623 902 667 conatu
927 613 1026 667 nisi
1053 624 1171 667 sunt
1187 654 1201 680 ,
1227 613 1573 686 intelligentes
1613 612 1699 684 (ut
1722 615 1912 670 fatetur
1937 615 2015 669 M.
2043 615 2212 669 Anto-

356 704 469 757 nius
496 703 555 756 de
570 701 804 757 Dominis
833 701 915 754 lib.
937 703 986 754 l.
1017 721 1061 756 c.
1086 703 1139 757 6.
1169 722 1220 756 n.
1251 701 1334 771 l.)
1362 701 1487 755 nihil
1512 711 1781 774 praeterea
1804 704 2052 775 reliquum
2079 723 2212 769 esse,

354 792 486 863 quod
513 809 583 844 ex
609 788 879 862 Scriptura
915 789 1042 863 ipsis
1077 789 1336 863 negotium
1363 791 1603 843 facessat.
1657 788 1791 844 Hinc
1831 799 1955 862 ergo
1996 809 2213 863 cognos-

354 881 502 946 citur,
539 887 781 950 quantum
807 878 861 931 in
887 878 1147 952 principiis
1186 878 1310 951 ipsis
1336 877 1569 950 Dupinus
1596 878 1885 945 exorbitet,
1925 889 2213 950 quantaque

353 967 735 1041 perturbatione
761 968 843 1022 vel
870 967 1174 1040 praejudicio
1203 977 1366 1034 actim,
1395 966 1726 1021 heterodoxis
1753 967 1954 1022 faverit.
2017 966 2072 1020 Id
2097 986 2213 1039 pro-

354 1058 483 1111 fecto
512 1056 812 1110 monendum
834 1046 947 1122 fuit,
974 1066 1078 1109 tum
1105 1067 1160 1110 ut
1187 1057 1374 1128 liqueat
1399 1056 1482 1110 vel
1509 1074 1579 1109 ex
1605 1055 1698 1109 hoc
1716 1097 1730 1122 ,
1770 1055 2051 1109 Auctorem
2080 1057 2212 1127 ejus-

355 1144 488 1197 modi
537 1144 590 1196 in
643 1145 1068 1216 consequentibus
1117 1145 1327 1199 subinde
1374 1143 1642 1197 sententiis
1691 1162 1794 1197 non
1832 1143 2060 1216 potuisse
2110 1162 2212 1197 non

352 1243 710 1286 transcurrere
736 1235 870 1287 ultra
898 1234 1182 1307 crepidam,
1221 1244 1325 1286 tum
1351 1243 1406 1286 ut
1435 1233 1546 1299 alii,
1586 1232 1630 1286 si
1670 1232 1753 1303 qui
1793 1233 1966 1286 eodem
2006 1232 2212 1303 ingenio

351 1322 626 1391 iisdemque
651 1322 969 1393 praejudiciis
996 1321 1357 1393 impediantur,
1406 1321 1503 1373 sibi
1528 1321 1753 1374 maxime
1781 1330 2026 1386 caveant,
2069 1338 2133 1373 ne
2160 1320 2210 1372 in

353 1409 543 1462 similes
569 1409 941 1481 prolapsiones,
970 1428 1097 1479 quae
1124 1407 1394 1462 haereticis
1423 1418 1473 1461 et
1501 1407 1835 1462 schismaticis
1864 1408 2078 1480 prosint,
2108 1417 2213 1459 tur-

356 1498 486 1570 piter
513 1497 788 1551 offendant.

970 1645 1380 1718 CAPUT
1461 1645 1582 1717 Vl.

890 1805 1362 1851 PROPOSITIO
1411 1805 1674 1850 SEXTA.

361 1928 483 1973 Cum
507 1931 774 1989 primatus
806 1927 1088 1988 peculiaris
1105 1926 1492 1986 jurisdictionis
1526 1932 1576 1970 et
1591 1928 1883 1987 personalis
1907 1928 1958 1973 S.
1986 1927 2136 1973 Petri
2168 1935 2215 1973 el

356 1988 714 2034 Romanorum
737 1987 1052 2047 Pontificum
1087 1989 1315 2033 laudatis
1346 1986 1671 2047 Evanqelieis
1693 1990 1994 2034 testimoniis
2016 1992 2213 2049 potissi-

354 2065 497 2094 mum
530 2049 793 2094 incumbat
803 2068 821 2103 ,·
853 2052 907 2095 in
939 2048 1121 2094 iisdem
1152 2049 1557 2109 interpretandis
1589 2062 1691 2092 non
1724 2054 1899 2095 omnia
1933 2050 2050 2095 aliis
2083 2047 2213 2110 Apo-

354 2110 497 2155 stolis
539 2124 816 2169 eorumque
859 2108 1257 2162 successoribus,
1309 2108 1442 2153 idest
1485 2107 1757 2167 Episcopis
1796 2109 1978 2154 debent
2018 2125 2122 2154 esse
2169 2117 2215 2154 et

357 2173 553 2215 censeri
600 2173 918 2222 communia,
963 2173 1039 2214 ita
1079 2175 1137 2214 ut
1172 2168 1311 2227 quod
1342 2166 1503 2212 Petro
1544 2167 1740 2216 dictum
1778 2170 1888 2230 fuit
1929 2185 1961 2214 a
1998 2168 2212 2216 Christo.

357 2246 516 2290 aeque
560 2229 793 2275 omnibus
840 2230 1036 2275 dictum
1066 2229 1234 2288 fuerit
1264 2233 1318 2274 in
1352 2226 1528 2280 Petro,
1565 2228 1874 2289 eaedemque
1907 2233 1960 2275 in
1993 2233 2103 2290 ipso
2133 2229 2213 2289 fa·

355 2292 572 2336 cultates
604 2305 764 2349 aeque
796 2290 1027 2336 omnibus
1059 2290 1288 2335 traditae
1316 2288 1544 2347 fuerint,·
1573 2288 1665 2333 sed
1686 2297 1906 2349 ⁷praeter
1934 2290 2217 2349 facultates

354 2352 471 2398 aliis
503 2350 760 2414 Apo-stolis
794 2365 1086 2395 communes
1130 2349 1332 2408 aliquid
1356 2349 1500 2408 juris
1525 2352 1808 2411 praecipui
1837 2365 1900 2395 ac
1923 2351 2217 2411 personalis

355 2411 508 2457 Petri
547 2416 601 2457 in
644 2414 771 2472 ipsis
812 2414 1114 2457 testimoniis
1162 2413 1418 2456 contineri
1456 2409 1624 2462 debet,
1670 2411 1809 2466 quod
1849 2414 1902 2456 in
1951 2410 2215 2455 Romanos

356 2471 635 2531 Pontifices
676 2471 781 2529 ejus
829 2486 1143 2516 successores
1184 2473 1465 2522 transien8‚
1504 2473 1801 2530 primatum
1834 2471 2125 2532 peculiaris
2170 2478 2216 2516 et

423 2528 719 2594 personalis
735 2531 1123 2590 jurisdictionis
1166 2530 1336 2577 divino
1353 2529 1481 2588 jure
1515 2533 1809 2576 institutum
1843 2536 2138 2577 constituat.

507 2636 554 2688 l.
607 2634 750 2690 Haec
776 2636 1055 2709 propositio
1084 2653 1155 2689 ex
1181 2635 1598 2708 praecedentibus
1625 2655 1716 2709 per
1743 2636 2214 2706 consequutionem,

356 2735 409 2778 nt
436 2724 639 2778 scholae
664 2735 877 2791 vocant,
917 2723 1255 2778 immediatam
1283 2724 1577 2778 necessario
1605 2723 1742 2790 fluit,
1779 2733 1834 2776 ut
1860 2723 2021 2777 cuivis
2050 2723 2214 2777 consi-

356 2812 554 2867 deranti
588 2813 807 2885 patebit,
858 2812 1103 2883 simulque
1142 2812 1308 2885 palam
1346 2812 1444 2885 ipsi
1482 2813 1593 2879 fiet,
1633 2832 1745 2867 eam
1785 2813 1847 2865 ab
1886 2810 2215 2875 adversariiS,

356 2902 440 2973 qui
478 2900 762 2973 praemissa
800 2900 1073 2965 dederunt,
1130 2900 1312 2971 negari
1355 2919 1458 2954 non
1510 2918 1680 2972 posse.
1747 2896 2064 2968 Quicumque
2108 2898 2215 2952 sive

358 2989 692 3055 schismatici,
749 2989 858 3044 sive
906 2987 1150 3042 haeretici
1198 2987 1466 3059 primatum
1505 2985 1858 3038 Romanorum
1910 2984 2214 3039 Pontificum

358 3086 475 3131 sunt
501 3078 759 3148 aggressi,
799 3097 910 3132 cum
935 3076 1168 3131 viderent
1203 3075 1367 3148 ipsum
1405 3071 1763 3145 EvangeliciS,
1805 3092 1933 3144 quae
1973 3074 2216 3129 indicavi-

359 3185 488 3231 mus,
516 3165 822 3220 testimoniis
850 3165 971 3231 niti,
1012 3163 1138 3219 haec
1162 3163 1371 3236 perinde
1397 3162 1717 3232 distorquere
1743 3171 1795 3215 et
1822 3162 2085 3235 explicare
2112 3173 2217 3217 stu-

358 3255 590 3320 duerunt,
618 3265 674 3307 ut
698 3254 820 3307 nihil
845 3252 1006 3308 Petro
1025 3252 1156 3325 juris
1182 3251 1453 3326 peculiaris
1479 3250 1811 3320 relinquatur,
1841 3250 1970 3322 quod
1997 3250 2059 3303 ad
2086 3250 2213 3303 alios

358 3341 550 3414 pariter
585 3341 865 3414 Apostolos
918 3361 1020 3396 non
1068 3339 1386 3415 pertinuerit.
1452 3336 1681 3393 Graecos
1720 3337 2102 3404 schismaticOS,
2157 3356 2215 3392 ac

360 3429 661 3501 praesertim
686 3430 944 3484 Armenos
971 3450 1033 3485 ea
1061 3427 1349 3503 explicandi
1375 3426 1574 3481 ratione
1615 3445 1733 3494 usos
1770 3436 1909 3499 patet
1945 3444 2016 3479 ex
2043 3444 2216 3478 eorum

360 3517 520 3585 libris,
549 3517 728 3589 quibus
757 3537 960 3575 suarum
988 3519 1206 3591 partium
1235 3516 1452 3572 schisma
1479 3515 1744 3570 defendere
1773 3514 2051 3579 studenteS,
2080 3512 2218 3568 Pon-
