2314 3984
976 199 1632 258 —263—

379 364 795 419 infallibilitatem
815 365 1084 437 denegant.
1145 366 1297 422 Haec¹
1326 369 1460 423 enim
1496 372 1752 427 distinctio
1778 373 1913 428 inter
1937 373 2220 428 Romanam

378 455 545 507 sedem
561 493 576 518 ,
612 462 699 506 aut
722 450 1007 509 Ecclesiam
1042 464 1094 509 et
1122 444 1392 509 ‘Romanos
1417 455 1693 515 Pontifices
1707 502 1723 527 ,
1760 480 1868 516 cum
1907 463 1967 516 de
1993 462 2219 516 doctrina

378 541 489 594 fidei
527 550 579 594 ct
613 541 674 594 de
702 543 821 614 jure
857 542 1066 614 cogendi
1106 544 1169 597 ad
1199 544 1313 598 fidei
1347 545 1594 600 unitatem
1629 549 1824 621 agitur,
1863 569 1934 604 ex
1959 550 2219 623 principiis

368 630 474 700 jam
502 629 790 682 constitutis
826 630 898 684 ita
924 631 1199 697 refellitur,
1237 642 1293 684 ut
1319 632 1403 702 qui
1428 635 1859 703 eaniobtrudunt,
1896 657 2006 692 cum
2042 638 2217 692 iisdem

375 715 631 789 principiis
657 735 748 790 per
772 718 911 791 ipsos
938 738 1134 791 quoque
1161 721 1417 774 concessis
1446 721 1574 775 haud
1600 725 1982 791 concordanteS,
2009 725 2062 778 in
2087 726 2214 779 idem

374 804 784 860 incohaerentiac
804 805 980 860 vitium
999 807 1244 875 recidant,
1260 810 1388 880 quod
1406 809 1570 864 vitare
1590 812 1913 865 contendunt.
1940 811 2216 867 Enimvero

375 911 493 959 cur,
529 913 684 966 rogo,
722 895 1067 949 necessarium
1104 915 1218 951 esse
1255 899 1507 964 fatentur,
1547 917 1721 953 omnes
1749 897 2071 954 Christianos
2099 918 2217 953 con-

373 982 577 1048 venire,
615 1001 705 1036 seu
738 981 983 1037 unitatem
1020 1002 1230 1040 servare
1268 1006 1378 1040 cum
1404 985 1670 1041 Romanae
1706 987 1839 1040 sedis
1879 998 1931 1041 et
1956 986 2217 1042 Ecclesiae

375 1070 495 1136 fide,
523 1071 751 1142 hancque
776 1072 1183 1144 praerogativam
1222 1075 1319 1127 soli
1344 1074 1610 1128 Romanae
1648 1085 1700 1128 et
1726 1075 1848 1127 nulli
1883 1075 1969 1128 alii
1995 1075 2216 1147 particu-

375 1158 468 1211 lari
490 1157 755 1213 Ecclesiae
781 1161 866 1214 vcl
892 1161 998 1214 sedi
1030 1161 1344 1215 attribuunt?
1396 1162 1583 1234 Utique
1605 1171 1836 1234 propter
1854 1166 2216 1231 potentiorem

366 1250 834 1316 principalitatem
877 1251 1252 1320 respondebunt
1299 1269 1409 1304 cum
1446 1249 1503 1304 S.
1544 1249 1785 1316 Irenae0‚
1836 1250 1966 1303 idest
2010 1259 2215 1321 propter

373 1334 639 1406 primatum
667 1336 775 1406 ejus
800 1334 948 1387 unius
974 1336 1231 1406 proprium
1246 1377 1260 1401 ,
1297 1337 1381 1406 qui
1407 1338 1604 1407 quidem
1642 1339 1705 1390 ob
1742 1337 1987 1389 unitatem
2011 1337 2213 1407 potissi-

371 1442 503 1474 mum
538 1422 651 1476 fidei
678 1423 1079 1476 conservandam
1114 1423 1403 1489 institutuS,
1440 1424 1493 1478 vi
1529 1423 1742 1494 cogendi
1767 1423 2021 1496 praeditus
2057 1423 2215 1496 ipsam

371 1510 727 1564 necessitatem
755 1511 1086 1566 conveniendi
1110 1509 1163 1562 in
1189 1511 1283 1564 fide
1310 1511 1540 1564 omnibus
1575 1529 1698 1566 vere
1726 1508 2033 1565 Christianis
2060 1511 2214 1584 impo-

370 1599 463 1652 nit.
507 1596 652 1666 Quae
673 1609 841 1653 autem
859 1598 938 1653 vis
961 1617 1019 1652 ac
1038 1600 1399 1671 praerogativa
1413 1599 1680 1670 Romanae
1702 1599 1825 1665 sedi,
1853 1609 1939 1653 aut
1950 1598 2214 1654 Ecclesiae

368 1697 574 1759 propter
599 1687 867 1759 primatum
897 1687 1216 1741 concedenda
1244 1699 1351 1754 est,
1380 1687 1630 1741 Romanis
1656 1686 1989 1742 Pontificibus
2018 1707 2213 1761 compe-

367 1775 458 1841 tit,
497 1775 549 1827 in
577 1774 754 1846 quibus
779 1785 977 1828 tantuin
1003 1784 1083 1828 est
1107 1786 1218 1828 tota
1243 1776 1375 1829 ratio
1402 1776 1643 1849 primatus
1660 1817 1673 1842 ,
1709 1776 1783 1829 ita
1807 1786 1862 1828 ut
1887 1777 2135 1830 neminem
2161 1777 2211 1830 in

369 1882 427 1918 co
456 1873 774 1929 consortem,
813 1873 898 1915 aut
925 1863 1267 1935 coadjutorem
1303 1864 1559 1935 requirat,
1598 1873 1655 1915 ut
1680 1864 1905 1935 pluribus
1933 1865 2211 1936 explicavi—

368 1970 476 2005 mus
505 1962 556 2006 et
583 1951 933 2006 constituimus
961 1951 1124 2023 capite
1150 1951 1473 2023 praecedenti
1498 1951 1544 2020 ἕ.
1574 1952 1624 2004 5.
1677 1950 1831 2005 Fides
1870 1972 1992 2025 ergo
2020 1953 2211 2007 Roma-

367 2059 463 2094 nae
490 2041 622 2094 scdis
647 2041 730 2095 vel
755 2039 1050 2105 Ecclesiae,
1092 2058 1219 2110 quae
1247 2057 1358 2092 eam
1394 2040 1724 2094 conveniendi
1751 2042 2110 2094 necessitatem
2139 2043 2210 2094 af-

366 2130 466 2182 fert
492 2129 691 2182 ratione
717 2129 986 2201 primatus,
1028 2127 1127 2180 alia
1152 2146 1254 2179 non
1281 2137 1360 2180 est
1386 2127 1485 2181 nisi
1519 2129 1640 2181 fides
1667 2146 1697 2180 a
1722 2126 1970 2182 Romanis
1997 2127 2210 2182 Pontifi-

366 2216 506 2269 cibus
532 2217 744 2283 tradita,
784 2227 835 2270 et
871 2216 925 2268 in
950 2215 1160 2268 unitatis
1187 2216 1398 2281 bonum,
1440 2235 1550 2269 cum
1587 2234 1711 2288 opus
1739 2225 1845 2280 est,
1882 2235 1951 2270 ex
1991 2218 2209 2289 ejusdem

363 2305 609 2376 primatus
649 2304 811 2358 officio
851 2323 909 2358 ac
939 2306 1054 2376 jure
1081 2303 1300 2356 definita.
1355 2301 1455 2371 Qui
1493 2304 1648 2376 igitur
1685 2303 2018 2376 apertissimis
2054 2305 2209 2357 tradi-

362 2393 516 2446 tionis
542 2393 846 2446 testimoniis
873 2391 1116 2458 convicti,
1156 2392 1502 2446 necessarium
1540 2394 1763 2446 fatentur
1802 2393 2072 2448 convenire
2099 2412 2206 2447 cum

365 2481 629 2534 Romanae
669 2482 832 2540 sediS,
871 2499 962 2533 seu
987 2478 1252 2533 Ecclesiae
1288 2480 1410 2544 fide,
1451 2480 1795 2533 necessarium
1833 2499 2030 2549 quoque
2056 2481 2206 2533 fateri

363 2569 545 2622 debent
583 2587 694 2621 cum
730 2567 961 2621 doctrina
998 2566 1111 2619 fidei
1137 2585 1167 2619 a
1194 2565 1442 2619 Romanis
1468 2566 1800 2621 Pontificibus
1826 2566 2087 2639 proposita
2114 2586 2203 2620 seu

363 2657 565 2710 definita
598 2655 901 2721 convenire,
940 2672 998 2707 ac
1034 2664 1305 2726 propterea
1337 2654 1647 2708 infallibilem
1687 2665 1968 2726 agnoscant
2003 2664 2204 2727 oportet

363 2764 499 2810 eam,
540 2763 687 2815 quam
723 2744 872 2796 iidem
905 2752 1191 2814 proponunt
1229 2743 1566 2814 definiuntquc
1602 2744 1882 2797 doctrinam
1907 2742 2047 2808 fidei,
2076 2762 2202 2812 quae

363 2834 535 2887 eadem
561 2843 641 2886 est
667 2851 724 2886 ac
752 2831 1019 2884 Romanae
1045 2831 1178 2884 sedis
1206 2841 1257 2884 et
1282 2829 1546 2885 Ecclesiae
1572 2832 1802 2886 doctrina
1828 2850 1886 2884 ac
1912 2831 2032 2884 fides
2049 2871 2063 2896 ,
2091 2850 2199 2884 cum

362 2941 459 2993 qua
484 2931 644 2974 totam
670 2919 951 2974 Ecclesiam
979 2918 1251 2973 convenire
1277 2938 1486 2973 necesse
1513 2931 1608 2974 est.
1662 2919 1720 2974 Si
1747 2919 1858 2990 quis
1885 2919 2200 2974 adversario-

362 3029 470 3062 rum
511 3009 563 3062 in
591 3011 683 3063 hoc
723 3009 879 3062 adhuc
912 3017 1186 3080 repugnet,
1225 3008 1467 3078 quomodo
1508 3027 1617 3062 cmn
1655 3006 1909 3062 concessis
1944 3005 2198 3078 principiis

364 3099 661 3164 concordet,
690 3117 790 3152 non
816 3096 978 3153 video.
