2320 3990
972 199 1325 272 ..ffl'lo
1418 250 1589 258 -..

355 384 635 446 dictionis,
664 387 982 454 potestatis,
1020 391 1072 436 et
1097 387 1439 439 auctoritatis
1478 391 1535 440 in
1561 408 1742 443 orienes
1777 392 1966 460 fideles
2005 392 2059 441 in
2099 397 2212 443 tota

357 472 630 533 Ecclesia,
668 477 818 545 cujas
857 491 971 525 eum
1012 475 1128 542 ipse
1155 476 1435 526 constituit
1467 475 1660 544 Caput.
1715 473 1862 544 Quae
1890 477 1933 530 si
1961 475 2019 530 S.
2049 475 2211 531 Petro

356 559 426 612 uti
451 558 650 631 primati
677 560 1001 626 conveniunt,
1030 561 1138 632 ejus
1167 580 1363 635 quoque
1391 548 1771 617 successoribus
1792 557 2043 618 Romanis
2072 563 2211 618 Pon-

355 647 594 714 tificibus,
624 657 677 700 ut
702 648 832 702 idem
858 648 1059 702 Auctor
1085 649 1319 722 deinceps
1346 649 1530 715 tradit,
1569 659 1619 703 et
1643 659 1700 703 ut
1725 669 1796 704 ex
1830 652 1992 725 prima
2029 671 2212 726 propo-

356 735 539 790 sitione
591 735 884 790 necessario
938 736 1193 807 sequitur,
1245 738 1439 811 pariter
1484 737 1760 792 convenire
1811 739 2022 794 dicenda
2073 752 2210 794 sunt.

355 821 530 892 Quare
576 821 817 878 Claudius
860 822 904 877 F
910 825 1058 898 leury
1099 825 1236 880 inter
1279 837 1656 900 oppugnatores
1701 826 2027 895 notissimus,
2080 828 2210 883 hanc

353 913 631 966 doctrinam
660 931 750 966 suo
779 911 1102 968 Catechismo
1131 915 1371 969 historico
1407 915 1650 970 inseruit:
1680 917 1986 986 Episcopus
2016 917 2211 970 Roma·

352 1021 474 1062 aas,
502 1021 657 1072 qaem
684 1003 845 1056 hodie
873 1005 1213 1073 appellamus
1244 1006 1484 1075 Papam,
1526 1025 1734 1076 semper
1764 1007 1975 1057 liabitas
2004 1013 2084 1058 est
2108 1024 2211 1058 om-

352 1093 496 1142 nium
524 1092 919 1161 Episcoporam
941 1095 1171 1161 primas,
1196 1114 1313 1147 cam
1341 1095 1537 1146 habeat
1562 1114 1730 1164 supra
1758 1096 1896 1148 alios
1916 1097 2212 1163 primatum

334 1181 887 1252 jurisdictionisjare
925 1182 1107 1233 clii-ino
1137 1180 1226 1254 (de
1254 1201 1350 1253 quo
1369 1183 1486 1254 jure
1513 1180 1681 1235 divino
1709 1180 1901 1234 dicetur
1928 1199 1971 1233 c.
2000 1178 2086 1252 4.)
2125 1185 2211 1234 sit-

353 1287 455 1337 que
481 1269 688 1321 visibile
716 1275 882 1337 caput
911 1270 1192 1322 Ecclesiae
1222 1278 1273 1322 et
1314 1271 1560 1323 Vicarias
1589 1270 1719 1322 Jesu
1754 1270 1984 1330 Christi,
2013 1274 2106 1339 qui
2134 1277 2211 1322 est

360 1355 540 1424 Caput
568 1359 882 1425 principale
922 1365 974 1408 et
1008 1359 1291 1410 invisibile.
1345 1355 1544 1410 Similia
1584 1357 1796 1410 aliorum
1833 1357 1977 1428 hujus
2005 1358 2212 1429 generis

350 1440 665 1515 Scriptorum
709 1443 1001 1496 testimonia
1044 1445 1236 1516 passim
1281 1454 1579 1509 occurrunt,
1627 1462 1697 1496 ex
1742 1443 1920 1514 quibus
1962 1463 2072 1497 cum
2109 1463 2210 1497 non

351 1550 510 1603 pauca
538 1531 657 1584 alibi
684 1532 1031 1605 opportuniori
1057 1532 1328 1586 occasione
1357 1533 1661 1598 afferentur,
1689 1541 1793 1584 tum
1821 1549 1945 1585 vero
1974 1532 2054 1587 hic
2083 1532 2211 1586 satis

351 1620 448 1673 crit
474 1621 693 1674 recitare
719 1631 918 1674 textum
948 1618 1281 1674 Comitiorum
1318 1621 1631 1693 generalium
1657 1618 1910 1672 Gallicani
1938 1617 2079 1673 Cleri
2105 1619 2212 1673 Pa-

352 1707 489 1761 risiis
519 1719 946 1780 congregatorum
976 1708 1053 1761 die
1081 1709 1134 1763 8.
1164 1708 1283 1761 maii
1312 1727 1394 1760 an.
1428 1709 1587 1763 1728.
1618 1707 1667 1760 in
1698 1707 1880 1760 litteris
1910 1708 1970 1760 ad
2009 1706 2209 1780 Regem

351 1795 872 1863 Christianissinmm,
901 1797 1030 1849 unde
1059 1797 1182 1850 haec
1213 1797 1274 1849 ad
1302 1798 1512 1850 verbum
1539 1794 1729 1849 Latine
1758 1795 1951 1848 reddita
1977 1798 2209 1869 profero:

354 1887 659 1948 Primatus,
699 1906 852 1957 quem
887 1905 984 1938 nos
1014 1890 1066 1938 in
1099 1887 1262 1956 Papa
1300 1889 1759 1956 recoffleoscimus,
1797 1872 1906 1938 iton
1934 1890 2208 1956 resti-infi-

350 1982 437 2027 tar
474 1979 621 2028 intra
658 1976 953 2044 simplicem
991 1975 1212 2027 lionoris
1241 1977 1740 2044 praeeminentiam.
1793 1970 1862 2025 Et
1901 1974 2076 2027 relatis
2118 1975 2208 2027 ali—

349 2072 469 2131 quot
503 2062 807 2115 testimoniis
847 2063 1170 2133 antiquorum
1206 2061 1420 2115 Patrum
1461 2061 1801 2116 concluditur:
1862 2062 2095 2115 Necesse
2133 2072 2210 2116 est

350 2154 516 2220 iyitar
561 2154 851 2203 secandam
897 2153 1222 2204 catholicam
1264 2155 1426 2222 ficlem
1472 2169 1862 2219 recoynoscere
1908 2154 1964 2202 in
2009 2170 2207 2204 summo

352 2239 618 2308 Pontifice
647 2242 944 2308 primatum
972 2239 1196 2292 lionoris
1224 2242 1385 2292 simul
1409 2240 1905 2312 etjarisclictionis,
1946 2242 2026 2291 uti
2062 2244 2208 2309 afflui-

347 2334 429 2378 tas
452 2330 564 2395 fait
582 2330 776 2396 primis
804 2347 1014 2398 qaoque
1044 2328 1324 2380 Ecclesiae
1350 2328 1697 2395 tempor-ibas.

493 2414 546 2466 4.
589 2410 721 2480 Quid
747 2416 876 2484 quod
902 2415 985 2468 vel
1020 2413 1094 2466 illi
1120 2433 1190 2468 ex
1217 2413 1651 2486 oppugnatoribus
1669 2454 1682 2479 ‚
1721 2412 1804 2483 qui
1843 2432 1997 2486 supra
2032 2433 2209 2469 omnes

350 2511 468 2554 sunt
495 2501 785 2554 acerbiores
812 2501 864 2554 in
892 2501 1115 2554 Romani
1140 2501 1408 2555 Pontificis
1447 2501 1826 2566 auctoritatem,
1868 2501 1965 2554 etsi
1994 2513 2207 2574 agentes

349 2589 409 2642 de
435 2588 569 2641 illius
596 2589 946 2656 facultatibuS,
977 2591 1066 2642 has
1093 2590 1166 2643 ita
1195 2589 1426 2662 angustis
1455 2600 1726 2644 coerceant
1753 2589 2022 2655 limitibus,
2062 2601 2118 2643 ut
2146 2593 2207 2644 ab

351 2678 652 2730 adstruendo
681 2677 805 2731 meri
835 2677 1026 2730 ordinis
1054 2678 1272 2751 primatu
1297 2678 1558 2732 minimum
1585 2679 1798 2745 distent3
1828 2678 1887 2732 (16
1907 2677 2016 2751 ipso
2038 2688 2205 2733 tamen

348 2765 566 2837 primatu
593 2766 936 2831 disserentcS,
975 2776 1030 2818 ut
1056 2767 1196 2820 illum
1231 2770 1292 2821 ab
1334 2768 1767 2821 heterodoxorum
1793 2766 2017 2820 dicteriis
2043 2767 2206 2822 vindi-

349 2864 489 2919 cent7
520 2854 923 2925 jurisdictionem
958 2855 1012 2907 in
1052 2873 1112 2908 co
1149 2852 1460 2928 peculiarem
1496 2857 1759 2910 fatentur?
1810 2854 1951 2909 Inter
1986 2857 2076 2909 hos
2103 2876 2208 2910 mc-

348 2943 619 2995 morandus
654 2942 957 3014 praesertim
983 2941 1276 2998 Ludovicus
1311 2942 1474 2997 Ellies
1499 2943 1766 3016 Dupinus‚
1807 2943 1867 2995 (16
1907 2946 2049 3014 cujus
2086 2962 2207 2996 con-

349 3049 503 3083 sensu
529 3031 622 3083 hac
650 3029 701 3082 in
736 3042 880 3103 parte
908 3031 1138 3085 dubitare
1175 3031 1421 3103 quispiam
1459 3040 1650 3102 posset.
1702 3029 1752 3083 Is
1780 3029 1913 3082 enim
1939 3030 1992 3082 in
2019 3030 2208 3085 disser-

347 3118 624 3172 tationibus
662 3121 749 3172 De
779 3124 1002 3191 cintiqua
1031 3121 1312 3172 Ecclesiae
1350 3120 1646 3188 disciplina
1684 3116 1905 3171 Parisiis
1945 3118 2090 3172 editis
2120 3139 2203 3173 an.

350 3206 510 3260 1691.
542 3208 663 3260 adeo
709 3208 977 3280 primatum
1013 3205 1338 3262 Pontificium
1383 3216 1646 3260 coarctare
1691 3206 1880 3259 studuit
1915 3225 1974 3260 6ο
2014 3208 2207 3280 pariter

350 3295 491 3359 loco,
531 3294 615 3346 ubi
652 3295 790 3349 illum
827 3295 1231 3351 constituendum
1267 3303 1324 3348 et
1352 3295 1767 3367 propugnandum
1809 3295 2015 3360 sumsit,
2061 3304 2118 3347 ut
2144 3292 2201 3348 S.

348 3379 508 3435 Petro
537 3392 734 3436 ceteros
761 3382 1040 3456 Apostolos
1058 3391 1331 3457 potestate
1359 3391 1411 3436 et
1436 3388 1758 3437 (tactor-itate
1786 3382 1989 3436 omnino
2018 3400 2204 3453 aequa-

350 3471 423 3524 les
468 3471 725 3544 pracdicet
770 3482 997 3543 excepto
1032 3477 1299 3544 primata,
1345 3470 1428 3542 qui
1466 3471 1510 3524 si
1553 3471 1799 3543 primatus
1844 3470 2203 3542 intelligendus

353 3569 491 3613 esset
529 3558 639 3614 sine
666 3560 767 3613 ulla
795 3559 999 3632 speciali
1033 3568 1303 3632 potestate
1332 3569 1384 3613 et
1409 3562 1759 3620 anctoritate,
1795 3558 1919 3612 meri
1961 3577 2085 3614 sane
2123 3578 2205 3612 or-
