2314 3984
961 168 1626 231 ---380----

363 341 442 396 dis
468 359 560 396 seu
584 339 855 396 cathedrae
880 336 1167 408 Romanae,
1194 350 1247 396 et
1270 342 1417 397 fidem
1435 342 1757 399 Pontificum.
1795 341 1962 412 Quam
1988 345 2225 400 eoncilia-

363 428 555 485 tionem
581 428 801 482 afferunt
823 426 907 482 vel
930 427 1004 482 illi
1029 429 1318 485 acerbiores
1344 429 1646 487 pontificiae
1669 432 2042 488 infallibilitatis
2067 434 2225 508 impu-

362 527 611 591 gnatores
637 513 789 588 (Vid.
809 512 1178 590 Launoj.part.
1194 517 1246 572 5.
1275 516 1423 593 epist.
1439 520 1492 573 2.
1522 520 1584 575 ad
1609 520 1807 576 Anton.
1828 519 2012 577 Varill.
2032 521 2222 597 Dupin.

361 606 426 659 de
451 603 612 675 antiq.
638 601 779 657 Eecl.
808 603 1004 678 discipl.
1032 605 1236 661 dissert..
1266 607 1318 660 5.
1359 607 1420 661 ad
1446 608 1628 680 object.
1654 605 1857 663 Nicolai
1879 608 1920 662 Ι.
1948 629 2066 683 pag.
2094 610 2222 666 374.

363 703 418 747 et
441 693 506 746 ad
530 693 712 766 object.
741 690 800 746 S.
830 691 1085 747 Bernardi
1110 713 1228 768 pag.
1255 695 1416 767 371.)
1443 693 1741 769 Launojus‚
1777 706 1930 768 atque
1954 697 2224 771 DupiniuS,

364 800 477 836 cum
514 780 820 854 explicaturi
868 783 1183 852 quorundam
1219 781 1435 838 Patrum
1473 783 1768 838 testimonia
1785 825 1798 850 ,
1846 785 2024 856 quibus
2059 787 2224 840 oratio

365 868 564 925 Christi
597 888 690 942 pro
727 869 822 923 fide
848 867 997 924 Petri
1023 890 1293 944 numquam
1328 874 1586 928 defectura
1611 872 1892 945 ingeritur,
1931 873 2057 926 haec
2093 873 2225 927 acei-

362 958 546 1032 pienda
573 958 828 1011 affirmant
855 958 915 1013 de
943 960 1061 1015 sede
1086 958 1266 1028 Petri,
1305 981 1409 1016 non
1436 964 1496 1017 de
1526 961 1908 1016 successoribus
1935 962 2070 1033 ejus,
2098 981 2224 1033 quos

362 1048 416 1101 in
441 1048 537 1102 fide
562 1065 714 1120 posse
741 1047 981 1115 deficere,
1022 1058 1076 1103 et
1111 1050 1379 1122 aliquando
1419 1051 1664 1105 defecisse
1700 1068 1802 1103 non
1839 1049 2083 1103 dubitant.
2148 1049 2226 1103 Ita

362 1155 539 1191 omnes
576 1154 649 1191 ex
672 1135 950 1191 traditione
975 1135 1191 1191 Patrum
1217 1149 1368 1209 atque
1394 1139 1627 1194 oratione
1655 1136 1852 1194 Christi
1890 1138 2146 1191 immotam
2174 1149 2225 1192 et

359 1225 675 1279 infallibilem
711 1235 1043 1296 praesumunt
1069 1225 1337 1280 Romanae
1376 1227 1537 1294 sedis,
1576 1247 1681 1282 non
1719 1237 1888 1281 autem
1921 1225 2224 1281 Pontificum

358 1313 524 1366 fidem.
575 1310 821 1366 Eamdem
847 1313 1252 1367 conciliationem
1277 1313 1470 1386 ingerit
1493 1315 1647 1368 etiam
1669 1313 1954 1368 Bossuetus
1969 1355 1985 1375 ‚
2012 1314 2125 1366 dum
2150 1315 2225 1367 lo-

360 1401 531 1472 quitur
568 1401 628 1454 de
662 1409 814 1454 textu
851 1398 1000 1455 Petri
1034 1398 1324 1456 Cardinalis
1362 1402 1422 1455 de
1447 1400 1679 1468 Alliaco,
1715 1401 1801 1472 qui
1836 1412 2119 1455 memorata
2152 1402 2225 1455 di-

361 1489 634 1544 stinctione
672 1489 811 1543 inter
838 1491 1009 1544 sedem
1036 1500 1087 1544 et
1114 1491 1375 1545 sedentem
1401 1501 1550 1545 utens
1567 1531 1581 1556 ,
1616 1489 1729 1544 huic
1755 1489 2096 1544 conciliationi
2121 1491 2226 1563 pri-

358 1597 471 1632 mus
497 1577 682 1632 aditum
709 1578 941 1651 aperuit:
977 1579 1108 1633 unde
1142 1579 1197 1632 in
1237 1581 1345 1651 ejus
1370 1581 1529 1634 verba
1554 1579 1838 1634 Bossuetus
1874 1579 2072 1633 notavit
2107 1579 2221 1652 (lib.

362 1667 450 1721 10.
487 1665 701 1721 Defens.
743 1686 784 1720 c,
817 1669 904 1721 12.
945 1687 992 1741 p.
1023 1667 1221 1741 203.)2
1269 1669 1401 1722 Cum
1441 1688 1571 1739 erqo
1613 1688 1684 1721 ex
1727 1669 1896 1720 Petro
1924 1667 2227 1722 Alliacensi

359 1755 494 1809 aliud
519 1754 586 1807 sit
611 1755 784 1822 sedeS,
824 1756 959 1809 aliud
996 1757 1212 1823 sedens3
1251 1777 1360 1809 non
1399 1760 1590 1810 mirum
1627 1764 1708 1809 est
1746 1758 1903 1809 aliud
1937 1761 2223 1810 convenire

359 1843 493 1910 sedi,
521 1846 671 1915 quod
693 1844 891 1898 sedenti
915 1865 1024 1914 non
1053 1849 1353 1907 conveniat,
1379 1865 1571 1917 nempe
1597 1853 1659 1898 ut
1682 1844 1828 1898 sedes
1855 1847 2086 1915 deficere
2112 1865 2222 1897 non

352 1936 559 2003 possit,
592 1952 712 1986 cum
737 1933 921 1987 sedens
947 1938 1019 1988 sit
1043 1934 1306 1989 deviabilis
1336 1938 1494 1987 etiam
1531 1936 1816 2007 injudicio
1844 1935 1911 1985 de
1933 1917 2065 2003 fide.
2117 1931 2222 1985 Mi-

357 2041 471 2074 rum
505 2030 674 2075 autem
707 2021 790 2076 vel
825 2022 1051 2076 maxime
1090 2041 1207 2077 esse
1245 2022 1419 2088 debet,
1471 2021 1697 2076 eumdem
1731 2019 2042 2074 Bossuetum
2093 2020 2222 2075 hane

358 2108 763 2164 conciliationem
799 2109 982 2165 ducere
1017 2129 1089 2164 ex
1125 2130 1188 2165 ea
1214 2110 1538 2165 distinctione
1574 2110 1710 2163 inter
1736 2109 1881 2162 fidem
1908 2112 2051 2163 sedis
2077 2108 2222 2182 Apo-

356 2198 570 2252 stolieae
606 2215 697 2252 seu
733 2196 1032 2266 Romanae,
1078 2199 1322 2271 fidemque
1359 2199 1414 2253 in
1452 2218 1513 2254 ea
1548 2197 1830 2253 sedentium
1869 2195 2221 2250 Romanorum

355 2285 681 2353 Pontificum,
708 2306 858 2358 quam
883 2287 1015 2342 idem
1036 2299 1212 2363 aperte
1232 2287 1448 2343 destruit
1473 2289 1558 2342 lib.
1578 2287 1664 2340 10.
1693 2284 2022 2339 Defensionis
2044 2304 2152 2358 cap.
2167 2286 2219 2337 5.

354 2375 456 2429 illis
489 2375 687 2431 verbis:
727 2377 919 2447 Neque
952 2397 1079 2431 vero
1118 2381 1494 2448 distinguimus
1532 2398 1567 2430 a
1595 2376 1968 2428 Romanorum
1997 2375 2219 2445 Pontifi-

356 2485 476 2518 cum
495 2468 608 2535 fide
638 2466 923 2519 Romanae
949 2468 1232 2520 Ecclesiae
1253 2468 1445 2536 fidem,
1485 2484 1646 2534 quam
1671 2465 1880 2515 scilicet
1904 2483 2013 2514 non
2040 2465 2220 2523 aliter,

356 2572 519 2623 quam
547 2572 582 2605 a
610 2552 781 2604 Petro
801 2557 986 2622 primo
1014 2561 1174 2625 atque
1203 2575 1238 2607 a
1266 2555 1425 2606 Petri
1455 2551 1854 2605 successoribus
1884 2550 2119 2602 Romani
2145 2553 2220 2602 di-

356 2644 616 2702 dicerint,
653 2639 891 2692 traditam
918 2640 1112 2694 scilicet
1147 2659 1217 2695 ex
1244 2641 1363 2694 sede
1388 2639 1564 2705 Petri,
1599 2659 1749 2710 quam
1776 2658 1806 2691 a
1833 2655 2055 2710 persona
2080 2635 2221 2690 Pon-

355 2729 545 2783 tificum
570 2728 700 2782 haud
727 2727 1134 2799 distinguendam
1159 2729 1343 2783 ibidem
1368 2729 1708 2802 praemiserat
1733 2726 1991 2781 scribens:
2030 2726 2220 2796 Neque

348 2825 654 2888 propterea
681 2819 908 2871 dicimus
947 2822 1123 2887 ipsam
1148 2822 1328 2873 sedem
1364 2821 1579 2889 aliquid
1605 2835 1864 2871 exercere
1884 2833 2048 2884 posse
2067 2821 2219 2883 pote-

354 2911 510 2961 statis
538 2914 635 2960 aut
643 2909 1052 2980 jurisdictionis
1079 2909 1243 2961 aliter
1270 2927 1431 2978 quam
1449 2926 1556 2976 per
1584 2909 1759 2975 ipsum
1786 2905 2215 2956 Praesidentem.

355 2995 468 3050 Hae
493 2995 666 3067 itaque
693 2994 1049 3050 conciliatione
1075 2995 1368 3069 repudiata,
1408 2994 1538 3048 sicut
1574 3004 1627 3048 et
1659 2993 1746 3046 illa
1780 3000 1860 3048 est
1894 2988 2219 3062 repudianda,

354 3178 398 3217 in
431 3177 698 3229 Apostolicae
729 3175 1005 3216 auctoritatis
1036 3187 1112 3216 usu
1145 3177 1361 3223 errarent,
1403 3173 1465 3213 uti
1497 3172 1638 3214 multis
1669 3172 1710 3211 in
1743 3169 1952 3223 capitibus
1984 3181 2059 3209 eos
2090 3182 2217 3221 posse

356 3250 501 3278 errare
542 3238 688 3289 negari
730 3250 814 3277 non
856 3239 1010 3290 potest.
1075 3238 1179 3276 Cum
1218 3247 1319 3276 vero
1362 3246 1507 3275 errare
1536 3235 1747 3285 nequeant
1785 3232 1828 3271 in
1872 3230 2044 3283 proprie
2075 3230 2216 3275 dictis,

356 3310 459 3350 quas
500 3298 823 3355 explicavimus,
867 3297 1185 3337 definitionibus
1230 3295 1351 3341 fidei,
1401 3295 1454 3334 de
1486 3294 1636 3345 quibus
1676 3293 1741 3333 vis
1781 3295 1825 3331 et
1856 3293 1965 3331 ratio
1998 3290 2216 3343 primatus,

356 3371 436 3399 nee
468 3371 548 3398 non
583 3360 883 3411 promissiones
914 3358 1096 3405 Christi,
1129 3361 1272 3410 atque·
1299 3356 1473 3400 traditio
1507 3358 1683 3403 cavent3
1728 3354 1770 3394 in
1801 3352 1866 3393 bis
1898 3364 1950 3392 ea
1981 3351 2216 3397 distinctio,

357 3432 439 3472 qua
471 3418 757 3460 definitionum
789 3431 956 3461 errores
987 3421 1335 3472 praesumuntur,
1379 3417 1549 3457 tametsi
1582 3428 1634 3455 ne
1666 3427 1789 3455 unum
1821 3412 2004 3466 probare
2034 3411 2216 3459 licuerit,

356 3481 492 3520 locum
524 3492 607 3520 non
639 3480 789 3527 habet,
833 3493 911 3520 nec
942 3480 1099 3520 habere
1129 3482 1296 3533 potest3
1337 3490 1390 3518 ac
1421 3481 1650 3531 propterea
1679 3476 1724 3516 in
1755 3487 1867 3520 rem,
1911 3473 1964 3513 de
1998 3484 2076 3524 qua
2107 3483 2217 3512 nune

357 3543 542 3595 agimus,
575 3544 639 3582 est
669 3553 839 3594 prorsus
871 3541 1033 3595 inepta,
