2314 3984
695 257 1076 314 ——241
1171 288 1343 298 ---

117 408 546 499 ten-potissimum
570 426 699 479 fidei.
751 424 990 479 Potestas
1015 425 1320 498 amplissima
1343 422 1396 476 in
1420 422 1548 476 hunc
1572 423 1719 484 finem
1743 421 1927 476 tradita

114 512 221 565 sine
245 511 296 566 vi
316 510 548 566 'coactiva
572 528 686 564 csse
713 529 812 564 non
838 520 1022 584 potest.
1073 507 1219 578 Quod
1250 528 1402 582 porro
1442 507 1607 574 subdit
1630 509 1931 562 Ecclesiam

115 617 176 650 ea
198 600 306 667 fide
330 602 546 658 nixam,
580 597 822 650 unitatem
858 596 1029 667 utique
1051 595 1165 650 fidei
1188 596 1342 649 totius
1367 593 1628 649 Ecclesiae
1652 611 1763 647 cum
1786 590 1932 646 Petri

114 682 203 735 lide
229 700 298 735 cx
322 681 638 736 institutione
664 680 858 736 Christi
883 683 945 736 ad
968 683 1217 735 laudatum
1242 682 1388 735 finem
1415 679 1732 734 obtinendum
1757 696 1933 733 neces-

112 767 295 820 sariam
317 767 582 839 significat.
633 768 813 839 Neque
835 787 958 823 vcro
983 767 1076 821 hoc
1094 769 1179 839 jus
1205 767 1359 820 solius
1384 766 1496 820 fidei
1535 785 1566 819 a
1593 764 1751 818 Petro
1786 783 1932 837 prae-

113 853 306 907 dicatae
330 854 612 925 proprium,
650 855 738 908 sed
773 853 1145 908 successorihus
1181 871 1374 923 quoque
1400 854 1537 924 ejus,
1574 851 1626 903 in
1651 869 1776 922 quos
1801 851 1930 904 idem

113 938 353 1009 primatus
380 940 550 993 eadem
576 958 683 993 cum
708 948 956 1012 potestate
974 978 989 1004 ‚
1017 949 1069 992 et
1092 939 1144 991 in
1170 938 1297 992 idem
1322 938 1531 991 unitatis
1556 938 1735 990 bonum
1761 938 1932 991 tradu-

113 1034 242 1077 ctum
267 1026 375 1091 fuit,
403 1025 631 1096 agnoscit
655 1042 927 1089 commune,
953 1023 1067 1075 dum
1093 1024 1195 1076 ait:
1231 1026 1450 1086 Quoties
1475 1042 1807 1077 successores
1832 1025 1930 1076 Pe-

112 1114 185 1162 tri
207 1130 526 1163 communem
551 1112 915 1164 Ecclesiarum
940 1113 1100 1180 fidem
1126 1130 1197 1163 ex
1223 1113 1486 1164 communi
1508 1112 1800 1162 traditione
1819 1129 1929 1178 pro

110 1199 292 1264 officio
322 1204 661 1267 promerent,
698 1215 879 1249 eorum
913 1199 1208 1258 decretum,
1249 1198 1736 1266 praedicationem,
1766 1199 1930 1266 fidem

104 1283 230 1347 fore
269 1281 544 1334 Ecclesiae
575 1285 980 1351 fundamentum
991 1303 1008 1344 ,·
1048 1283 1125 1336 cui
1159 1283 1352 1336 scilicet
1386 1281 1615 1335 Ecclesia
1650 1300 1719 1334 ex
1757 1283 1929 1335 eadem

108 1364 418 1419 institutione
431 1364 622 1420 Christi
646 1368 789 1421 debet
813 1368 959 1420 inniti
981 1379 1231 1438 tamquam
1258 1369 1410 1439 ipsius
1430 1366 1576 1420 Petri
1590 1367 1716 1419 fidei.
1744 1366 1931 1420 Nonne

110 1450 230 1504 haec
253 1451 462 1504 unitatis
488 1453 701 1505 debitum
726 1453 963 1524 ingerunt
988 1454 1200 1507 decretis
1227 1455 1364 1520 fidei,
1392 1473 1518 1525 quae
1546 1452 1766 1506 Romani
1792 1450 1930 1505 Pon-

109 1536 265 1589 tifices
292 1538 441 1589 edunt
457 1558 566 1606 pro
593 1543 800 1610 officio,
837 1557 926 1592 seu
959 1539 1010 1592 in
1036 1541 1180 1593 finem
1206 1541 1448 1613 primatus
1474 1541 1535 1593 oh
1561 1539 1793 1592 tuendam
1819 1539 1930 1591 fidei

108 1622 385 1674 unitatem?
436 1620 565 1689 Quid
598 1634 763 1678 autem
800 1627 1096 1679 censendum
1122 1628 1182 1680 de
1206 1627 1406 1692 verbiS,
1444 1645 1570 1697 quae
1597 1625 1926 1680 conditionem

110 1708 368 1776 quamdam
394 1707 676 1774 insinuant,
703 1716 907 1779 quoties
933 1732 1254 1766 communem
1282 1715 1648 1766 Ecclesiarum
1668 1715 1830 1781 fidem
1858 1731 1928 1763 ex

108 1797 367 1846 communi
389 1797 681 1847 traditione
697 1806 1039 1865 promerent,
1065 1798 1271 1850 inferius
1297 1798 1389 1850 hoc
1413 1798 1521 1870 ipso
1549 1797 1710 1868 capite
1737 1815 1929 1868 expen-

107 1879 244 1931 detur
272 1879 318 1946 §-
346 1881 397 1932 5.
426 1899 555 1933 num.
583 1880 670 1934 26.
720 1880 901 1954 Neque
927 1883 1005 1937 hic
1031 1884 1291 1937 omittendi
1329 1878 1421 1936 duo
1450 1883 1534 1936 alii
1562 1883 1779 1955 ejusdem
1816 1883 1929 1935 libri

107 1974 280 2017 textus
307 1966 365 2018 de
392 1965 653 2020 Romanae
678 1966 938 2022 Ecclesiae
963 1970 1232 2023 traditione
1260 1989 1315 2022 ac
1342 1971 1434 2022 fide
1456 1992 1468 2021 ε
1495 1987 1623 2022 unus
1651 1988 1720 2022 ex
1749 1989 1857 2041 cap.
1875 1971 1926 2021 5.

107 2069 220 2120 pag.
250 2051 371 2104 191.
400 2052 522 2109 tomi
546 2053 748 2106 secundi
774 2055 1076 2108 novissimae
1103 2056 1334 2108 editionis
1352 2097 1365 2121 ‚
1401 2056 1483 2108 ubi
1507 2057 1694 2108 fatetur
1734 2057 1926 2108 Roma-

106 2155 208 2188 nae
235 2138 509 2190 Ecclesiae
529 2141 691 2207 fidem
715 2159 821 2190 non
860 2142 1116 2209 distinqui
1149 2162 1182 2193 a
1212 2143 1579 2193 Romanorum
1609 2143 1929 2211 Pontificum

102 2225 239 2289 fide,
277 2242 433 2292 qaam
471 2226 674 2276 scilicet
701 2244 807 2277 non
847 2227 1005 2278 aliter
1044 2246 1199 2295 quam
1238 2247 1271 2278 a
1300 2228 1469 2278 Petro
1503 2230 1681 2295 primo
1710 2234 1867 2296 atque
1894 2248 1927 2278 a

111 2309 266 2359 Petri
289 2311 678 2363 successoribus
708 2311 941 2363 Romani
965 2314 1276 2374 didicerint3
1305 2313 1434 2365 alter
1459 2331 1528 2365 ex
1554 2331 1655 2384 cap.
1686 2312 1772 2364 14.
1810 2331 1923 2383 pag.

107 2393 229 2445 206.
257 2394 339 2445 ubi
367 2396 587 2448 eamdem
614 2394 877 2449 Romanae
902 2393 1162 2450 Ecclesiae
1187 2398 1359 2459 fidem,
1399 2417 1485 2451 seu
1511 2398 1831 2451 traditionem
1858 2417 1926 2451 ex

104 2477 159 2530 S.
188 2478 533 2538 Irenaeoeam
559 2499 671 2534 esse
699 2482 942 2546 affirmat,
983 2486 1035 2533 in
1083 2503 1187 2552 qna
1223 2503 1401 2537 omnes
1428 2489 1682 2537 unitatem
1708 2504 1925 2537 servare

106 2566 342 2617 debeant.
397 2563 526 2632 Quid
552 2567 767 2620 clarius?

245 2649 333 2701 20.
385 2649 515 2702 Idem
542 2650 770 2722 Scriptor
793 2653 845 2704 in
871 2653 1029 2723 prima
1055 2655 1294 2725 pastorali
1333 2656 1543 2726 epistola
1578 2657 1666 2708 De
1698 2661 1926 2725 promis-

104 2738 174 2785 sis
202 2735 330 2786 Jesa
352 2735 554 2787 Christi
571 2741 739 2802 factis
761 2739 1040 2790 Ecclesiae
1067 2756 1222 2808 agens
1250 2741 1488 2793 adversus
1514 2741 1813 2806 haereticos,
1843 2742 1924 2809 qui

103 2816 378 2871 Ecclesiam
420 2819 663 2872 visibilem
701 2821 753 2871 in
782 2822 874 2874 fide
900 2841 1048 2893 posse
1074 2824 1282 2876 deficere
1308 2835 1596 2889 autumant,
1638 2844 1694 2878 ac
1719 2826 1924 2896 proinde

103 2903 571 2957 indefectibilitatem
600 2907 816 2976 ejusdem
852 2905 1110 2961 Ecclesiae
1142 2908 1194 2960 in
1231 2909 1342 2962 fidei
1368 2910 1594 2965 doctrina
1635 2928 1701 2962 ex
1733 2908 1925 2964 Christi

101 2988 535 3059 pollicitationibus
562 2992 1022 3058 demonstraturus,
1051 3013 1158 3046 cum
1185 3013 1318 3046 num.
1347 2994 1434 3046 3³2.
1463 2999 1681 3049 unitatis
1720 3001 1923 3066 signum

104 3077 587 3141 exploratissimum
614 3076 790 3128 statuit
816 3082 870 3131 in
897 3084 1258 3133 communione
1284 3099 1400 3133 cum
1437 3083 1697 3135 cathedra
1739 3084 1792 3134 S.
1824 3083 1923 3134 Pe-

101 3162 201 3219 tri,
236 3159 288 3210 in
314 3178 409 3228 qua
434 3162 568 3226 sola,
607 3171 662 3213 ut
686 3171 991 3217 sanctorum
1020 3167 1248 3218 Patrum
1283 3169 1536 3234 formalis
1573 3175 1726 3228 utar,
1768 3172 1924 3222 unius

103 3246 167 3295 ab
195 3247 430 3298 omnibus
456 3255 665 3301 servata
691 3257 794 3312 est3
818 3250 1060 3303 unitatem
1084 3252 1252 3321 utiquc
1278 3252 1406 3316 fidei,
1434 3253 1492 3305 de
1508 3270 1603 3322 qua
1618 3252 1923 3324 potissimum

103 3339 213 3381 erat
239 3348 348 3382 cum
375 3330 642 3384 haereticis
668 3337 1039 3402 controversia,
1067 3337 1119 3388 in
1146 3339 1248 3407 ejus
1277 3337 1539 3391 cathedrae
1576 3339 1921 3392 communione

103 3432 160 3466 ac
184 3415 375 3468 unitate
402 3426 652 3470 servatam
678 3417 927 3487 insinuat3
955 3431 1006 3475 et
1032 3423 1093 3474 ob
1119 3421 1244 3475 hanc
1264 3422 1653 3478 communionem
1681 3435 1732 3478 et
1757 3425 1921 3477 imita-

104 3508 203 3551 tem
242 3519 411 3554 veram
451 3503 590 3555 fidem
632 3521 701 3555 ex
739 3506 997 3576 promissis
1025 3505 1215 3559 Christi
1256 3516 1408 3559 tutam
1436 3520 1727 3578 praestans,
1754 3510 1916 3562 addit:

161 3605 207 3641 Ρ.
227 3605 375 3642 Baller.
395 3607 443 3643 de
460 3608 635 3645 Primatu
654 3612 729 3645 etc.
1507 3610 1575 3663 16
