2314 3984
754 252 1402 314 —215—

173 433 660 485 uocitatum-sanetae
679 427 812 494 fidei
835 427 1131 478 catholicae
1159 424 1441 484 exhibere,
1466 430 1521 475 et
1536 426 1596 475 'in
1616 425 1824 486 unitate
1851 427 1980 493 effus-

170 518 287 567 dem
305 515 436 582 fidei
458 513 578 563 Deo
605 519 860 579 operante
877 498 1192 580 persis-terea
1224 509 1303 570 ubi
1317 507 1483 563 verbis
1506 510 1755 560 unitatem
1767 514 1983 560 sanetae

166 591 294 670 fidei
317 595 587 650 catholicae
603 635 616 660 ,
646 595 916 649 cohaerens
940 594 1215 667 praemisso
1241 594 1505 658 mandato,
1550 610 1639 646 seu
1662 590 1979 651 instructioni

169 682 430 754 Gregorii,
454 681 686 751 intelligit
713 681 952 733 unitatem
979 678 1088 731 fidei
1104 717 1120 743 ,
1146 696 1291 748 quam
1317 699 1389 732 ea·
1413 686 1598 731 sancta
1636 679 1905 731 catholica
1930 686 1982 730 et

170 769 478 838 Apostoliea
508 769 782 820 Romanae
808 768 1063 820 ecclesiae
1089 767 1381 817 traditione
1421 763 1677 816 didicerat.
1741 761 1979 816 Eamdem

170 855 475 926 potissimum
501 853 611 905 fidei
636 852 874 906 unitatem
900 849 1168 923 respiciunt
1206 858 1257 902 et
1296 849 1376 901 illa
1403 849 1623 921 ejusdem
1649 845 1705 901 S.
1735 846 1979 901 Bonifacii

170 942 221 992 in
247 941 391 1012 epist.
409 940 528 992 105.
558 940 617 992 ad
643 934 1395 1006 CudbertumArchiepiscopnm
1422 935 1670 1004 loquentis
1695 935 1754 987 de
1780 933 1980 986 statutis

171 1025 347 1096 synodi
384 1022 472 1077 abs
497 1042 554 1077 se
576 1022 772 1076 habitae
797 1021 886 1074 sub
922 1018 1102 1091 Pipino
1141 1030 1191 1072 et
1217 1018 1584 1073 Carlomanno:
1635 1022 1980 1072 Decrevimns

169 1119 340 1164 autem
377 1114 430 1161 in
462 1112 644 1162 nostro
678 1109 928 1178 synodali
963 1114 1248 1167 conventu,
1289 1114 1340 1159 et
1363 1110 1598 1175 confessi
1622 1125 1798 1158 santus
1818 1108 1981 1174 fidem

166 1197 510 1254 catholicam,
549 1202 602 1246 et
637 1198 887 1247 unitatem
923 1200 973 1245 et
1008 1194 1384 1264 subjectionem
1420 1193 1696 1244 Romanae
1725 1192 1980 1243 eeclesiae

162 1286 266 1350 fine
291 1288 438 1332 tenus
466 1283 599 1332 vitae
626 1288 853 1332 nostrae·
872 1282 1003 1332 velle
1029 1299 1244 1332 servare
1276 1281 1328 1331 S.
1349 1280 1533 1339 Petra,
1562 1285 1613 1330 et
1638 1281 1839 1330 vicario
1869 1282 1979 1348 ejus

167 1369 298 1419 velle
324 1367 522 1437 suinci.
574 1364 703 1419 Vide
728 1375 847 1417 tom.
875 1365 927 1418 8.
957 1362 1148 1418 Concil.
1180 1364 1309 1418 Ven.
1339 1365 1452 1416 edit.
1483 1364 1575 1415 col.
1604 1363 1726 1416 281.

309 1451 396 1504 92.
448 1450 503 1501 In
530 1460 680 1503 sexta
705 1451 1017 1503 oecumenica
1044 1450 1235 1521 synodo
1263 1460 1358 1502 act.
1387 1449 1438 1500 4.
1468 1447 1631 1501 debito
1661 1466 1765 1500 cnm
1794 1446 1980 1498 honore

170 1539 325 1590 lectae
352 1547 402 1588 et
426 1546 683 1607 susceptae
708 1537 935 1600 suerunt,
972 1546 1117 1605 atque
1144 1535 1267 1588 actis
1306 1535 1528 1586 insertae
1566 1533 1852 1604 Agathonis
1879 1531 1981 1584 Pa-

168 1641 259 1693 pae
286 1622 483 1674 litterae
511 1622 570 1673 ad
595 1620 924 1692 Imperatores
951 1619 1356 1685 Constantinum,
1384 1619 1667 1672 Heraclium
1685 1660 1698 1683 ‚
1742 1638 1798 1671 ac
1826 1617 1979 1670 Tibe-

167 1707 320 1770 rimn,
349 1707 396 1757 in
424 1706 594 1775 quibus
639 1705 902 1759 Romanae
938 1707 1260 1778 Apostolieae
1300 1705 1539 1757 eeclesiae
1579 1704 1925 1756 auctoritatem
1953 1723 1980 1754 a

167 1790 222 1844 S.
251 1790 407 1844 Petro
434 1800 740 1855 manantem,
779 1811 1011 1861 semper,
1044 1790 1226 1859 inquit,
1267 1793 1431 1840 omnis
1469 1790 1736 1841 catholica
1781 1790 1982 1840 Christi

168 1879 434 1938 Ecclesia,
471 1885 522 1929 et
546 1880 870 1930 universales
897 1878 1090 1948 synodi
1109 1878 1342 1945 fideliter
1370 1876 1758 1943 amplectentcS,
1786 1878 1836 1926 in
1860 1895 1979 1926 cun-

166 1967 261 2015 ctis
288 1971 536 2031 sequutae
562 1971 709 2024 sunt,
736 1982 1014 2031 omnesque
1044 1963 1364 2014 venerabiles
1395 1962 1587 2012 Patres
1616 1959 1979 2029 Apostolicam

168 2052 276 2118 ejus
302 2049 598 2099 doctrinam
624 2051 887 2116 ampleoei,
918 2067 1021 2114 per
1050 2067 1203 2115 quam
1230 2056 1280 2099 et
1295 2048 1674 2115 probatissima
1705 2048 1978 2099 Ecclesiae

177 2133 374 2183 Christi
399 2135 593 2184 lumina
621 2136 958 2192 claruerunt,
993 2141 1044 2183 et
1067 2137 1238 2184 sancti
1276 2135 1483 2199 quidem
1511 2133 1775 2184 Doctores
1803 2134 1978 2183 ortho-

169 2220 303 2268 (10.ῖὶ
341 2221 575 2268 cenerati
611 2224 768 2284 (utque
804 2221 1011 2286 sequuti
1049 2225 1181 2269 sunt.
1233 2216 1416 2267 Andin'
1453 2235 1646 2268 omnem
1687 2217 1978 2269 catholicam

167 2299 441 2353 Ecclesiam
470 2306 521 2351 in
548 2305 746 2352 cunctis
773 2321 976 2369 semper
1003 2311 1298 2372 sequutam,
1326 2320 1592 2371 omnesque
1619 2300 1804 2354 Patres
1831 2312 1977 2371 atque

166 2386 413 2439 Doctores
439 2395 703 2439 veneratos
731 2396 780 2438 et
807 2387 1064 2457 amplexos
1093 2387 1412 2459 Apostolieae
1451 2387 1712 2440 Romanae
1739 2388 1977 2440 ecelesiae

167 2471 510 2524 anctoritatem
538 2481 684 2540 atque
710 2472 1023 2524 doctrinam?

306 2557 394 2610 93.
445 2556 763 2610 Venerabilis
789 2557 927 2611 Beda
952 2558 1082 2612 inter
1120 2559 1344 2611 homilias
1380 2560 1438 2611 de
1476 2569 1694 2629 tempore
1721 2560 1978 2630 explicans

170 2643 251 2692 illa
278 2660 383 2711 cap.
414 2642 497 2694 16.
527 2641 770 2695 Matthaei
792 2643 889 2713 (T.
919 2645 967 2697 7.
997 2645 1112 2697 edit.
1142 2642 1383 2715 Colon.),
1425 2647 1498 2696 Et
1520 2646 1614 2696 tibi
1639 2647 1777 2698 (labo
1805 2648 1976 2698 claves

170 2731 319 2794 reyni
343 2730 610 2779 caelorum
636 2728 729 2779 ait:
760 2731 884 2780 Ideo
914 2731 983 2780 B.
1014 2731 1235 2790 Petrus,
1275 2735 1366 2799 qui
1409 2732 1675 2783 Christum
1715 2751 1837 2782 vera
1869 2735 1978 2799 fide

169 2815 467 2878 coufessus,
503 2831 625 2863 cero
664 2821 740 2864 est
776 2833 953 2865 amore
979 2822 1255 2882 sequutus,
1299 2818 1602 2882 specialiter
1625 2818 1800 2867 claves
1828 2821 1981 2885 reyni

168 2899 465 2956 caelorum,
492 2905 544 2948 et
559 2901 927 2967 principatum
935 2902 1270 2971 judiciariae
1292 2904 1570 2967 potestatis
1597 2905 1804 2970 accepit
1830 2901 1978 2971 (nota

159 2986 530 3049 principatus,
557 3001 644 3036 seu
670 2983 908 3055 primatus
936 2982 1090 3037 Petro
1117 2984 1285 3036 traditi
1311 2985 1567 3057 scopum),
1594 2995 1652 3038 ut
1677 3007 1853 3040 omnes
1874 3008 1977 3056 per

170 3069 343 3119 orbem
368 3071 638 3121 credentes
667 3072 981 3139 intelliyant,
1009 3075 1132 3139 qaia
1161 3075 1469 3140 quicumque
1496 3071 1604 3123 ΑΒ
1641 3074 1776 3125 UNI
1784 3073 1873 3124 TA
1887 3075 1982 3125 ΤΕ

174 3154 222 3201 F
223 3153 396 3212 IDEI,
423 3155 563 3205 VEL
594 3155 921 3208 SOCIETA
935 3156 1052 3208 TIS
1080 3157 1338 3208 lLLlUS
1362 3159 1595 3226 quolibet
1620 3162 1773 3211 modo
1802 3169 1977 3212 semet-

173 3241 315 3304 ipsos
352 3249 650 3306 seyreyant‚
687 3243 819 3294 tales
856 3261 953 3293 nec
991 3245 1212 3294 vinculis
1238 3250 1585 3310 peccatorum
1620 3246 1846 3306 absolvi,
1883 3266 1979 3298 nec

155 3328 385 3392 ιῘαίιιιαηι
405 3327 615 3390 possint
639 3330 790 3394 reyni
814 3331 1055 3380 caelestis
1084 3330 1306 3397 inqredi.
1360 3326 1432 3379 Ita
1460 3346 1564 3381 cum
1594 3329 1702 3382 fidei
1719 3371 1734 3395 ‚
1772 3341 1871 3382 tum
1900 3350 1981 3383 so-

172 3406 396 3469 cietatiS‚
425 3425 510 3460 sen
537 3411 888 3466 communionis
924 3414 1195 3467 catholicae
1236 3424 1485 3477 centrum,
1525 3434 1728 3483 quocum
1756 3418 1980 3470 omnibus
