2320 3990
729 241 1292 298 .-.7.--.

103 427 209 480 tur,
236 430 458 483 quaeque
484 411 579 483 ipsi
604 411 675 463 uti
700 410 899 482 primati
925 419 1229 483 congruunt,
1257 405 1500 460 Romanis
1527 423 1719 476 quoque
1745 403 1924 458 Ponti-

102 501 269 554 ficibus
296 499 466 552 eodem
502 514 707 569 prorsus
747 514 898 549 sensu
923 494 1210 550 convenire.
1262 492 1393 547 Hinc
1420 502 1585 546 autem
1610 509 1702 546 nec
1727 491 1922 558 mirum,

102 605 192 640 nec
230 585 525 640 exorbitans
551 583 867 654 judicandum
903 581 1024 645 erit,
1060 580 1105 633 si
1140 598 1261 650 eg0‚
1299 589 1383 632 aut
1421 579 1547 631 alius
1584 577 1826 650 quispiam
1864 578 1923 631 de

103 672 427 727 Pontificibus
455 670 700 723 Romanis
726 668 1004 740 promiscue
1030 665 1241 737 accipiat
1275 683 1333 718 ea
1358 665 1672 729 testimonia,
1711 683 1836 734 quae
1864 664 1924 718 de

102 759 158 812 S.
187 758 344 812 Petro
384 755 853 828 rationerprimatus
891 753 1021 805 dicta
1055 754 1278 817 filerunt,
1312 751 1518 823 perinde
1545 768 1603 803 ac
1629 750 1700 815 si,
1738 752 1798 803 ad
1823 751 1926 822 pri-

101 855 285 898 matum
327 844 455 914 quod
497 843 736 915 pertinet,
780 840 852 892 illi
895 857 1067 892 omnes
1107 857 1215 892 cum
1252 837 1308 891 S.
1350 835 1508 891 Petro
1553 837 1655 889 sint
1692 855 1840 890 unum
1876 847 1926 890 et

102 933 258 985 idem:
298 950 394 1002 quo
437 947 587 983 sensu
616 926 935 982 'verissimum
975 936 1076 991 est,
1114 926 1243 996 quod
1267 924 1546 978 Bossuetus
1582 924 1690 976 loco
1727 924 1923 976 laudato

103 1018 330 1088 scripsit:
377 1015 692 1084 Accipienda·
737 1033 864 1083 erqo
909 1014 1143 1066 Romani
1179 1014 1469 1082 Pontifices
1514 1019 1780 1082 tamquam
1817 1032 1925 1064 una

94 1123 332 1172 persona
361 1104 531 1155 Petri.
583 1101 814 1153 Maxime
850 1118 971 1153 vero
1009 1099 1186 1152 mirum
1222 1109 1271 1152 et
1307 1098 1633 1169 incongruum
1660 1097 1817 1150 videri
1843 1099 1926 1151 de-

100 1190 199 1253 bet,
227 1188 355 1258 quod
379 1187 690 1259 inoperibus
717 1187 1039 1256 quorumdam
1066 1185 1466 1239 adversariorum
1493 1183 1692 1254 legitur,
1721 1184 1803 1254 qui
1830 1186 1926 1237 etsi

102 1276 320 1328 eumdem
348 1275 548 1328 omnino
586 1274 848 1345 primatum
876 1271 931 1326 S.
961 1272 1105 1326 Petri
1141 1273 1202 1325 ad
1228 1270 1490 1324 Romanos
1516 1268 1790 1324 Pontifices
1819 1273 1923 1342 ejus

102 1379 418 1414 successores
462 1363 682 1413 fatentur
716 1358 986 1422 transisse,
1036 1358 1323 1412 testimonia
1370 1368 1535 1410 tamen
1573 1359 1811 1426 quaedam
1847 1359 1925 1410 in-

103 1446 291 1515 signia,
328 1465 453 1516 quae
490 1446 549 1498 ad
576 1445 630 1498 S.
660 1444 867 1498 Petrum
904 1444 1101 1497 ratione
1137 1444 1376 1516 primatus
1402 1443 1677 1514 pertinent,
1718 1444 1812 1515 ipsi
1838 1445 1924 1497 uni

103 1532 370 1585 convenire
397 1532 723 1596 contendunt,
752 1550 843 1585 nec
870 1531 1034 1584 animo
1063 1531 1187 1583 satis
1214 1549 1372 1599 aequo
1398 1530 1680 1600 patiuntur,
1709 1529 1752 1583 si
1780 1549 1923 1600 quem

102 1618 269 1669 eadem
305 1618 366 1669 ad
399 1618 528 1670 illius
563 1636 881 1671 successores
918 1621 1219 1671 referentem
1255 1616 1471 1669 audiant.
1526 1616 1664 1669 Haec
1703 1617 1924 1671 animad-

101 1702 266 1755 versio
294 1702 530 1755 memoria
551 1703 807 1756 retinenda
835 1702 948 1772 quid
975 1712 1180 1773 spectet,
1209 1713 1258 1755 et
1285 1702 1363 1754 cui
1389 1702 1502 1755 usui
1529 1704 1694 1754 futura
1722 1703 1803 1768 sit,
1833 1723 1921 1756 suo

101 1789 207 1841 loco
234 1788 436 1860 patebit.

722 2019 1129 2093 CAPUT
1205 2021 1298 2093 ΙΙ.

579 2189 1037 2232 PROPOSITIO
1088 2191 1446 2234 SECUNDA.

103 2318 155 2363 S.
176 2317 326 2364 Petri
356 2325 405 2363 ct
432 2319 779 2363 Romanorum
808 2318 1118 2376 Pontificum
1146 2324 1404 2380 primatus
1436 2334 1534 2366 non
1568 2329 1642 2367 est
1662 2327 1924 2383 primatus

101 2383 231 2423 meri
259 2379 466 2431 ordinis,
499 2379 588 2422 scd
610 2382 929 2439 praecipuae
960 2383 1297 2433 auctoritatis,
1329 2395 1414 2424 seu
1433 2380 1825 2438 jurisdictionis,
1861 2399 1923 2428 ex

102 2453 198 2496 quo
221 2441 511 2498 praecipua
542 2442 664 2499 ipsis
680 2438 811 2496 jura
856 2443 905 2483 et
939 2438 1217 2496 facultates
1255 2446 1568 2495 competant,
1608 2457 1804 2488 ‘necesse
1837 2450 1920 2488 est.

248 2569 296 2620 l.
337 2567 476 2621 Haec
502 2587 695 2638 quoque
720 2569 992 2640 propositio
1019 2589 1048 2622 a
1074 2570 1352 2635 catholicis,
1394 2571 1683 2640 quibuscum
1712 2573 1923 2643 agimuS,

103 2654 404 2711 adversariis
432 2673 675 2726 expresse
703 2655 974 2720 asseritur,
1012 2675 1172 2726 neque
1199 2676 1228 2709 a
1255 2658 1483 2729 quopiam
1512 2658 1750 2712 catholico
1778 2677 1925 2713 revo-

104 2741 208 2792 cari
226 2750 391 2810 potest
409 2740 460 2791 in
480 2741 708 2806 dubium3
737 2742 831 2794 soli
857 2742 989 2794 enim
1015 2742 1253 2796 haeretici
1279 2746 1361 2797 vel
1387 2745 1686 2797 schismatici
1715 2764 1823 2798 eam
1850 2747 1927 2797 in-

104 2826 260 2878 ficiari
286 2835 487 2895 queunt.
540 2823 793 2878 Primatus
819 2828 1008 2879 ordinis
1034 2846 1135 2879 non
1161 2829 1242 2879 ille
1269 2839 1460 2880 tantum
1486 2830 1799 2900 intelligitur,
1828 2850 1924 2900 quo

103 2912 213 2981 quis
242 2930 378 2964 mera
405 2911 607 2968 honoris
633 2912 985 2983 praerogativa
1022 2913 1259 2978 donatus,
1300 2915 1433 2967 omni
1470 2915 1670 2968 omnino
1700 2917 1817 2986 jure
1845 2936 1927 2970 ca-

102 3007 240 3062 reat3
282 2998 369 3050 sed
402 2997 484 3050 ille
519 2996 667 3050 etiam
707 2998 798 3051 hoc
835 2999 942 3052 loco
978 2999 1328 3071 intelligendus
1365 3010 1467 3065 est,
1504 3020 1600 3071 quo
1636 3001 1688 3053 in
1721 3004 1926 3073 publicis

103 3082 321 3153 negotiis
360 3083 545 3135 nullum
574 3085 659 3153 jus
692 3083 789 3137 nisi
814 3085 864 3137 in
893 3087 1103 3139 materia
1141 3087 1266 3139 meri
1292 3087 1478 3140 ordinis
1515 3086 1724 3158 cuipiam
1750 3089 1928 3142 tribui-·

103 3180 213 3235 tur3
253 3170 381 3221 unde
418 3169 508 3222 hoc
544 3170 758 3240 primatu
791 3171 1060 3243 insignitus
1085 3182 1284 3244 praeter
1319 3172 1523 3224 honoris
1549 3175 1708 3227 locum
1732 3175 1925 3246 praeci-

105 3274 252 3325 puum
290 3256 349 3307 ad
383 3256 621 3324 quaedam
654 3260 995 3312 tantummodo
1032 3259 1157 3312 meri
1193 3258 1380 3310 ordinis
1418 3261 1619 3332 propria
1646 3262 1730 3332 jus
1759 3262 1921 3315 habet.

103 3340 178 3393 lta
212 3342 262 3393 in
299 3341 433 3396 omni
470 3341 772 3412 Republica,
812 3344 863 3397 in
899 3365 996 3415 qua
1026 3344 1309 3416 jurisdictio
1343 3364 1496 3416 penes
1530 3366 1703 3401 onmes
1741 3347 1925 3401 Patres

103 3426 310 3492 residet,
339 3427 424 3479 uni
451 3427 692 3500 primatus
719 3431 907 3484 ordinis
935 3432 1119 3485 deferri
1146 3432 1296 3496 solet,
1326 3449 1394 3485 ex
1423 3452 1518 3504 quo
1545 3434 1625 3488 ille
1651 3454 1752 3488 non
1779 3435 1922 3488 modo

108 3510 158 3561 iu
185 3512 399 3581 digniori
436 3515 543 3567 loco
582 3515 768 3585 primus
807 3519 971 3582 sedet,
1008 3518 1195 3589 primus
1232 3518 1544 3585 nominatur,
1582 3520 1770 3593 primus
1809 3520 1923 3572 dicit
