2320 3990
978 193 1163 204 -γ
1247 163 1640 226 100—

379 348 438 384 ac
465 346 620 384 sensu
646 319 1075 400 Evangelicorum
1114 327 1791 391 testimoniortmrhactenus
1833 356 1861 390 a
1901 338 2048 394 nohis
2076 340 2241 412 expli-

377 428 490 471 cato
517 418 762 490 quispiam
789 416 1060 471 addubitet.
1399 415 1403 418 ’
1485 434 1491 440 ·

952 653 1376 743 CAPUT
1455 634 1694 733 XIII(
1727 727 1730 729 .

744 804 1223 863 PRoP‘osrrlo
1266 819 1865 868 DECIMATERTIA.

375 947 576 993 Eadem
610 952 882 995 necessitas
913 955 1130 997 unitatis
1158 957 1531 999 communionis
1563 961 1613 999 et
1635 958 1950 1016 praesertim
1979 955 2105 1014 fidei
2133 970 2233 1001 om-

378 1013 523 1054 nium
560 1007 974 1056 Christianorum
1016 1027 1134 1057 cum
1167 1011 1220 1058 S.
1256 1012 1408 1059 Petri
1436 1015 1577 1068 sede,
1622 1021 1672 1060 et
1712 1015 2087 1062 successoribus
2130 1017 2236 1075 ejus

374 1068 628 1116 Romanis
662 1068 1002 1129 Pontificibus
1046 1073 1328 1120 traditione
1368 1073 1592 1121 Patrnm
1641 1076 1928 1121 luculenter
1968 1081 2233 1122 statuitur.

523 1203 570 1254 J.
613 1201 777 1256 Sicuti
803 1223 978 1259 sacrae
1006 1203 1301 1278 Scripturae
1330 1218 1534 1274 textuS,
1574 1227 1698 1279 qnos
1727 1210 2043 1263 antecedenti
2074 1210 2234 1282 capite

375 1289 842 1357 consideravimuS,
883 1291 940 1345 S.
980 1291 1193 1346 Petrum
1232 1295 1447 1366 primum
1484 1295 1772 1350 Romanum
1809 1296 2111 1350 Pontificem
2151 1317 2234 1352 ca-

371 1376 585 1430 tholicae
629 1377 841 1430 unitatis
893 1389 1122 1432 centrum
1170 1390 1429 1446 statuunt,
1483 1400 1696 1451 quocum
1737 1401 1913 1436 omnes
1954 1382 2236 1437 Christiani

372 1464 497 1517 uniti
525 1483 639 1518 esse
667 1465 849 1518 debent
876 1484 978 1518 non
1019 1468 1178 1520 solum
1207 1469 1587 1535 communione,
1625 1489 1799 1525 verum
1838 1470 1993 1523 etiam
2032 1470 2084 1524 in
2111 1471 2233 1524 fide:

372 1553 444 1605 ita
471 1552 760 1606 traditionis
789 1554 1080 1608 testimonia
1097 1596 1111 1622 ,
1151 1576 1278 1626 quae
1306 1557 1358 1609 in
1386 1559 1606 1629 ejusdem
1633 1559 1846 1612 unitatis
1874 1558 2232 1612 necessitatem

372 1642 464 1694 hoc
491 1642 653 1714 capite
680 1653 1055 1713 proponentur,
1096 1645 1157 1695 ad
1184 1643 1333 1696 Petri
1371 1663 1695 1698 successores
1724 1644 1989 1697 Romanos
2015 1644 2233 1698 Pontifi-

373 1747 456 1782 ces
483 1729 797 1801 potissimum
825 1731 1098 1803 pertinent.
1154 1727 1302 1798 Quod
1329 1731 1371 1783 si
1399 1750 1499 1784 non
1527 1751 1687 1803 pauca
1713 1751 1804 1804 pro
1831 1732 1955 1804 ispis
1983 1731 2233 1786 Romanis

370 1812 704 1870 Antistitibus
743 1816 1029 1872 Romanam
1068 1817 1214 1872 Petri
1255 1819 1448 1885 sedem,
1496 1821 1809 1885 cathedram,
1848 1821 1930 1874 vel
1967 1821 2232 1874 ecclesiam

374 1906 668 1972 nominant,
706 1905 832 1960 nihil
871 1908 1047 1961 refert.
1105 1904 1235 1961 Cum
1275 1907 1405 1962 enim
1444 1926 1546 1961 non
1583 1907 1682 1961 alia
1718 1908 1777 1961 de
1817 1926 1969 1962 causa
1996 1907 2234 1963 Romana

372 1994 544 2060 sedeS,
587 1994 851 2061 cathedra,
905 1997 987 2050 vel
1026 1996 1243 2050 ecclesia
1279 2015 1402 2069 prae
1440 1996 1554 2050 aliis
1592 1996 1822 2049 omnibus
1862 1997 1955 2050 hoc
1994 1998 2231 2069 peculiari

362 2083 479 2151 jure
506 2082 757 2154 potiatur,
785 2083 884 2136 nisi
911 2094 1120 2156 propter
1137 2089 1508 2153 potentiorem
1537 2085 1644 2154 ejus
1662 2088 2151 2154 principalitatem,
2178 2097 2232 2139 ut

370 2170 746 2223 vetustissimus
785 2169 1080 2226 Gallicanus
1122 2170 1283 2226 Pater
1321 2170 1378 2225 S.
1408 2171 1652 2226 Irenaeus
1691 2172 1914 2243 loquitur
1952 2192 2012 2226 eo
2049 2174 2233 2227 celebri

370 2259 690 2326 testimonio,
721 2261 851 2330 quod
879 2261 925 2330 ἓ.
955 2259 993 2312 Ι.
1025 2261 1398 2333 expendemuS,
1436 2260 1568 2315 idest
1593 2271 1802 2334 propter
1827 2260 2120 2334 primatum,
2149 2262 2231 2332 qui

367 2347 651 2419 personalis
701 2358 780 2401 est
819 2347 1167 2402 Romanorum
1204 2348 1508 2403 Pontificum
1558 2368 1904 2403 successorum
1953 2348 2009 2403 S.
2055 2348 2231 2416 Petri,

372 2436 783 2504 quemadmodum
819 2437 983 2508 capite
1019 2437 1174 2490 tertio
1212 2438 1443 2504 ostendi,
1485 2457 1829 2507 quaecumque
1869 2439 1962 2491 hac
1998 2439 2050 2490 in
2088 2458 2144 2492 re
2173 2439 2234 2491 ad

370 2521 640 2593 primatum
668 2524 988 2594 personalem
1025 2524 1315 2596 pertinente
1353 2525 1413 2578 de
1440 2524 1734 2577 necessaria
1759 2523 1956 2577 unitate
1983 2543 2092 2578 cum
2121 2525 2231 2578 Ro-

370 2628 520 2662 mana
546 2610 682 2676 sede,
710 2612 967 2679 cathedra,
994 2613 1077 2666 vel
1103 2611 1319 2666 ecclesia
1345 2611 1597 2678 dicuntur,
1626 2613 1686 2665 de
1713 2611 2065 2665 Romanorum
2091 2611 2232 2665 Pon-

371 2697 406 2749 ti
416 2697 560 2752 ficum
585 2717 806 2770 persona
831 2699 1120 2772 accipienda
1147 2710 1282 2753 sunt.
1335 2699 1390 2752 Id
1417 2710 1585 2753 autem
1625 2699 1719 2753 hoc
1758 2700 1869 2753 loco
1895 2720 2231 2772 praemonen-

371 2785 484 2838 dum
522 2796 626 2852 est,
666 2806 730 2840 ne
767 2787 879 2857 quis
915 2789 1047 2840 forte
1085 2787 1138 2839 in
1175 2788 1472 2858 quibusdam
1509 2786 1820 2841 testimoniis
1862 2807 1932 2842 ex
1957 2789 2232 2843 traditione

371 2874 644 2927 recitandis
683 2876 860 2946 legens
897 2874 1206 2930 mentionem
1243 2876 1356 2929 fieri
1392 2875 1661 2929 Romanae
1695 2874 2027 2947 Apostolicae
2066 2877 2227 2941 sediS,

372 2963 668 3028 cathedrae,
704 2964 787 3018 vel
810 2961 1105 3028 Ecclesiae,
1143 2963 1357 3016 solemni
1391 2963 1478 3015 illa
1512 2962 1869 3014 nonnullorum
1908 2963 2230 3017 adversario-

370 3069 481 3102 rum
508 3049 832 3105 distinctione
858 3052 993 3105 inter
1020 3049 1307 3103 Romanam
1345 3050 1545 3115 sedem,
1588 3050 1905 3116 cathedram,
1942 3070 2033 3104 seu
2070 3053 2231 3106 ecele-

371 3137 528 3203 siam,
570 3157 627 3192 ac
653 3138 789 3193 inter
814 3138 1115 3193 Pontificem
1152 3138 1206 3191 in
1243 3157 1304 3192 ea
1337 3137 1709 3209 praesidentem
1735 3137 2006 3210 abreptus,
2046 3139 2230 3192 existi-

371 3236 474 3278 met
499 3226 823 3281 traditionem
849 3227 1202 3300 explicandam
1229 3225 1289 3278 de
1315 3224 1608 3278 necessaria
1642 3225 1838 3278 unitate
1866 3244 1977 3278 cum
2004 3245 2066 3280 ea
2091 3227 2228 3291 sede,

373 3313 639 3379 cathedra,
679 3326 729 3368 et
756 3316 999 3382 ecclesia,
1036 3324 1094 3367 ut
1129 3332 1193 3367 ne
1232 3331 1343 3366 eum
1379 3312 1489 3384 ipso
1525 3311 1774 3367 Pontifice
1811 3314 2105 3367 necessaria
2143 3314 2224 3367 sit.

374 3397 519 3467 Quae
544 3401 800 3456 distinctio
836 3405 927 3457 hoc
965 3403 1019 3456 in
1054 3400 1258 3474 negotio
1285 3401 1603 3473 personalem
1641 3401 1887 3473 primatus
1914 3402 2230 3474 praerogati-

371 3506 485 3542 vam
527 3488 812 3561 attingente
851 3509 999 3562 quam
1039 3490 1105 3545 sit
1143 3488 1310 3544 inanis
1347 3498 1400 3541 et
1439 3488 1637 3560 inepta,
1678 3489 1803 3541 satis
1839 3507 1911 3541 ex
1948 3489 2041 3543 hac
2069 3490 2229 3543 moni-
