2314 3984
915 160 1584 220 -ο--ΒΊΑ--ψ-

314 329 495 384 mirum
539 331 660 385 mihi
706 330 992 402 ceterisque
1037 330 1262 404 ejusdem
1296 329 1670 386 infallibilitatis
1714 332 2180 407 propugnatoribus

314 428 412 486 est,
439 419 485 473 si
510 420 604 474 hoc
629 419 952 493 privilegium
977 417 1041 473 iis
1066 417 1294 472 decretis.
1308 415 1622 492 Apostolicis
1649 431 1931 489 asseratur,
1959 423 2024 475 ad
2049 439 2176 492 quae

314 507 680 580 promissiones
707 505 930 574 Christi,
958 516 1011 562 et
1035 506 1152 560 finis
1178 525 1239 561 ac
1264 506 1480 561 officium
1503 507 1750 580 primatus
1775 511 2034 576 refertur3
2060 528 2179 582 pro-

315 594 585 649 missiones
625 607 793 651 autem
828 594 1025 652 Christi
1061 604 1113 649 et
1146 595 1393 668 primatus
1430 595 1650 651 officium
1686 615 1746 652 ac
1782 597 1898 650 finis
1924 615 1987 651 ea
2013 597 2176 650 solum

314 681 587 737 Pontificia
613 685 819 740 decreta
841 683 1153 758 respiciunt,
1189 683 1367 754 quihus
1393 683 1447 736 in
1473 684 1840 740 controversiis
1878 694 1932 738 et
1956 683 2178 739 dissidiis

316 771 454 825 circa
491 772 638 827 fidem
662 771 945 828 Pontifices
980 772 1095 826 fidei
1130 772 1381 827 unitatem
1419 771 1682 828 vindicare
1717 783 1768 827 et
1794 772 2046 826 custodire
2071 782 2178 826 stu-

315 860 462 913 dent:
503 862 635 932 quod
660 861 784 916 solis
812 861 1187 916 definitionibus
1219 860 1426 935 proprie
1463 860 1609 915 dictis
1635 878 1900 915 assensum
1924 861 2041 916 fidei
2065 861 2179 915 exi-

316 947 553 1020 gentibus
579 950 660 1018 fit,
698 970 809 1005 cum
836 952 899 1005 ob
927 950 1207 1004 dirimenda
1231 949 1442 1003 dissidia
1468 949 1585 1020 quid
1621 949 1923 1004 credendum
1949 960 2035 1003 aut
2060 968 2182 1005 con-

316 1037 647 1092 demnandam
674 1049 770 1106 est,
799 1058 1049 1113 expresse
1076 1039 1335 1093 declarant
1354 1048 1503 1110 atque
1521 1038 1814 1092 decernunt.
1855 1037 2181 1105 Adversarii,

318 1124 402 1195 qui
440 1127 630 1180 vellent
667 1129 974 1183 definitionis
1010 1147 1196 1182 nomen
1245 1127 1484 1182 indicatis
1519 1126 1886 1182 conditionibus
1926 1126 2180 1196 haudqua-

316 1231 465 1285 quam
491 1216 765 1288 restringi,
805 1217 992 1270 idcirco
1018 1217 1240 1282 vellent,
1272 1225 1336 1268 sut
1371 1234 1519 1270 error
1558 1215 1744 1286 aliquis
1780 1215 1836 1268 in
1861 1215 1956 1268 fide
1980 1214 2179 1268 facilius

314 1300 661 1370 inveniretur,
702 1323 799 1375 quo
837 1304 1167 1357 infallibilitas
1193 1302 1547 1356 Romanorum
1569 1300 1876 1355 Praesulum
1912 1302 2181 1356 manifeste

316 1389 684 1445 revinceretur.
738 1390 843 1446 Sed
880 1411 984 1445 non
1011 1391 1385 1446 excurrentium
1422 1398 1580 1444 extra
1604 1389 1916 1462 praemissos
1941 1408 2182 1445 verarum

314 1477 660 1533 definitionum
685 1480 902 1549 limite83
930 1500 1024 1535 nec
1050 1482 1112 1535 ad
1130 1480 1444 1554 probandum
1465 1487 1646 1532 contra
1664 1477 1980 1552 propositam
1998 1477 2182 1532 thesim

315 1566 484 1621 idonei
510 1579 662 1622 erunt
689 1589 923 1637 erroreS,
951 1570 1037 1642 qui
1063 1569 1194 1626 certi
1218 1587 1322 1621 non
1349 1567 1453 1621 sint
1477 1568 1531 1621 in
1557 1567 1776 1621 materia
1801 1566 1932 1633 fidei,
1959 1585 2054 1621 nec
2080 1567 2184 1620 sint

315 1656 658 1711 definitionum
695 1678 920 1714 errores.
997 1657 1058 1712 Si
1093 1668 1262 1712 autem
1298 1656 1422 1709 nulli
1459 1656 1701 1728 ejusmodi
1748 1674 1951 1710 errores
2000 1655 2184 1729 opponi

313 1757 532 1816 queunt3
561 1748 685 1800 nihil
712 1757 966 1821 superest,
995 1766 1066 1802 ex
1093 1766 1191 1818 quo
1206 1745 1482 1800 Pontificia
1506 1744 1838 1798 infallibilitas
1863 1744 1916 1797 in
1943 1745 2183 1798 definien-

317 1835 392 1888 dis
421 1837 786 1891 controversiis
814 1837 927 1890 fidei
952 1837 1006 1888 in
1033 1835 1232 1888 dubium
1257 1844 1546 1890 revocetur.

465 1923 525 1978 Si
562 1925 636 1978 ita
674 1934 753 1979 est
791 1923 1014 1995 (inquiet
1051 1925 1272 1978 fortasse
1310 1920 1622 1995 quispiam),
1662 1921 1825 1975 eritne
1851 1920 2183 1974 infallibilitas

320 2011 626 2066 Pontificum
662 2013 717 2066 in
757 2011 1128 2066 definitionibus
1169 2011 1374 2065 omnino
1421 2020 1589 2076 certa,
1631 2019 1682 2063 et
1710 2009 2075 2063 credendumne
2103 2026 2185 2061 as-

321 2119 476 2154 sensu
502 2101 639 2168 fidei,
677 2101 913 2173 quidquid
939 2099 1220 2155 Pontifices
1249 2100 1388 2154 circa
1423 2099 1569 2153 fidem
1595 2096 1873 2152 definiunt?
1924 2095 1978 2150 N
1982 2116 2048 2151 on
2075 2096 2183 2150 dico

322 2189 623 2243 credendum
653 2209 723 2244 ex
751 2190 1002 2244 catholica
1028 2191 1151 2257 fide,
1191 2188 1390 2262 Papam
1426 2189 1480 2242 in
1506 2186 1791 2241 decidendis
1820 2184 2188 2239 controversiis

320 2279 434 2338 fidei
456 2298 570 2333 esse
591 2279 923 2336 infallibilem:
951 2279 1067 2334 fidei
1086 2278 1267 2352 quippe
1288 2277 1437 2350 (Vid.
1462 2277 1522 2331 de
1541 2285 1726 2350 potest.
1743 2273 1883 2329 Eccl.
1907 2294 1949 2328 c.
1965 2275 2015 2326 5.
2033 2292 2084 2327 n.
2103 2272 2185 2343 2.)

320 2368 503 2439 dogma
530 2388 632 2422 non
661 2379 767 2434 est,
806 2369 934 2439 quod
973 2368 1108 2422 inter
1135 2368 1415 2421 catholicos
1449 2365 1881 2430 controvertitur,
1920 2373 1971 2416 et
1998 2364 2060 2416 ab
2086 2360 2189 2416 Ec-

321 2456 476 2510 clesia
501 2458 720 2510 nondum
749 2466 830 2510 est
856 2475 1104 2529 expresse
1132 2454 1411 2509 definitum:
1438 2454 1570 2507 unde
1596 2453 1841 2507 haeretici
1866 2470 1970 2504 non
1998 2451 2186 2504 haben-

321 2555 406 2597 tur
434 2544 717 2599 adversarii
753 2544 1051 2614 ceteroquin
1085 2542 1349 2609 catholici,
1389 2541 1474 2613 qui
1509 2541 1818 2596 sententiam
1843 2538 2188 2593 infallibilitati

322 2632 625 2686 Pontificiae
654 2632 965 2694 contrariam
989 2639 1330 2705 propugnant.
1366 2628 1494 2683 Dico
1521 2639 1694 2683 tamen
1721 2628 2049 2682 obediendum
2076 2645 2191 2680 esse

323 2719 530 2794 Papae,
571 2740 680 2775 cum
710 2740 780 2776 ex
805 2722 906 2776 fine
934 2731 985 2775 ct
1012 2720 1176 2774 officio
1203 2718 1451 2792 primatus
1479 2718 1651 2772 definit
1678 2716 1864 2788 aliquid
1888 2715 2189 2769 credendum

322 2811 405 2864 vel
431 2811 767 2863 damnandum
795 2829 866 2865 ex
893 2809 1140 2864 catholica
1166 2808 1292 2874 fide3
1323 2817 1373 2861 et
1398 2807 1727 2862 obediendum
1754 2805 1950 2877 quidem
1971 2803 2048 2857 his
2070 2823 2191 2877 apo-

324 2899 518 2952 stolicis
549 2899 754 2972 judiciis
794 2899 947 2954 etiam
989 2915 1204 2952 assensu
1239 2895 1354 2950 fidei
1394 2906 1446 2950 et
1482 2894 1724 2965 obsequio
1751 2894 1984 2958 intern0,
2020 2903 2075 2945 ut
2107 2893 2190 2947 vel

325 2985 576 3042 Gallicani
601 2986 846 3062 Episcopi
885 2986 1105 3043 confessi
1143 2995 1291 3052 sunt3
1335 2994 1386 3038 et
1422 2984 1495 3037 ita
1532 2983 1891 3057 praestandam
1926 2981 2050 3053 ipsis
2078 2999 2190 3034 eam

325 3077 438 3130 fidei
464 3077 711 3131 unitatem
728 3118 741 3143 ‚
782 3097 930 3148 quam
957 3096 1068 3130 cum
1097 3084 1272 3128 centro
1301 3072 1578 3127 catholicae
1604 3071 1816 3125 unitatis
1843 3068 2190 3124 neeessariam

324 3166 530 3219 traditio
571 3166 734 3220 docet.
789 3164 1203 3219 Infallibilitatem
1242 3160 1419 3234 Papae
1455 3161 1509 3213 in
1537 3159 1779 3232 ejusmodi
1818 3157 2190 3212 definitionibus

326 3264 475 3325 atque
493 3254 696 3326 judiciis
732 3254 848 3308 hinc
887 3253 1032 3324 sequi
1070 3261 1220 3322 atque
1255 3249 1428 3304 deduci
1453 3247 1680 3320 legitima
1706 3257 1758 3301 et
1784 3247 2007 3303 evidenti
2033 3245 2194 3299 ratio-

328 3342 585 3397 cinatione
610 3344 1010 3397 demonstratam
1039 3339 1302 3395 existimo.
1347 3336 1407 3396 Si
1431 3355 1555 3391 vero
1584 3335 1730 3408 hujus
1758 3334 2012 3390 corollarii
2040 3345 2190 3404 atque

328 3431 776 3485 demonstrationis
805 3430 1134 3496 evidentiam,
1181 3448 1328 3501 quam
1353 3426 1477 3500 ipsis
1506 3424 1659 3480 etiam
1687 3422 1882 3479 Christi
1926 3421 2194 3502 promissis

330 3530 382 3574 et
407 3518 640 3576 oratione
680 3519 1116 3586 confirmavimus,
1157 3514 1438 3574 adversarii
1478 3512 1800 3591 praejudiciis
1835 3510 2057 3588 impediti
2091 3530 2192 3566 non
