2314 3984
949 171 1610 251 ——fflffffl

354 339 517 405 atino,
547 358 641 394 nec
677 338 775 392 dici
811 347 1033 410 poterat.
1099 341 1352 401 Finitam
1387 355 1511 398 vero
1559 345 1827 399 affirmavit
1873 344 2122 417 rescripto
2163 354 2216 398 et

355 415 667 481 auctoritate
687 423 1017 496 Apostolicae
1045 425 1179 479 sedis
1198 466 1212 492 ,
1251 420 1338 480 cuiv
1361 426 1699 503 jus³cogendi
1724 449 1899 485 omnes
1926 441 2212 504 competere

357 514 553 568 ratione
589 511 838 584 primatus
877 529 948 566 ex
985 513 1242 567 constanti
1278 514 1696 573 traditionenon
1726 519 2017 591 ignorabat.
2096 516 2213 572 Stet

356 602 512 674 igitur
546 599 607 654 de
642 599 694 654 vi
721 597 990 655 Romanae
1025 601 1160 655 sedis
1201 602 1262 656 ad
1296 601 1410 656 fidei
1436 603 1684 658 unitatem
1721 604 1936 679 cogente
1963 606 2212 678 Augusti-

355 706 472 741 num
499 697 551 742 et
575 687 853 742 Africanos
881 697 1051 742 certos
1077 689 1252 757 fuisse,
1283 709 1394 745 cum
1418 689 1755 764 pelagianam
1780 704 1986 748 causam
2015 695 2076 747 ad
2103 692 2212 747 Ro-

355 766 555 829 manam
595 774 765 829 sedem
801 775 1084 830 retulerunt
1101 817 1114 843 ,
1154 788 1205 832 et
1242 798 1351 833 cum
1378 778 1702 851 Augustinus
1738 782 1959 835 omnium
1994 792 2212 836 mentem

356 861 620 935 explicans
637 902 650 927 ,
690 861 989 934 Apostolico
1015 861 1299 920 Innocentii
1325 867 1574 940 rescripto
1610 887 1722 922 eam
1749 889 1966 924 causam
1986 873 2215 939 finitam,

355 957 626 1020 totamque
653 951 1041 1004 dubitationem
1067 953 1332 1007 sublatam
1357 955 1723 1027 pronuntiavit.

503 1036 592 1091 53.
632 1034 798 1092 Video
825 1036 903 1092 hic
929 1039 1166 1093 fortassis
1195 1041 1410 1112 aliquem
1423 1041 1703 1116 Augustini
1722 1043 2025 1099 testimoniis
2047 1045 2217 1099 hacte-

357 1143 451 1178 nus
480 1125 754 1198 propositis
792 1125 1139 1198 oppositurum
1174 1127 1260 1180 illa
1299 1129 1520 1199 ejusdem
1546 1129 1789 1186 Doctoris
1830 1133 1939 1186 loca
1967 1151 2036 1186 ex
2073 1132 2216 1185 libris

356 1214 444 1266 De
471 1214 766 1283 baptisma,
805 1214 889 1266 ubi
914 1214 967 1266 in
1005 1233 1159 1268 causa
1187 1216 1246 1269 de
1274 1215 1645 1272 haereticorum
1671 1219 2000 1293 baptismate,
2039 1220 2092 1272 in
2119 1238 2218 1290 qua

356 1298 646 1372 Stephanus
673 1297 821 1372 Papa
848 1311 1028 1354 contra
1055 1298 1308 1372 Cypriani
1348 1307 1654 1359 sententiam
1691 1308 1947 1361 decretum
1975 1307 2215 1373 ediderat,

355 1386 674 1459 Augustinus
713 1385 947 1458 scripsit,
987 1405 1044 1439 se
1083 1406 1282 1458 quoque
1324 1387 1437 1460 (lib.
1463 1390 1515 1443 3.
1558 1392 1617 1444 de
1643 1391 1792 1464 Bapt.
1834 1411 1878 1445 c.
1907 1392 1992 1462 4.)
2031 1393 2218 1446 iturum

355 1473 511 1527 fuisse
537 1471 590 1525 in
618 1468 874 1546 Cypriani
918 1474 1253 1541 sententiam,
1294 1494 1388 1530 nec
1425 1476 1541 1549 (lib.
1572 1477 1623 1530 2.
1664 1478 1724 1532 de
1750 1477 1900 1552 Bapt.
1933 1499 1975 1533 c.
2005 1479 2090 1553 4.)
2132 1499 2219 1534 au-

357 1579 527 1614 surum
555 1561 869 1615 contrarium
897 1579 1149 1628 asserere,
1179 1562 1279 1616 nisi
1300 1561 1563 1618 Ecclesiae
1589 1574 1698 1619 toto
1727 1568 1851 1621 orbe
1878 1568 2087 1621 diffusae
2113 1568 2218 1640 ple-

359 1649 589 1720 nariique
618 1648 818 1703 concilii
847 1650 1154 1704 auctoritate
1181 1661 1459 1704 teneretur.
1512 1651 1790 1707 Decretum
1820 1673 1943 1727 ergo
1971 1653 2218 1728 Stephani

356 1756 446 1809 per
475 1756 530 1790 se
559 1737 620 1790 ad
646 1746 892 1790 umtatem
921 1756 1106 1810 cogere
1146 1756 1461 1809 nequaquam
1491 1741 1725 1807 credidit,
1767 1743 1929 1812 quoad
1955 1740 2218 1796 Ecclesiae

358 1824 657 1895 conciliique
683 1824 897 1897 plenarii
915 1825 1160 1898 judicium
1188 1844 1289 1879 non
1319 1828 1600 1881 accederet.
1641 1825 1698 1880 Si
1723 1827 1817 1882 hoc
1844 1848 1998 1884 sensu
2024 1831 2220 1902 objecta

359 1911 635 1985 Augustini
673 1913 785 1967 loca
824 1912 1001 1967 stricte
1038 1913 1416 1986 intelligantur,
1453 1913 1510 1969 S.
1538 1913 1734 1969 Doctor
1771 1916 2071 1990 sibimetipsi
2099 1936 2219 1971 con-

359 1999 639 2054 tradixisse
660 2000 896 2055 dicendus
918 2011 1074 2069 esset,
1104 2022 1214 2056 cum
1235 2002 1288 2055 in
1310 2021 1466 2056 causa
1479 2001 1864 2058 Donatistarum
1886 2005 2016 2057 tanti
2041 2006 2220 2059 fecerit

358 2088 714 2142 auctoritatem
741 2086 1009 2143 Romanae
1037 2090 1200 2156 sedis,
1238 2101 1294 2142 ut
1330 2090 1423 2144 hac
1450 2091 1560 2144 sola
1598 2111 1686 2145 eos
1715 2093 1839 2146 satis
1867 2093 2218 2164 perstringen-

358 2178 447 2230 dos
477 2175 732 2230 censuerit
766 2185 870 2228 tum
896 2176 949 2229 in
976 2174 1186 2230 Psalmo
1214 2188 1396 2231 contra
1422 2188 1620 2251 partem
1646 2178 1866 2246 Donati,
1902 2189 2007 2232 tum
2034 2180 2086 2233 in
2115 2180 2219 2253 epi-

360 2266 490 2318 stola
517 2264 579 2317 ad
600 2261 938 2331 Generosum,
966 2275 1022 2318 ut
1048 2266 1369 2339 praecedenti
1394 2269 1714 2341 paragrapho
1742 2268 2217 2335 animadvertimus3

362 2353 410 2405 in
440 2371 596 2406 causa
634 2362 803 2407 autem
831 2351 1115 2426 Pelagiana
1153 2355 1408 2408 decretum
1448 2353 1734 2410 Innocentii
1759 2355 1798 2408 Ι.
1834 2375 1924 2429 per
1964 2374 2019 2409 sc
2055 2374 2126 2410 se-
2149 2356 2220 2409 ita

362 2460 546 2512 cogere
574 2440 870 2507 crediderit,
899 2452 955 2494 ut
983 2461 1041 2496 eo
1070 2444 1178 2495 solo
1207 2464 1426 2496 causam
1446 2448 1658 2514 finitam
1680 2444 2025 2498 affirmaverit.
2063 2442 2219 2496 Immo

361 2547 463 2581 non
491 2529 652 2581 solum
690 2538 871 2581 contra
898 2546 953 2581 se
980 2547 1209 2601 pugnare
1246 2529 1409 2583 videri
1446 2539 1640 2602 potest,
1671 2531 1715 2582 si
1754 2549 1815 2583 ea
1841 2531 1953 2584 loca
1979 2532 2108 2584 nude
2136 2550 2221 2583 su-

362 2624 590 2679 mantur,
628 2633 805 2668 verum
844 2615 995 2670 ctiam
1037 2627 1214 2670 contra
1254 2616 1551 2671 catholicam
1591 2617 1887 2671 doctrinam.
1943 2615 2051 2670 Cur
2087 2617 2220 2671 enim

362 2702 526 2754 iturus
552 2701 734 2756 fuisset
759 2702 811 2756 in
826 2701 1078 2776 Cypriani
1106 2704 1412 2758 sententiam
1441 2705 1532 2759 hac
1559 2705 1760 2758 ratione
1787 2706 2010 2777 probans
2039 2703 2219 2777 (libya

362 2791 422 2843 de
449 2789 598 2862 Bapt.
631 2808 674 2843 c.
703 2788 819 2859 4.):
865 2792 992 2844 Non
1021 2796 1149 2862 quia
1169 2796 1299 2862 fieri
1323 2812 1431 2844 uon
1452 2797 1650 2863 potuit,
1676 2796 1814 2845 utin
1843 2794 2221 2846 obscurissima

364 2882 675 2949 quaestione
701 2882 882 2932 verius
911 2880 1167 2949 pluribus
1196 2900 1331 2933 unus
1365 2884 1597 2950 paucive
1635 2884 1921 2944 sentirent3
1961 2884 2059 2935 sed
2093 2884 2221 2950 quia

361 2986 469 3018 non
501 2967 674 3036 facile
705 2986 817 3036 pro
855 2986 962 3019 uno
1001 2969 1088 3019 vel
1113 2972 1310 3036 paucis
1349 2970 1608 3022 adversus
1647 2969 2062 3020 innumerabiles
2090 2973 2223 3040 ejus-

363 3057 482 3108 dem
509 3056 791 3124 reliyiouis
819 3061 872 3106 et
895 3057 1113 3107 unitatis
1142 3058 1305 3116 viros,
1333 3062 1385 3106 et
1411 3074 1604 3124 mayno
1633 3057 1847 3123 inqenio
1876 3062 1928 3107 et
1951 3055 2105 3107 uberi
2129 3057 2220 3107 do-

364 3146 543 3195 ctriua
582 3143 898 3211 praedito-5,
949 3145 1058 3195 nisi
1094 3145 1451 3211 pertractatis
1493 3161 1604 3210 pro
1653 3142 1853 3194 viribus
1905 3150 2064 3212 atque
2097 3161 2220 3211 per-

365 3233 561 3298 spectis
589 3231 746 3282 rebus
767 3231 1005 3298 ferenda
1033 3232 1300 3283 sententia
1328 3237 1434 3292 est‚·
1474 3229 1654 3282 docere
1694 3228 1891 3282 videtur
1928 3228 2005 3282 his
2032 3227 2219 3294 verbis,

365 3315 571 3369 evenire
621 3334 802 3388 posse,
854 3326 909 3368 ut
959 3317 1012 3370 in
1063 3318 1213 3372 rebus
1263 3316 1380 3370 fidei·
1427 3335 1485 3370 ac
1525 3317 1785 3388 religionis
1836 3316 1982 3388 pauci
2032 3315 2221 3370 verita-

365 3411 469 3456 tem
505 3411 716 3455 teneant
750 3404 916 3475 potius
958 3424 1104 3475 quam
1142 3403 1390 3463 innumeri
1418 3413 1474 3456 ut
1510 3404 1562 3457 in
1602 3404 1688 3456 illa
1722 3404 1781 3457 dc
1819 3403 2067 3476 baptismo
2103 3422 2221 3456 con-

367 3488 622 3545 troversia
658 3489 907 3544 innumeri
945 3502 1123 3558 erant,
1161 3492 1244 3563 qui
1271 3488 1518 3564 Stephani
1559 3491 1846 3546 sentcntiae
1887 3491 2220 3544 adhaerentes
