2314 3984
922 175 1588 242 -——-244—--

334 364 422 399 vos
450 349 604 406 estis,
631 347 725 413 qui
749 345 1029 413 insuryitis
1051 347 1592 405 contra-cathedram
1628 347 1869 407 unica-m,
1909 353 1962 399 et
1995 354 2188 400 contra

337 434 493 486 Petri
517 428 806 484 cathedram
827 439 879 484 et
903 427 1186 484 Ecclesiam
1214 427 1572 503 principalem,
1597 433 1728 488 unde
1754 432 2190 486 unitassacerdo-

334 518 452 572 talis
480 525 668 570 exorta
695 524 803 582 est,
831 524 892 570 ut
916 519 996 570 ait
1025 517 1080 570 S.
1117 516 1435 589 Cyprianus·
1456 523 1731 591 antiquior
1764 520 2005 590 Optato?
2045 520 2191 580 Quid

332 605 663 675 respondere
682 606 914 672 potestis
953 605 1163 658 duabus
1204 607 1617 662 auctoritatibus
1644 616 1753 662 tam
1769 611 2078 678 praecisis?
2119 606 2191 660 At

330 696 377 744 si
402 711 582 744 verum
610 698 711 758 est,
741 692 1044 744 Ecclesiam
1082 692 1385 745 Romanam
1423 713 1537 748 esse
1577 697 1754 749 locum
1779 697 2110 749 concordiae
2139 702 2192 747 et

325 784 508 849 pacis,
534 783 589 831 in
618 799 726 850 qua
754 779 980 830 UNIRJ
993 781 1189 833 debent
1208 783 1316 851 filii
1340 782 1452 834 Dei
1461 801 1479 844 ‚·
1506 785 1776 836 undenam
1800 786 1978 835 nostri
2002 785 2189 834 adver-

330 871 467 921 sarii
485 869 682 920 docent
702 865 1178 936 ipsam‘esse'illam
1196 867 1383 921 Babel
1393 873 1792 939 confusionis,a
1814 889 1922 941 qua
1943 873 2191 923 receden-

331 958 454 1008 dum
484 959 595 1007 est?
642 952 740 1010 Vis
779 953 1070 1008 traditionis
1103 955 1415 1008 laudatorum
1457 955 1668 1010 Petrum
1709 966 1814 1010 tam
1841 967 1981 1011 certa
2007 967 2060 1011 et
2087 957 2192 1010 effi-

331 1061 431 1096 cax
458 1041 712 1096 Bossueto
752 1042 864 1097 visa
899 1053 978 1096 est
1015 1042 1077 1095 ad
1115 1041 1325 1095 unitatis
1363 1053 1592 1097 centrum
1629 1043 1681 1096 in
1722 1043 1956 1097 Romana
1995 1046 2113 1098 sede
2141 1055 2192 1098 et

331 1129 560 1184 Ecclesia
587 1131 935 1196 statuendum,
963 1140 1019 1183 ut
1045 1129 1374 1184 heterodoxis
1401 1131 1524 1204 ipsis
1563 1131 1880 1186 revincendis
1909 1133 2139 1186 sufficiat.

480 1219 568 1272 22.
622 1216 951 1272 Praeclarum
978 1218 1180 1272 tandem
1208 1218 1261 1270 in
1288 1228 1518 1272 nostrum
1562 1229 1794 1291 systema
1833 1229 1911 1272 est
1936 1219 2190 1290 integrmu

332 1316 482 1378 caput
510 1304 898 1358 Meditationum
924 1305 977 1356 in
989 1303 1328 1375 Evangelium
1355 1306 1454 1359 diei
1469 1307 1554 1362 79.
1585 1306 1664 1359 cui
1689 1305 1769 1359 hic
1795 1306 1997 1358 titulus:
2027 1309 2191 1360 Fides

338 1396 394 1446 S.
431 1394 588 1445 Petri
613 1398 694 1444 est
711 1392 850 1461 fides
881 1391 1165 1444 Romanae
1193 1394 1501 1453 Ecclesiae,
1528 1395 1583 1443 in
1611 1411 1718 1462 qua
1745 1400 1986 1445 centrum
2013 1395 2192 1446 catho-

331 1486 470 1542 licae
497 1483 719 1534 unitatis
748 1482 905 1531 situm
933 1486 1033 1531 est.-
1062 1478 1146 1530 ubi
1173 1479 1293 1533 fides
1308 1479 1577 1532 Romanae
1599 1477 1864 1533 Ecclesiae
1892 1482 2193 1534 catholicae

332 1571 552 1622 unitatis
582 1567 784 1640 (utique
810 1565 951 1633 fidei)
982 1576 1208 1619 centrum
1237 1567 1530 1621 adstruitur.
1584 1566 1637 1619 ld
1665 1586 1735 1620 ex
1761 1567 1871 1640 ipso
1899 1569 2062 1640 capite
2088 1586 2194 1620 ma—

334 1656 568 1710 nifestius
591 1657 692 1709 fiet.
726 1655 882 1707 Haec
908 1655 1070 1707 verba
1091 1652 1319 1726 (Christi
1346 1656 1408 1709 ad
1434 1653 1696 1726 Petrum),
1721 1652 1980 1709 Confirma
2006 1657 2193 1709 fratres

333 1756 472 1811 tuos,
523 1764 630 1796 non
669 1750 794 1796 sunt
827 1762 1031 1794 merum
1065 1752 1422 1813 praeceptum
1464 1744 1623 1795 Petri
1659 1762 1934 1811 personae
1969 1748 2194 1812 factum,

333 1836 430 1887 sed
455 1835 694 1904 officium
721 1831 1031 1890 declarant,
1071 1834 1221 1900 quod
1255 1835 1370 1901 ipse
1406 1831 1651 1884 Christus
1681 1835 1877 1901 exiqit,
1919 1851 1984 1884 ac
2012 1835 2066 1883 in
2095 1832 2194 1883 Ec-

333 1924 500 1975 clesia
518 1927 845 1990 perpetuum
872 1921 1114 1971 instituit.
1144 1920 1480 1988 Exemplar,
1509 1921 1656 1988 quod
1690 1918 1934 1972 Christus
1962 1923 2194 1989 discipu-

334 2013 399 2062 lis
428 2013 577 2062 circa
605 2028 660 2061 se
689 2009 942 2060 adunatis
961 2010 1286 2077 proposuit,
1319 2011 1568 2075 futurum
1607 2014 1687 2059 est
1716 2011 1975 2076 perennis
2002 2008 2194 2076 reyula

338 2099 614 2150 Ecclesiae
649 2096 1012 2148 Christianae.
1043 2095 1136 2146 Ea·
1165 2114 1226 2147 eo
1254 2102 1512 2163 tempore,
1541 2113 1646 2164 quo
1678 2095 1863 2147 Simon
1891 2092 2199 2163 Apostolici

332 2187 553 2255 colleyii
578 2191 744 2253 caput
768 2186 1090 2235 constitutus
1111 2186 1252 2252 fuit,
1280 2184 1592 2252 appellatus
1621 2189 1701 2235 est
1727 2183 1954 2242 Petrus,
1985 2186 2195 2250 factus-

333 2292 434 2342 que
474 2293 507 2324 a
545 2273 678 2325 Jesu
725 2271 942 2324 Christo
993 2290 1123 2324 suae
1164 2271 1446 2323 Ecclesiae
1483 2270 1896 2338 fundamentum
1933 2288 2041 2338 per
2080 2287 2196 2322 eam

329 2363 514 2431 fidem,
538 2379 702 2430 quam
730 2362 964 2411 omnium
989 2362 1200 2411 nomine
1229 2360 1554 2411 annuntiare
1581 2357 1820 2409 debebat.
1864 2357 1956 2408 Ex
1985 2375 2045 2409 eo
2075 2363 2195 2407 tem-

326 2468 469 2516 pore
496 2451 551 2499 in
571 2467 818 2516 persona
850 2448 904 2499 S.
936 2448 1096 2498 Petri
1114 2451 1272 2515 facta
1301 2453 1381 2497 est
1405 2447 1744 2513 aedificatio,
1771 2463 1864 2495 scu
1892 2445 2195 2512 desiynatio

327 2537 597 2602 primatus
625 2537 679 2584 in
709 2535 985 2593 Ecclesia,
1013 2535 1139 2584 dum
1165 2530 1444 2600 Apostolis
1481 2534 1559 2582 ait
1583 2528 1800 2600 (Matth.
1832 2529 1919 2583 28.
1949 2528 2052 2600 2.),
2080 2526 2193 2599 Ego

333 2620 589 2674 vobiscum
617 2638 704 2673 ero
732 2637 891 2689 usque
918 2619 979 2671 ad
1005 2617 1489 2672 consummationem
1509 2616 1725 2669 saeculi:
1753 2618 1844 2669 ubi
1855 2621 2096 2686 formam
2122 2621 2198 2668 in-

335 2718 416 2762 ter
443 2714 591 2779 ipsos
619 2711 962 2760 constitutam
1000 2710 1056 2759 in
1097 2724 1433 2759 successores
1476 2707 1833 2757 transituram
1860 2707 2195 2774 siqnifi'cavit.

340 2798 619 2866 Perpetua
645 2798 912 2848 successio
947 2796 1000 2846 S.
1034 2795 1204 2846 Petro
1224 2795 1460 2863 perinde
1489 2813 1553 2846 ac
1580 2796 1773 2846 ceteris
1802 2792 2082 2862 Apostolis
2109 2794 2195 2845 de-

336 2889 548 2955 signata
578 2886 720 2953 fuit,
760 2891 919 2953 atque
946 2885 1180 2935 decreta.
1239 2883 1466 2950 Semper
1506 2884 1560 2933 in
1589 2883 1840 2934 Ecclesia
1884 2880 2082 2932 Petrus
2110 2881 2195 2932 de-

337 2974 451 3026 buit
478 2976 744 3032 eoeistere,
785 2973 879 3041 qui
906 2973 1119 3039 fratres
1147 2973 1497 3037 confirmaret
1531 2972 1586 3020 in
1618 2970 1745 3037 fide.
1804 2968 1925 3018 Hoc
1953 2973 2074 3018 erat
2096 2984 2195 3018 me-

337 3063 483 3113 dium
510 3061 859 3128 oportunius,
885 3065 946 3110 ut
969 3059 1354 3110 sententiarum
1381 3053 1541 3125 (idest
1565 3053 1706 3122 fidei)
1735 3055 2002 3107 stabiliret
2028 3057 2197 3106 unita-

337 3156 467 3210 tem,
495 3166 655 3218 quam
687 3147 944 3200 Salvator
964 3163 1106 3215 prae
1134 3143 1372 3196 omnibus
1391 3143 1752 3210 peroptabat3
1782 3149 1833 3193 et
1859 3141 1994 3193 llaec
2020 3148 2197 3193 aucto-

338 3239 473 3288 ritas
502 3232 862 3307 (confirmandi
889 3231 1082 3286 scilicet
1108 3239 1159 3284 et
1186 3228 1398 3301 cogendi
1433 3229 1494 3280 ad
1521 3228 1633 3282 fidei
1659 3228 1933 3294 unitatem3
1971 3227 2197 3280 auetori-

341 3331 421 3372 tas
449 3321 582 3374 enim
611 3320 722 3374 sine
748 3321 801 3375 vi
829 3329 1045 3391 cogente
1082 3336 1184 3371 non
1204 3314 1550 3387 ,intelhgitulff
1590 3336 1651 3368 eo
1691 3320 1859 3386 mayis
1886 3308 2194 3369 necessaria

339 3416 462 3462 erat
487 3407 878 3478 Apostolorum
903 3405 1328 3466 successoribus,
1368 3423 1472 3474 quo
1500 3408 1672 3458 minus
1700 3405 1892 3457 horum
1911 3405 2051 3474 fides
2080 3411 2200 3455 erat

339 3500 691 3567 confirmata,
731 3515 889 3566 quam
921 3498 1060 3567 fides
1101 3492 1501 3565 Apostolorum.
1567 3491 1753 3548 Viden'
1790 3488 1847 3544 S.
1878 3487 2023 3542 Petri
2052 3490 2194 3543 fidem
