2320 3990
719 239 1331 299 ...-...57.-..-.

117 411 437 466 Firmilianus
463 410 607 483 epist.
636 410 722 465 75.
749 411 882 465 inter
909 408 1240 483 Cyprianicas
1264 425 1522 481 perperam
1549 407 1748 462 omnino
1776 418 1827 462 et
1851 429 1940 481 per

117 497 319 551 nimium
343 506 537 550 aestum
561 497 794 567 loquutus
821 497 1111 569 agnoscitur
1126 535 1140 562 ,
1167 514 1277 549 cum
1302 494 1582 548 schismatis
1608 503 1776 548 notam
1801 495 1939 548 inus-

116 583 182 637 sit
206 581 462 655 Stephano
488 582 659 656 Papae
675 624 688 649 ,
720 584 804 654 qui
830 583 1104 655 complures
1128 579 1405 653 Episcopos
1430 581 1484 634 in
1510 580 1855 635 controversia
1880 581 1941 634 de

116 669 476 724 haereticorum
504 671 798 742 baptismate
823 667 1164 723 communione
1202 666 1431 738 privasse
1465 667 1791 734 credebatur,
1827 667 1940 720 dum

116 756 185 809 ait
211 755 520 828 Stephanum
546 757 825 826 alloquens:
855 756 1131 807 Est-nidisti
1156 757 1291 805 enim
1318 762 1366 806 te
1394 758 1597 823 ipsum3
1622 756 1738 807 noli
1762 762 1812 806 te
1831 757 1940 823 fal·

118 846 227 896 lere
241 863 257 904 ,·
283 847 542 912 siquidem
567 845 659 897 ille
685 851 762 896 est
781 861 901 894 vere
927 841 1308 900 schismaticm,
1335 844 1427 910 qui
1447 860 1502 892 se
1522 861 1556 893 a
1575 845 1940 894 communione

118 931 528 982 Ecclesiasticae
553 933 769 983 unitatis
796 934 1096 996 apostatam
1110 930 1323 995 fecerit.
1376 925 1513 979 Male
1534 946 1760 998 prorsuS,
1782 929 1938 981 male:

116 1034 228 1068 nam
254 1034 380 1087 papa
406 1013 917 1069 excommunicatione
951 1012 1139 1082 aliquos
1175 1014 1420 1085 plectens,
1445 1013 1560 1067 lieet
1586 1015 1939 1083 quodammodo

117 1118 171 1152 se
197 1102 256 1152 ab
282 1101 404 1172 ipsis
443 1110 668 1172 separet3
691 1099 745 1168 ’ἦ
797 1119 907 1154 cum
944 1109 1114 1152 tamen
1151 1118 1251 1152 non
1290 1119 1374 1165 se,
1412 1100 1500 1152 sed
1534 1100 1644 1152 illos
1684 1101 1938 1154 abscindat

115 1205 143 1238 a
170 1195 342 1238 centro
379 1186 587 1240 unitatis
626 1188 924 1254 catholicae,
964 1205 1066 1239 non
1104 1205 1188 1252 se,
1225 1188 1312 1240 sed
1348 1187 1458 1239 illos
1497 1207 1530 1239 a
1566 1188 1939 1241 Communionc

116 1273 523 1326 Ecclesiasticae
560 1278 805 1336 unitatiS,
852 1283 903 1328 et
939 1274 998 1326 ab
1025 1272 1253 1327 Ecclesia
1289 1273 1551 1346 praecidit:
1589 1292 1646 1327 ac
1671 1284 1939 1346 propterea

115 1356 170 1410 S.
198 1357 463 1424 IrenaeuS,
492 1360 575 1428 qui
601 1379 700 1412 non
728 1362 915 1426 eodem,
944 1380 1038 1430 quo
1066 1360 1107 1412 F
1112 1360 1388 1412 irmilianus
1416 1370 1559 1412 aestu
1587 1361 1938 1433 abripiebatur,

118 1444 372 1496 contrario
400 1463 606 1516 prorsus
634 1465 786 1499 sensu
805 1447 1053 1512 AsianOS,
1083 1447 1127 1499 si
1153 1465 1275 1500 vere
1302 1465 1330 1498 a
1357 1465 1546 1499 summo
1574 1445 1820 1500 Pontifice
1846 1467 1942 1501 ex-

116 1531 599 1584 communicarentur
625 1533 685 1584 ob
709 1533 852 1586 aliam
880 1533 1273 1587 controversiam
1293 1533 1352 1586 de
1369 1532 1634 1598 Paschate,
1664 1535 1723 1586 ab
1748 1535 1941 1588 unitate

115 1613 374 1667 Ecclesiae
411 1616 577 1686 reipsa
613 1628 920 1689 amputatum
958 1621 1023 1672 iri
1055 1621 1291 1685 credidit,
1330 1639 1438 1673 cum
1463 1619 1725 1674 Victorem
1751 1620 1941 1693 Papam

113 1701 345 1770 rogavit,
385 1721 450 1753 ne
489 1709 596 1753 tam
623 1707 814 1756 multas
857 1708 1107 1758 ecclesias
1135 1710 1345 1757 omnino
1379 1715 1608 1774 propter
1635 1711 1940 1762 traditionis

115 1806 184 1838 cx
210 1790 428 1856 antiqua
454 1794 832 1842 consuetudine
871 1796 1008 1844 inter
1047 1795 1172 1845 illos
1199 1801 1461 1861 usurpata
1505 1794 1938 1859 observationem,

114 1892 146 1924 a
173 1892 400 1941 corpore
426 1879 702 1929 universae
730 1879 1006 1931 Ecclesiae
1025 1884 1243 1948 penitus
1270 1888 1598 1949 amputaret,
1623 1880 1697 1932 uti
1723 1891 1940 1934 testatur

115 1955 358 2011 Eusebius
395 1959 479 2011 lib.
509 1962 558 2012 5.
611 1961 746 2014 Hist.
783 1962 979 2018 Eccles.
1023 1985 1064 2019 c.
1107 1967 1193 2018 ⁵24.
1245 1965 1354 2019 Hac
1392 1986 1585 2037 quoque
1623 1968 1681 2021 de
1715 1987 1865 2022 causa
1889 1970 1940 2021 iu

113 2044 246 2096 omni
272 2046 620 2115 ambiguitate,
658 2067 773 2100 num
807 2053 916 2120 quis
951 2063 1086 2105 esset
1111 2053 1163 2105 in
1199 2072 1408 2125 corpore
1445 2054 1742 2108 universalis
1768 2054 1942 2110 Eccle-

114 2130 235 2194 siae,
263 2148 352 2182 seu
375 2131 428 2182 in
453 2132 645 2184 unitate
672 2143 723 2185 et
749 2139 1090 2190 communione
1117 2139 1373 2205 catholica,
1401 2159 1597 2211 semper
1623 2143 1939 2195 observatum

114 2215 223 2279 fuit,
251 2234 368 2266 num
395 2234 502 2268 cum
529 2216 759 2272 Romana
785 2222 901 2274 sede
939 2225 1351 2290 communicaret,
1391 2236 1444 2276 ut
1479 2227 1665 2296 aliquot
1698 2230 1942 2300 exemplis

114 2302 298 2372 patebit
324 2303 598 2355 referendis
625 2323 729 2376 cap.
762 2307 846 2360 13.
877 2326 945 2360 ex
971 2308 1247 2363 Aureliano
1274 2311 1605 2383 Imperatore,
1653 2333 1722 2367 ex
1747 2314 1940 2388 Satyro

114 2385 170 2438 S.
199 2387 455 2439 Ambrosii
490 2389 676 2451 fratre,
723 2411 791 2444 ex
824 2392 1132 2465 Imperatore
1177 2397 1454 2465 Gratian0,
1507 2399 1563 2453 S.
1607 2400 1940 2474 Hieronymo,

112 2471 301 2525 Menna
328 2471 911 2548 ConstantinopolitanO,
941 2491 990 2534 ct
1017 2483 1154 2535 aliis:
1193 2503 1250 2537 ac
1275 2485 1481 2556 proinde
1507 2486 1679 2540 Italiae
1705 2487 1940 2562 Episcopi

111 2558 162 2610 in
188 2556 410 2613 Concilio
436 2561 778 2633 Aquilejensi,
817 2567 895 2619 cui
921 2566 977 2620 S.
1010 2571 1305 2624 Ambrosius
1340 2573 1578 2642 praefuit,
1615 2593 1684 2626 ex
1711 2574 1941 2630 Romana

111 2646 228 2698 sede
236 2651 377 2716 jura
403 2653 782 2703 communionis
808 2673 1029 2707 manare
1057 2660 1110 2706 in
1134 2677 1310 2711 omnes
1336 2660 1549 2731 professi
1572 2672 1706 2728 sunt,
1735 2681 1793 2716 eo
1811 2667 1937 2734 quod

113 2730 228 2782 nulli
247 2733 331 2801 jus
351 2743 595 2803 competat
622 2738 977 2792 communionis
997 2741 1289 2808 catholicae,
1313 2745 1411 2798 nisi
1432 2765 1539 2799 cum
1566 2747 1796 2802 Romana
1822 2753 1939 2804 sede

113 2816 354 2870 unitatem
383 2828 431 2869 et
458 2822 849 2876 communionem
875 2823 1071 2878 habeat.

230 3052 269 3102 ³)
299 3054 391 3093 Hac
423 3055 566 3096 eadem
596 3058 758 3098 ratione
792 3060 1026 3112 exploditur
1055 3064 1155 3102 illud
1186 3076 1265 3103 non
1291 3065 1476 3106 absimile
1500 3067 1720 3110 Justiniani
1748 3073 1788 3112 in
1817 3075 1939 3126 epist.

110 3112 163 3150 ad
195 3113 407 3163 Synodum
438 3115 941 3170 constantinopolitanam
972 3124 1071 3162 tom.
1104 3125 1146 3163 6.
1180 3125 1337 3164 Concil.
1379 3126 1479 3166 Ven.
1514 3129 1616 3168 edit.
1649 3131 1729 3170 eol.
1763 3133 1864 3172 197.
1897 3135 1936 3173 d.

111 3171 181 3209 ubi
213 3172 401 3222 vigilium
426 3174 580 3226 Papam
612 3178 764 3227 arguit,
798 3192 847 3219 ac
873 3181 910 3219 si
936 3181 1030 3232 ipse
1059 3184 1332 3234 semetipsum
1364 3186 1547 3226 alienum
1588 3189 1826 3232 catholicae
1858 3191 1939 3234 Ec-

112 3231 265 3270 clesiae
288 3230 444 3280 feccrit
476 3265 486 3276 .
508 3265 518 3276 .
539 3265 549 3274 .
580 3247 790 3286 separans
815 3243 1087 3291 semetipsum
1113 3255 1138 3282 α
1164 3246 1305 3283 vestra
1337 3247 1644 3288 communione.
1689 3251 1809 3291 Hanc
1836 3264 1937 3293 vero

112 3289 341 3342 epistolam,
374 3303 453 3341 qua
483 3292 592 3333 idem
617 3295 846 3347 Imperator
871 3299 1132 3340 schismatico
1159 3302 1280 3354 plane
1307 3315 1429 3343 sensu
1454 3305 1644 3357 Vigilium
1670 3311 1711 3349 in
1741 3312 1938 3364 diptycha

109 3348 238 3387 inseri
279 3353 415 3396 vetat,
459 3363 550 3391 cum
590 3356 742 3394 ceteris
785 3357 1042 3399 documentis
1076 3373 1125 3400 ex
1160 3361 1306 3401 codice
1347 3363 1507 3404 soliano
1540 3366 1710 3408 insertis
1744 3371 1784 3410 in
1817 3377 1938 3422 gesta

111 3408 142 3446 S
174 3407 271 3446 nodi
301 3409 348 3448 V.
382 3413 423 3448 et
453 3423 477 3449 a
509 3412 675 3452 Baluzio
717 3417 922 3468 vulgatis,
966 3421 1283 3474 supposititiam*
1314 3423 1434 3473 plane
1475 3437 1567 3465 esse
1610 3431 1863 3470 ostendimus
1896 3433 1935 3470 in

157 3465 368 3510 efensionc
409 3469 726 3512 nissen-tationis
768 3475 1022 3517 Norisianae
1064 3479 1115 3518 de
1158 3480 1325 3530 Synodo
1357 3483 1402 3522 V.
1443 3497 1480 3522 c.
1511 3486 1554 3524 6.
1603 3492 1700 3528 tom.
1734 3490 1776 3532 4.
1810 3492 1935 3541 Oper.

119 3523 274 3566 Nerisii
304 3528 382 3566 col.
418 3529 546 3568 1035.
581 3534 619 3569 et
654 3545 766 3584 seqq.
