2314 3984
0 478 19 642 vs--wv

1388 63 1451 131 ἡ.
1647 88 1689 156 9*

770 264 943 274 --
1028 230 1154 288 361
1249 262 1419 272 ---

183 402 316 454 bium
337 401 632 466 excludere,
669 408 723 454 et
754 399 1083 452 omnimodam
1117 393 1459 453 certitudinem
1494 392 1676 470 parere
1709 405 1762 450 et
1785 391 2002 467 antiquis

187 487 433 558 exemplis
469 495 519 540 et
542 485 757 540 Patrum
792 485 1094 539 testimoniis
1121 485 1289 556 liquet.
1345 484 1432 538 Sic
1457 482 1514 538 S.
1544 480 1862 555 Augustinus
1889 482 2006 536 deli-

188 573 378 627 nitione
400 572 698 645 Apostolica
723 582 902 626 contra
926 570 1233 641 Pelagianos
1257 590 1474 625 cansam
1491 575 1717 642 finitam,
1740 577 2007 640 totamque

189 662 567 713 dubitationem
604 660 866 713 sublatam
901 657 1129 729 prodidit.
1180 657 1312 712 Vide
1338 657 1422 710 lib.
1459 658 1549 711 De
1574 661 1627 710 vi
1647 660 1870 726 primat.
1897 674 2005 727 cap.

192 747 279 800 13.
306 765 356 798 n.
385 747 472 799 50.
512 756 564 800 et
588 745 675 797 51.
727 742 968 797 Similiter
992 741 1049 795 S.
1078 740 1426 809 Caelestinus,
1454 754 1504 798 et
1529 743 1586 798 S.
1613 742 1753 808 Leo,
1789 761 1899 796 cum
1925 743 2009 795 de-

184 832 434 885 finitiones
462 832 749 895 ediderunt,
787 848 916 882 unus
942 839 1119 883 contra
1142 847 1368 884 errorem
1393 829 1652 896 Nestorii,
1680 831 1807 884 alter
1833 839 2012 883 contra

185 918 320 970 illum
346 917 623 991 EutychiS,
651 936 737 971 eas
762 917 836 972 ita
861 925 1048 970 certum
1075 932 1333 968 assensiun
1359 916 1569 987 exigere
1595 917 1928 981 crediderunt,
1954 925 2010 967 ut

186 1005 438 1057 noluerint
473 1006 525 1057 in
558 1005 681 1076 ipsis
714 1002 1038 1075 generalibus
1065 998 1305 1055 Conciliis
1339 1000 1594 1073 Ephesino
1622 1013 1772 1072 atque
1797 1000 2010 1056 Calche-

186 1091 392 1143 donensi
427 1091 486 1143 de
509 1090 817 1162 Apostolicis
842 1087 1051 1142 Judiciis
1090 1088 1435 1158 quaestionem
1471 1089 1663 1142 moveri
1701 1098 1752 1142 et
1777 1089 2008 1160 judicari.

186 1175 315 1230 Vide
340 1176 519 1229 ibidem
544 1194 594 1227 n.
623 1175 710 1230 59.
738 1185 790 1228 et
813 1174 901 1228 66.
954 1173 1089 1227 Idem
1126 1184 1204 1228 est
1237 1174 1297 1227 de
1333 1173 1445 1227 aliis
1472 1174 1682 1228 aliorum
1707 1173 2010 1229 Pontificum

185 1262 551 1314 delinitionibus
571 1261 882 1332 dogmaticiS‚
909 1279 1032 1332 quas
1059 1261 1102 1313 si
1129 1262 1420 1330 quandoque
1445 1281 1576 1315 novo
1598 1262 1824 1315 examini
1848 1262 1899 1314 in
1925 1281 2011 1315 oe-

188 1348 454 1401 cumenicis
480 1349 686 1420 synodis
708 1349 1018 1418 aliquatenus
1038 1348 1214 1418 subjici
1233 1349 1370 1419 passi
1391 1359 1531 1414 sunt3
1561 1367 1662 1401 non
1689 1368 1749 1401 ea
1775 1350 1832 1402 de
1860 1368 2011 1402 causa

188 1435 236 1486 id
261 1435 563 1506 permisere,
601 1435 743 1504 quasi
769 1434 920 1487 licere
947 1435 1208 1487 crederent
1242 1435 1300 1487 de
1325 1435 1498 1488 iisdem
1527 1436 1807 1506 ambigere,
1846 1437 1933 1488 sed
1957 1446 2012 1488 ut

185 1539 317 1574 nova
344 1521 652 1575 discussione
678 1522 960 1574 dubitantes
1001 1531 1086 1573 aut
1110 1532 1450 1592 repugnantes
1478 1521 1722 1586 convicti,
1761 1523 1821 1574 ad
1846 1523 2012 1575 uuita-

187 1618 289 1660 tem
318 1608 707 1675 adducerentur3
744 1618 828 1661 aut
865 1626 1035 1661 eorum
1072 1608 1352 1679 pervicacia
1389 1618 1538 1677 atque
1572 1609 1880 1680 perversitas
1908 1610 2011 1663 evi-

187 1694 383 1746 dentius
420 1693 705 1765 patefieret,
742 1713 805 1746 ne
843 1694 1034 1764 ignaris
1074 1705 1158 1746 aut
1194 1694 1357 1746 minus
1397 1695 1555 1747 cautis
1582 1696 1742 1747 fucum
1768 1697 2010 1750 facerent.

188 1779 411 1832 Unitatis
436 1782 646 1845 bonum,
683 1781 744 1832 ob
783 1782 911 1850 quod
941 1780 1289 1835 vindicandum
1314 1780 1582 1833 Pontificia
1621 1782 1896 1834 auctoritas
1921 1784 2015 1836 fuit

188 1867 446 1931 instituta,
484 1865 702 1919 Romani
728 1867 983 1938 praesules
1010 1867 1083 1919 ita
1107 1877 1369 1938 praestare
1397 1878 1726 1934 censuerunt,
1763 1879 1816 1920 ut
1844 1871 2014 1940 (quod

190 1954 236 2021 ἓ.
266 1954 317 2007 3.
345 1952 650 2023 monuimus)
677 1951 838 2005 media
863 1954 1029 2006 omnia
1056 1955 1150 2006 sibi
1174 1953 1414 2008 tentanda
1440 1954 1705 2019 duxerint,
1743 1973 1812 2007 ex
1839 1957 2013 2025 quibus

192 2040 358 2092 unitas
385 2040 583 2110 sperari
608 2049 804 2110 posset,
844 2040 1039 2092 etiamsi
1066 2041 1260 2109 aliquod
1293 2041 1423 2092 forte
1452 2059 1571 2093 suae
1601 2041 1915 2095 auctoritatis
1943 2044 2016 2095 di-

196 2126 466 2196 spendium,
495 2144 583 2178 seu
609 2125 815 2178 offensio
845 2125 1008 2194 aliqua
1034 2125 1215 2178 exinde
1242 2125 1460 2178 timenda
1477 2126 1729 2179 videretur
1757 2131 1880 2199 apud
1907 2150 2013 2197 θος,

196 2212 278 2280 qui
302 2213 533 2264 fortassis
561 2230 629 2264 ex
655 2231 814 2265 novae
839 2212 982 2283 hujus
1010 2211 1331 2264 discussionis
1358 2213 1663 2282 indulgentia
1689 2214 2016 2285 Apostolicas

192 2298 505 2351 definitiones
533 2317 633 2350 non
660 2299 859 2351 omnino
888 2309 1052 2352 certas
1079 2299 1393 2351 deducerent.
1434 2298 1541 2350 Has
1569 2310 1732 2352 autem
1757 2301 1828 2353 ita
1850 2315 2015 2356 certas

192 2404 281 2455 per
307 2403 362 2437 se
387 2403 442 2437 se
468 2385 744 2437 habueruut
769 2383 1005 2456 Episcopi
1032 2383 1304 2449 Gallicani,
1343 2396 1398 2437 ut
1436 2404 1576 2438 suam
1609 2387 1750 2439 fidem
1777 2387 1827 2439 in
1852 2389 2016 2462 Euty-

191 2471 296 2522 chis
322 2488 470 2523 causa
490 2480 676 2523 certam
708 2472 906 2523 omnino
929 2481 978 2524 et
1000 2472 1286 2523 catholicam
1308 2473 1625 2541 agnoverint,
1654 2492 1722 2525 ex
1741 2493 1835 2543 quo
1856 2476 2015 2547 ipsam

190 2575 298 2609 cum
324 2557 416 2609 fide
443 2575 472 2608 a
491 2554 666 2609 Leone
693 2557 892 2609 definita
919 2558 1211 2610 concordem
1238 2558 1694 2629 deprehenderunt3
1723 2579 1822 2613 non
1850 2574 2015 2616 autem

191 2661 218 2693 e
246 2652 421 2695 contra
446 2643 587 2694 fidem
614 2661 643 2694 a
668 2642 845 2696 Leone
883 2644 1130 2696 definitam
1160 2653 1349 2696 certam
1378 2645 1640 2696 habuerint
1668 2665 1736 2699 ex
1763 2667 1848 2712 eo,
1889 2653 2016 2718 quod

193 2747 300 2779 cum
327 2746 526 2780 suarum
551 2727 891 2780 Ecclesiaruni
927 2730 1019 2782 fide
1055 2730 1361 2782 conveniret.
1414 2729 1543 2783 Vide
1569 2732 1746 2785 ibidem
1773 2753 1822 2784 n.
1853 2736 1937 2789 76.
1969 2748 2018 2789 et

196 2814 279 2867 77.
296 2812 350 2882 *)
402 2813 452 2865 ld
481 2833 549 2866 ex
575 2814 816 2885 principio
846 2815 1176 2883 antiquissimi
1203 2814 1450 2868 Gallicani
1476 2815 1711 2888 Episcopi
1738 2818 1794 2871 S.
1823 2819 2017 2874 Irenaei

194 2899 496 2964 didicerunt,
525 2901 606 2970 qui
631 2901 897 2954 veritatem
925 2903 984 2953 ab
1013 2921 1187 2954 errore
1213 2902 1589 2955 discernendam
1616 2904 1779 2956 docuit
1805 2925 1874 2958 ex
1902 2926 2019 2960 con-

195 2986 363 3037 cordia
391 3005 497 3038 cum
526 2986 757 3039 Romana
783 2987 874 3040 fide
890 3027 903 3051 ,
939 2987 1008 3039 ita
1034 2998 1087 3039 ut
1113 2999 1249 3041 certa
1275 2991 1450 3060 regula
1475 2990 1838 3060 dignoscendae
1863 3013 2017 3047 verae

196 3072 306 3123 fidei
333 3072 398 3124 sit
424 3072 684 3127 Romanae
709 3072 968 3128 Ecclesiae
994 3076 1132 3127 fides.
1175 3073 1300 3128 Cum
1328 3077 1459 3128 enim
1485 3094 1555 3130 ex
1581 3079 1797 3148 ejusdem
1823 3078 2016 3134 Irenaei

194 3158 419 3210 doctrina
444 3178 649 3213 necesse
676 3161 877 3213 omnino
916 3161 981 3213 sit
1008 3180 1180 3213 omnes
1206 3163 1420 3232 undique
1447 3164 1644 3227 fideles,
1686 3175 1734 3216 et
1759 3163 2016 3220 Ecclesias

193 3262 366 3296 omnes
403 3248 707 3300 concordare
757 3265 863 3300 cum
902 3247 1132 3300 Romana
1169 3249 1291 3313 fide3
1345 3249 1556 3301 aliarum
1591 3251 1759 3320 utique
1796 3255 2010 3305 omnium

313 3399 348 3443 ')
381 3400 488 3439 Hinc
522 3401 732 3440 Romanae
766 3401 861 3440 fidei
896 3403 1059 3440 nimium
1093 3414 1172 3440 non
1203 3403 1350 3442 tribuit
1384 3405 1544 3442 (lerson
1587 3406 1626 3443 in
1659 3418 1860 3453 sermone,
1895 3422 2011 3459 quem

195 3458 333 3496 babuit
366 3471 502 3498 coram
535 3459 764 3498 Alexandro
797 3460 872 3503 V..
917 3474 1006 3501 cum
1037 3462 1087 3499 ab
1122 3475 1172 3500 ea
1204 3463 1489 3501 certitudinem
1531 3463 1627 3502 fidei
1667 3467 1884 3516 petendam
1917 3480 2011 3518 pro-

196 3518 415 3559 nuntiavit.
460 3521 495 3559 A
522 3532 604 3571 qua
624 3518 733 3569 fidei
766 3521 972 3560 certitudo
1008 3522 1191 3571 petenda
1223 3526 1300 3566 est.
1354 3522 1478 3562 Tom.
1497 3523 1540 3562 2.
1566 3522 1669 3564 edit.
1694 3526 1845 3577 Dupin.
1876 3540 1914 3577 p.
1936 3529 2018 3566 136
