2314 3984
742 226 1392 286 —345—-—

162 403 356 458 videtur
382 398 717 462 intellexisse,
743 396 815 449 ita
834 406 886 448 ut
905 396 1051 449 iidem
1078 393 1498 448 communicantes
1524 391 1754 458 invicem,
1781 394 1982 448 nihilum

156 489 386 541 obstante
413 485 584 538 eadem
609 483 877 548 sententia,
904 481 956 534 in
980 478 1240 533 Ecclesiae
1276 497 1486 550 corpore
1512 488 1563 531 et
1586 478 1777 532 unitate
1801 481 1983 551 persti-

154 573 324 627 terint.
375 570 517 623 Nihil
542 568 826 639 excogitari
852 567 1109 620 absurdius
1135 565 1312 636 potuit.
1363 564 1471 617 Hac
1497 563 1629 617 enim
1653 564 1705 616 in
1731 567 1981 620 sententia

156 659 237 713 vel
262 654 710 711 excommunicatio
726 653 988 707 Pontificis
1013 652 1065 704 in
1078 651 1324 704 Acacium
1351 653 1554 722 ejusque
1573 651 1843 724 participes
1864 653 1983 717 lata,

158 763 216 798 eo
244 742 372 812 quod
399 741 458 793 ab
483 739 744 794 Ecclesiae
771 757 978 811 corpore
1004 738 1213 810 probata
1238 754 1339 788 non
1362 736 1516 789 fuisse
1543 737 1797 804 credatur,
1835 741 1982 795 irrita

159 830 218 882 ab
245 827 389 879 initio
416 828 776 898 praesumenda
801 835 903 890 est,
933 834 1197 892 antequam
1228 831 1483 875 constaret
1517 823 1575 875 de
1610 821 1870 880 Ecclesiae
1897 847 1984 901 ap-

159 914 454 986 probatione
481 922 629 982 atque
657 929 932 975 consensu,
959 910 1041 963 vel
1066 926 1184 960 non.
1238 905 1337 973 Qui
1362 908 1572 979 primum
1599 910 1735 976 velit‚
1763 912 1808 965 is
1832 915 1982 968 fateri

163 1001 323 1064 debet,
351 1017 545 1051 omnem
572 995 1139 1051 excommunicationem
1167 994 1318 1046 etiam
1336 995 1526 1063 justam
1550 1014 1756 1050 manere
1776 1017 1986 1072 suspen..

162 1105 295 1150 sam,
334 1094 482 1153 atque
520 1083 706 1135 tamdiu
730 1083 830 1136 vim
864 1100 965 1133 non
990 1080 1204 1145 habere,
1243 1079 1472 1148 quamdiu
1499 1081 1559 1132 ab
1585 1079 1846 1137 Ecclesiae
1873 1105 1985 1139 cor-

160 1188 282 1241 pore
308 1178 509 1239 recepta
534 1177 584 1220 et
609 1170 820 1239 probata
844 1185 944 1219 non
973 1166 1064 1218 sit:
1092 1165 1134 1218 si
1163 1164 1293 1218 enim
1315 1174 1432 1218 ante
1451 1167 1795 1236 probationem
1810 1169 1986 1226 Eccle-

162 1256 266 1308 siae
292 1256 484 1319 valeat,
513 1262 562 1305 et
587 1254 1071 1306 excommunicatum
1098 1254 1158 1304 ab
1185 1250 1444 1305 Ecclesiae
1472 1271 1678 1323 corpore
1704 1266 1814 1308 actu
1840 1278 1986 1329 prae-

162 1341 319 1405 cidat3
347 1340 468 1392 nihil
494 1348 588 1404 est,
618 1359 704 1393 cur
732 1341 792 1392 ad
817 1339 917 1393 vim
946 1341 1048 1409 ejus
1074 1337 1334 1391 Ecclesiae
1363 1338 1655 1409 approbatio
1683 1343 1984 1410 requiratur.

162 1425 237 1478 Ita
264 1427 454 1496 quidem
481 1426 792 1495 aliquatenus
820 1425 1008 1477 sentire
1033 1424 1228 1477 videtur
1255 1423 1382 1475 idem
1406 1422 1665 1489 Nicolius,
1702 1445 1809 1479 cum
1838 1429 1987 1484 haud-

151 1531 404 1581 ,quaquam
454 1512 767 1564 dubitandum
819 1529 932 1564 esse
981 1510 1050 1562 ait
1085 1510 1143 1562 de
1182 1510 1777 1566 excommunicationibus
1813 1516 1919 1570 sive
1959 1537 1988 1570 a

166 1597 396 1650 Romano
424 1597 696 1663 Pontifice,
734 1598 840 1651 sive
878 1617 907 1649 a
931 1596 1216 1668 particulari
1244 1597 1464 1668 synoda,
1506 1597 1611 1651 sive
1652 1601 1711 1651 ab
1737 1598 1985 1676 Episcopo

162 1683 308 1747 latis,
358 1685 583 1742 Quando
623 1687 756 1737 haec
765 1687 983 1756 judicia
1011 1722 1201 1734 .....
1244 1685 1492 1752 deinceps
1530 1708 1563 1738 α
1601 1693 1711 1738 totu
1739 1689 1987 1744 Ecclesia

158 1771 391 1837 probata
418 1778 470 1822 et
492 1778 710 1838 recepta
730 1774 981 1838 fuerunt,
1007 1769 1098 1820 hac
1124 1768 1320 1821 ratione
1348 1771 1599 1840 subjecta:
1637 1774 1777 1824 Nam
1804 1777 1906 1828 lzoc
1933 1782 1986 1830 in

164 1876 290 1907 casu
325 1875 431 1907 non
469 1859 610 1908 solus
642 1858 831 1925 Papa,
871 1875 968 1908 nec
1004 1857 1174 1906 solum
1210 1858 1515 1917 concilium,
1561 1865 1655 1910 aui
1687 1861 1989 1931 Episcopus

159 1945 510 2009 particularis
537 1945 628 1995 ille
657 1951 761 2003 est,
790 1946 881 2011 qui
907 1948 1128 2009 separat
1153 1943 1217 1992 ab
1245 1944 1509 2005 Ecclesia,
1537 1965 1667 2013 quos
1695 1966 1987 2004 excommu-

166 2031 336 2089 nicat3
373 2032 469 2080 sed
500 2032 760 2096 inteyrum
795 2047 991 2095 corpus
1020 2028 1295 2079 Ecclesiae
1333 2038 1579 2096 separat,
1620 2039 1671 2082 et
1696 2053 1988 2090 excommu-

166 2117 363 2164 nicatio
401 2116 659 2184 ejusmodi
685 2117 853 2183 >totius
891 2117 1138 2181 corporis
1179 2119 1496 2167 auctoritate
1541 2120 1744 2169 nititur.
1822 2121 1990 2176 Aliter

166 2217 286 2250 vcro
326 2199 635 2251 sentiendum
673 2217 785 2251 esse
825 2198 894 2250 ait
931 2199 989 2251 de
1024 2200 1647 2267 exconununicationibus‚
1689 2208 1878 2272 quando
1908 2211 1991 2262 alii

166 2281 402 2354 Episcopi
430 2284 651 2353 aliaeque
670 2284 927 2337 Ecclesiae
953 2284 1015 2337 iis
1043 2304 1142 2336 non
1171 2286 1518 2352 consentiunt3
1548 2287 1636 2340 has
1665 2290 1796 2342 enim
1822 2293 1864 2344 si
1890 2313 1990 2348 non

169 2369 366 2421 omuino
405 2369 575 2422 irritas
614 2371 853 2435 affirmat,
895 2382 1030 2423 certe
1057 2372 1108 2423 in
1136 2372 1330 2423 dubium
1356 2383 1527 2425 vocat:
1576 2375 1672 2427 Ces
1700 2396 1991 2435 excommu-

166 2459 425 2507 nications
461 2461 606 2507 n’ont
632 2461 793 2524 point
819 2459 902 2508 e'te'
926 2461 1213 2526 requrdees
1253 2479 1447 2511 comn‘ee
1475 2465 1738 2516 certaines
1767 2474 1816 2517 el
1843 2472 1990 2522 indu-

166 2542 402 2593 bitables.
470 2544 592 2593 Hae
633 2547 1202 2596 excommunicationes
1249 2546 1398 2597 haud
1435 2547 1647 2598 habitae
1696 2559 1818 2602 sunt
1862 2562 1991 2606 tam-

167 2646 323 2694 quam
350 2635 525 2678 certae
553 2635 603 2677 et
629 2630 1018 2680 indubitabiles.
1071 2629 1125 2680 Id
1164 2639 1327 2682 autem
1362 2640 1563 2700 praeter
1598 2652 1743 2701 quam
1780 2642 1906 2706 quod
1933 2644 1992 2695 ad

167 2712 431 2763 eludendas
459 2713 999 2765 excommunicationes
1019 2714 1168 2766 etiam
1187 2716 1495 2785 justissimas
1515 2717 1635 2787 ipsis
1657 2740 1849 2790 quoque
1877 2727 1992 2780 hae-

170 2797 336 2849 reticis
363 2797 555 2850 facilem
584 2798 768 2849 aditum
795 2798 983 2868 aperit3
1023 2800 1082 2850 ab
1109 2798 1370 2852 Ecclesiae
1406 2811 1572 2854 mente
1599 2814 1647 2855 et
1672 2810 1824 2876 praxi
1849 2831 1992 2880 quam

168 2883 233 2933 sit
261 2883 469 2935 alienum
486 2923 500 2947 ‚
540 2883 773 2953 perfacile
802 2884 1121 2954 agnoscitur3
1161 2886 1704 2943 excommunicationes
1732 2895 1861 2947 enim
1889 2909 1992 2952 sta-

168 2967 255 3018 tim
282 2985 340 3019 ac
366 2968 495 3020 latae
522 2979 637 3020 sunt
657 3008 670 3032 ‚
706 2970 764 3020 ab
791 2968 1051 3023 Ecclesiae
1091 2989 1300 3042 corpore
1338 2976 1819 3031 excommunicatum
1848 3001 1991 3056 sepa-

168 3071 307 3117 rare,
337 3071 531 3124 semper
551 3054 819 3124 judicatum
844 3056 934 3107 fuit
961 3075 990 3108 a
1017 3057 1298 3121 catholicis,
1327 3068 1380 3109 ut
1406 3077 1469 3111 ne
1494 3058 1753 3117 Ecclesiae
1781 3086 1991 3125 consen-

168 3156 251 3188 sus
278 3138 343 3189 sit
369 3142 726 3210 expectandus.
781 3140 953 3193 Solum
982 3162 1089 3194 cum
1119 3145 1179 3195 ab
1206 3144 1434 3196 inferiori
1462 3147 1628 3216 judice
1653 3150 1911 3221 feruntur,
1949 3161 1992 3211 si

157 3222 310 3291 judici
336 3224 576 3293 superiori
602 3245 700 3279 non
727 3228 1016 3298 probentur,
1045 3230 1260 3281 rescindi
1288 3241 1526 3300 possunt3
1556 3251 1656 3286 non
1677 3247 1840 3291 autem
1861 3243 1990 3298 latae

168 3309 228 3359 ab
254 3308 396 3360 initio
425 3312 816 3380 suspenduntur,
846 3314 1005 3382 quoad
1030 3313 1288 3367 Ecclesiae
1317 3335 1591 3371 consensus
1619 3325 1838 3377 accedat.
1894 3329 1990 3383 Im-

165 3412 243 3444 mo
267 3412 355 3447 uec
383 3414 470 3465 per
497 3398 873 3466 subsequentem
902 3400 1277 3470 appellationem
1308 3405 1700 3473 suspenduntum
1742 3412 1783 3462 si
1811 3416 1887 3467 vel
1914 3417 1989 3468 in-
