2314 3984
874 155 1541 215 ——m—

341 330 466 384 cipiis
495 328 838 372 adversariorum
868 339 1044 369 assensu
1076 327 1270 381 probatis
1300 326 1356 369 de
1385 330 1454 380 vi,
1496 335 1542 373 et
1582 333 1751 374 ratione
1781 332 1998 386 primatus.
2030 334 2138 376 270.

341 394 386 431 et
416 403 535 443 seqq.
583 389 783 432 Innititur
813 389 1036 442 promissis
1066 387 1226 430 Christi
1257 390 1304 432 S.
1325 389 1454 431 Petro
1485 391 1623 442 factis,
1654 407 1763 446 quae
1793 393 1997 436 Romanis
2026 396 2136 436 Pon-

339 451 525 492 tificibus
558 453 648 504 ejus
677 450 996 490 successoribus
1027 462 1054 490 a
1073 449 1245 490 Patrum
1278 449 1510 492 traditione
1540 456 1752 506 aptantur.
1784 455 1890 495 269.
1920 455 2027 499 274.
2059 467 2138 497 nec

339 524 424 552 non
465 512 505 551 ei
546 510 769 550 traditioni
810 523 893 562 qua
923 511 1075 551 Patres
1114 508 1354 550 firmitatem
1395 514 1438 551 et
1477 511 1886 557 indefectibilitatem
1923 515 2140 558 Romanae

339 572 440 612 fidei
480 574 767 614 asseruerunt.
796 571 903 611 279.
965 570 1314 612 Adversariorum
1356 570 1515 622 effugia
1556 577 1702 616 notata
1741 579 1786 615 et
1826 577 2000 628 rejecta.
2032 577 2138 627 267.

337 632 443 674 268.
475 631 580 672 282.
613 631 715 671 illud
749 632 1020 685 praesertim,
1053 643 1134 683 quo
1168 631 1372 682 ejusmodi
1403 632 1601 681 firmitas.
1643 639 1689 676 et
1716 635 2065 677 indefectibilitas
2096 637 2139 677 in

340 691 591 732 definiendis
625 692 931 733 controversiis
962 691 1064 732 fidei
1093 691 1347 732 attribuitur
1377 693 1507 734 seriei
1538 695 1813 745 Pontificum,
1845 709 1927 738 non
1960 698 2139 750 singulis

339 752 633 796 Pontificibus.
664 753 768 796 285.
833 755 1053 798 Quatenus
1090 753 1368 794 infallibilitas
1408 754 1712 797 demonstrata.
1751 757 1856 800 326.
1918 758 2034 798 Nulli
2075 771 2140 799 er-

341 826 462 853 rores
491 813 767 855 Pontificibus
798 814 994 855 attributi
1025 814 1239 868 pertinent
1269 814 1324 854 ad
1356 816 1527 868 proprie
1559 816 1695 857 dictas
1727 816 1994 859 definitiones
2026 818 2142 862 fidei.

340 874 450 914 296.
483 878 527 915 et
558 887 677 927 seqq.
738 875 1037 927 Respondetur
1069 875 1365 928 objicientibus
1396 876 1563 929 plenum
1595 878 1774 931 periculi
1807 890 1903 918 esse
1945 879 2142 921 infallibi-

342 935 507 975 litatem
537 948 746 988 personae
778 935 998 976 Pontificis
1030 936 1280 976 attribuere.
1313 937 1421 978 296.

279 995 463 1036 Joannes
496 995 548 1036 de
582 997 756 1037 Parisiis
787 997 1006 1049 allegatus,
1038 997 1112 1037 40.
1145 997 1252 1036 229.

281 1056 329 1099 S.
358 1054 542 1098 Joannes
573 1058 840 1098 Silentiarius
868 1058 1124 1098 vindicatus.
1154 1057 1259 1100 343.

281 1117 455 1157 Joannis
486 1119 619 1160 XXII.
651 1119 866 1159 sententia
895 1119 947 1159 de
979 1119 1144 1163 visione
1176 1117 1386 1158 beatifica.
1419 1119 1523 1159 317.

283 1178 329 1219 S.
362 1178 528 1218 Irenaei
559 1180 844 1221 testimonium
876 1180 929 1220 de
959 1181 1140 1232 primatu
1165 1179 1478 1232 jurisdictionis
1506 1179 1723 1220 Romanae
1753 1178 1991 1221 Ecclesiae.
2024 1181 2067 1222 9.
2102 1182 2144 1222 in

345 1242 459 1281 nota.
504 1239 639 1279 fusius
679 1241 917 1292 explicatur
961 1241 1064 1282 102.
1113 1244 1156 1280 et
1197 1253 1314 1292 seqq.
1387 1240 1538 1291 Exigit
1578 1241 1780 1280 unitatem
1821 1240 1922 1281 fidei
1963 1242 2143 1283 omnium

345 1299 681 1340 Christianorum
725 1313 817 1340 cum
856 1300 940 1340 fide
979 1301 1184 1340 Romana.
1226 1300 1301 1343 ibi.
1363 1301 1666 1352 Interpretatio
1708 1300 1924 1352 cujusdam
1965 1302 2147 1343 distorta

343 1360 612 1411 expungitur.
646 1361 748 1404 108.

283 1420 527 1461 Jurisdictio
561 1421 735 1473 propria
767 1421 981 1473 primatuS.
1015 1421 1062 1462 V.
1098 1420 1332 1463 Primatus.

283 1481 507 1521 Justiniani
549 1482 835 1522 testimonium
880 1481 932 1521 de
973 1482 1139 1522 unitate
1182 1494 1273 1521 cum
1304 1481 1495 1522 Romana
1527 1480 1644 1521 sede.
1676 1481 1783 1524 212.
1844 1483 2008 1523 Textus
2041 1485 2147 1535 ejus-

348 1541 441 1582 dem
474 1546 642 1582 notatus
676 1555 727 1582 ex
761 1543 941 1595 epistola
970 1543 1255 1596 supposititia.
1297 1543 1373 1586 57.
1405 1543 1446 1583 in
1479 1546 1595 1585 nota.
1637 1543 1741 1583 249.
1772 1543 1816 1583 in
1848 1547 1965 1586 nota.
2027 1544 2150 1585 Haec

348 1603 529 1656 epistola
561 1607 605 1643 et
637 1608 780 1643 cetera
812 1603 1062 1644 documenta
1093 1615 1146 1644 ex
1174 1603 1327 1644 vcodice
1357 1604 1524 1644 Juliano
1557 1604 1720 1644 inserta
1751 1604 1886 1655 gestis
1917 1605 2067 1657 synodi
2098 1604 2149 1648 V.

347 1667 445 1704 sunt
475 1665 641 1708 omnino
674 1665 929 1722 apocrypha.
963 1665 1038 1704 ibi.

286 1762 519 1825 Leibnitii
554 1786 766 1826 Guillelmi
800 1785 1012 1825 sententia
1056 1783 1109 1825 de
1141 1784 1408 1825 institutione
1440 1784 1705 1826 hierarchica
1745 1786 1788 1826 in
1820 1786 2042 1835 Ecclesia,
2084 1799 2151 1826 su—

347 1846 564 1897 premique
595 1847 868 1898 magistratus
893 1847 1001 1898 Juris
1034 1846 1180 1886 divini.
1216 1846 1288 1887 19.

289 1904 336 1944 S.
367 1907 526 1946 Leonis
557 1907 802 1947 testimonia
841 1908 893 1947 de
927 1907 1090 1946 unitate
1135 1907 1435 1947 communionis
1477 1910 1519 1946 et
1559 1906 1659 1946 fidei
1706 1919 1795 1947 sum
1838 1908 1941 1947 sede
1973 1908 2152 1959 Aposto-

349 1967 445 2006 lica.
482 1968 584 2007 182.
619 1972 661 2007 et
693 1981 811 2020 seqq.
873 1969 934 2007 De
970 1968 1103 2019 g'estis
1144 1969 1187 2007 in
1220 1967 1381 2020 synodo
1416 1967 1750 2007 Calchedonensi
1792 1970 1908 2008 circa
1949 1969 2153 2019 dogmati-

349 2040 439 2067 cam
472 2029 560 2079 ejus
589 2029 822 2080 epistolam.
857 2029 959 2068 186.
1011 2028 1131 2073 Quod
1163 2040 1338 2068 examen
1370 2028 1526 2068 ibidem
1558 2040 1801 2068 concessum
1831 2030 1924 2069 sine
1954 2029 2155 2069 libertate

352 2088 633 2129 dissentiendi
665 2102 691 2129 a
724 2089 922 2140 dogmate
944 2089 986 2128 in
1010 2102 1061 2129 ea
1087 2089 1275 2131 definito.
1313 2089 1414 2132 188.
1451 2089 1552 2131 189.
1598 2091 1813 2133 Quatenus
1847 2103 1899 2129 ex
1933 2091 2013 2130 hoc
2045 2102 2153 2130 novo

354 2150 545 2190 examine
576 2150 730 2190 nullum
761 2150 1065 2203 praejudicium
1095 2151 1366 2202 Apostolicae
1408 2150 1656 2190 auctoritati
1688 2151 1863 2190 illatum.
1897 2151 1998 2193 191.
2061 2150 2156 2190 Alia

353 2212 543 2263 exempla
573 2212 616 2250 in
650 2212 836 2251 eamdem
868 2224 955 2251 rem
988 2212 1187 2254 adducta.
1221 2211 1323 2252 192.
1371 2211 1598 2251 Distinctio
1632 2212 1678 2255 S.
1698 2212 1856 2252 Leonis
1889 2212 2001 2251 inter
2033 2211 2157 2252 sedes

353 2274 397 2311 et
428 2272 719 2323 praesidentes
751 2273 975 2325 explicata.
1006 2273 1111 2315 247.

293 2332 384 2371 Lex
405 2334 599 2373 Gratiani
634 2333 685 2374 de
718 2335 1007 2374 communione
1030 2346 1122 2374 cum
1140 2334 1336 2375 Damaso.
1372 2333 1474 2375 134.
1507 2333 1627 2372 Aliae
1649 2332 1766 2383 leges
1786 2334 2034 2385 explicatae.
2055 2332 2157 2375 136.

294 2393 456 2433 Liberii
497 2394 638 2446 lapsus
682 2407 776 2435 num
820 2396 877 2435 sit
920 2399 1076 2437 certus,
1119 2395 1223 2437 301.
1298 2395 1426 2434 Certe
1467 2405 1552 2433 non
1594 2393 1673 2432 fuit
1714 2393 1853 2446 lapsus
1899 2393 2159 2433 definitionis

356 2453 470 2496 fidei.
503 2456 608 2494 303.
672 2456 734 2495 De
767 2457 808 2495 vi
842 2460 884 2496 et
917 2460 1028 2495 metu
1063 2456 1102 2495 ei
1136 2455 1287 2503 illatis,
1330 2455 1480 2506 quibus
1514 2454 1702 2493 definitio
1737 2455 1907 2506 proprie
1941 2455 2053 2493 dicta
2088 2466 2158 2492 ex-

357 2515 553 2557 cluditur.
587 2516 691 2555 305.
756 2517 866 2556 Num
896 2517 1092 2556 Liberius
1125 2515 1417 2555 terminaverit
1448 2514 1781 2553 Macedonianae
1814 2515 2003 2554 haeresis
2035 2527 2159 2565 quae-

355 2576 551 2615 stionem.
587 2576 687 2615 132.
722 2577 762 2615 in
797 2580 912 2615 nota.

293 2635 492 2676 Libertas
526 2637 623 2675 novi
659 2638 861 2678 examinis
895 2639 990 2688 post
1022 2635 1337 2675 irretractabile
1372 2637 1413 2674 et
1447 2635 1664 2674 infallibile
1690 2634 1894 2685 judicium
1920 2636 2011 2675 sine
2037 2635 2160 2675 liber-

355 2700 447 2737 tate
481 2697 775 2739 dissentiendi.
814 2698 914 2739 191.
978 2699 1193 2736 Concessa
1225 2695 1532 2742 dubitantibus,
1567 2699 1640 2735 aut
1673 2697 2004 2748 repugnantibus
2036 2696 2161 2736 liber-

355 2761 424 2797 tas
456 2758 722 2809 disputandi,
758 2761 799 2798 et
832 2771 912 2810 quo
946 2757 1040 2798 fine.
1078 2756 1180 2798 194.

294 2818 414 2860 Libri
446 2832 472 2859 a
504 2819 725 2859 catholicis
758 2820 935 2871 subJecti
962 2818 1126 2870 judicio
1160 2816 1276 2856 sedis
1294 2815 1566 2868 Apostolicae
1596 2819 1736 2856 mente
1758 2817 2023 2869 obsequenti.
2058 2817 2162 2857 156.

360 2880 463 2920 176.
529 2881 659 2924 Quam
692 2881 861 2920 diverso
897 2880 1075 2920 consilio
1107 2879 1160 2918 ab
1194 2876 1425 2918 haereticis
1458 2876 1653 2919 exhibiti.
1690 2878 1794 2918 157.

295 2941 489 2982 Litterae
513 2940 754 2991 formatae,
787 2954 862 2981 seu
895 2937 1126 2993 pacificae,
1157 2939 1307 2992 quibus
1339 2939 1573 2978 communio
1607 2938 1916 2979 Ecclesiastica
1957 2937 2161 2976 formaba-

357 3004 440 3043 tur.
472 3002 546 3042 63.

295 3061 506 3102 Lutherus
537 3062 637 3116 quid
668 3062 850 3103 senserit
884 3062 936 3101 de
968 3061 1165 3114 primatu.
1202 3059 1272 3101 18.
1309 3059 1379 3102 19.

298 3184 347 3224 Ρ.
388 3163 681 3226 mabillonii
715 3183 767 3222 de
801 3183 916 3224 cultu
949 3194 1163 3222 sacrarum
1195 3181 1423 3233 imaginum
1454 3179 1683 3219 sententia.
1716 3179 1820 3220 217.
1854 3178 1960 3218 218.

298 3246 344 3286 S.
379 3243 656 3285 Macedonius
687 3245 771 3288 ΟΡ.
816 3257 890 3284 cur
934 3243 1160 3298 impeditus
1203 3255 1229 3282 a
1262 3241 1551 3283 communione
1595 3239 1710 3279 sedis
1746 3239 2026 3291 Apostolicae.
2061 3238 2164 3280 339.

295 3305 695 3407 Μαῗὲἒὸηιίῗιηῐὲῖξιῗι.)
728 3378 846 3407 error
878 3365 993 3405 circa
1025 3365 1231 3418 Spiritum
1265 3364 1466 3403 Sanctum
1497 3374 1580 3402 non
1615 3376 1639 3402 a
1671 3362 1843 3403 Liberio
1862 3391 1872 3410 ,
1922 3359 1998 3400 sed
2029 3371 2052 3399 a
2087 3358 2167 3399 Da-

360 3439 476 3466 maso
511 3428 629 3479 Papa
660 3428 939 3480 proscriptus.
974 3427 1078 3468 132.
1112 3426 1154 3465 in
1187 3427 1302 3466 nota.

295 3486 582 3540 Maimburgus
612 3487 857 3531 Ludovicus
888 3487 1113 3550 allegatus.
1147 3486 1192 3527 9.
1223 3485 1296 3526 36.
1329 3484 1404 3527 46.
1439 3483 1540 3526 124.
