2314 3984
963 179 1627 238 *350*

510 350 634 403 Jam
675 350 827 418 apud
862 351 992 400 istos
1021 366 1093 399 ex
1123 348 1356 402 Patrum
1381 353 1676 403 traditione
1713 358 1766 403 et
1784 351 2091 413 catholicae-
2120 352 2220 403 Ec-

362 439 559 491 clesiae
586 438 841 489 doctrina
867 441 1072 488 certum
1099 442 1178 488 est
1193 435 1522 506 Pontificum
1538 437 1908 491 Romanorum
1926 442 2222 508 primatum

362 546 396 577 a
431 525 647 576 Christo
678 525 855 592 fuisse
882 517 1180 575 institutum
1207 523 1273 575 ob
1300 525 1708 577 custodiendam
1744 529 1799 577 in
1827 532 1942 578 tota
1970 527 2221 579 Ecclesia

362 615 636 665 unitatem.
701 611 832 664 Cum
853 629 1029 679 porro
1056 612 1236 662 unitas
1264 611 1545 664 Ecclesiae
1568 615 1782 681 potior,
1823 633 1960 682 quae
1987 617 2222 666 maa-ime

363 699 741 751 conservanda
776 705 882 759 est,
922 700 993 750 sit
1016 701 1196 752 unitas
1216 700 1377 768 fidei3
1417 706 1622 752 certum
1655 703 1870 768 pariter
1911 720 2022 753 esse
2049 703 2222 763 debet,

361 791 536 857 ipsum
565 789 861 855 primatum
893 789 1068 855 fuisse
1107 787 1402 837 institutum
1441 786 1507 838 ob
1546 789 1976 839 conservandam
2008 793 2222 857 potissi-

363 895 504 928 mum
524 878 578 926 in
601 881 714 927 tota
730 875 982 927 Ecclesia
1001 876 1260 926 unitatem
1282 875 1427 943 fidei.
1465 876 1847 928 Dissensiones
1875 878 2024 929 circa
2039 880 2222 946 fidem,

363 983 502 1035 quae
554 965 681 1016 dum
731 965 786 1015 in
831 969 1024 1031 partes
1065 963 1338 1023 divid-unt,
1384 966 1777 1036 praejudicant
1820 966 2037 1025 unitati,
2089 985 2223 1018 com-

354 1054 667 1123 pescendae
694 1057 832 1112 sunt,
859 1057 919 1102 ut
942 1053 1121 1103 unitas
1149 1051 1488 1103 custodiatur
1516 1059 1568 1104 et
1592 1058 1937 1105 conservetur
1964 1056 2019 1105 in
2041 1055 2225 1108 Eccle-

365 1144 461 1193 sia.
506 1140 630 1192 Hae
659 1145 834 1191 autem
861 1144 922 1190 ut
945 1144 1375 1206 compescantur,
1403 1146 1457 1191 et
1467 1142 1829 1208 provideatur
1851 1143 2048 1193 unitati
2067 1145 2226 1212 fidei,-

363 1227 763 1299 definitionibus
802 1227 1121 1295 domnaticis
1159 1225 1398 1294 legyitima
1434 1231 1759 1280 auctoritate
1797 1230 1954 1282 editis
1994 1232 2226 1299 efficien-

363 1319 490 1369 dum
517 1321 612 1367 est.
667 1313 794 1364 Non
822 1312 978 1362 aliud
1002 1313 1234 1364 medium
1262 1313 1524 1375 Concilia,
1549 1334 1658 1366 non
1687 1318 1842 1370 aliud
1866 1319 2054 1369 summi
2082 1317 2225 1368 Pon-

364 1407 532 1475 tifices
568 1408 664 1454 aut
690 1401 957 1469 Episcopi
986 1405 1215 1468 praesto
1244 1399 1455 1452 liabent.
1510 1401 1675 1455 Hanc
1713 1408 2088 1456 auctoritatem
2118 1404 2226 1456 Ro-

364 1494 536 1544 manis
580 1489 935 1558 Pontificibus
976 1493 1280 1555 competere
1315 1506 1424 1539 non
1463 1498 1666 1559 neyant
1696 1494 2029 1553 adversarii,
2069 1495 2227 1543 immo

356 1581 693 1650 praecipuas
729 1583 920 1645 partes
960 1577 1150 1627 iisdem
1186 1575 1502 1630 tribuendas
1521 1583 1657 1650 jure
1676 1583 1948 1648 primatus
1975 1581 2119 1632 ultro
2141 1583 2228 1648 fa-

363 1674 559 1721 tentur.
597 1666 876 1725 Quaenam
903 1683 1030 1716 vero
1060 1670 1112 1714 et
1138 1664 1314 1732 qualis
1342 1669 1639 1718 auctoritas
1668 1670 1800 1737 ipsis
1828 1670 2032 1721 tradita
2055 1671 2231 1737 fuerit

367 1778 396 1809 a
436 1756 651 1807 Christo
680 1756 736 1804 in
764 1753 1082 1804 decidendis
1111 1757 1494 1806 controversiis
1516 1757 1665 1824 fidei,
1693 1776 1811 1808 cum
1833 1759 2127 1826 primatum
2156 1760 2229 1808 in-

366 1847 537 1898 stituit
574 1843 638 1893 ob
679 1841 1084 1892 custodiendam
1125 1846 1177 1891 et
1200 1843 1583 1894 vindicandam
1610 1847 1664 1895 in
1693 1852 1805 1896 tota
1835 1845 2084 1896 Ecclesia
2111 1847 2229 1895 uni-

365 1940 527 1986 tatem
564 1930 849 1995 (Bossueti
887 1928 1049 1980 verba
1089 1935 1214 1979 sunt
1251 1948 1322 1981 ex
1350 1931 1440 1981 lib.
1474 1929 1559 1983 10.
1591 1933 1663 1983 al.
1699 1931 1782 1984 15.
1812 1933 2043 2001 Defens.
2073 1953 2116 1986 c.
2146 1930 2228 2003 l.)

367 2019 592 2073 maxime
619 2017 672 2070 in
700 2016 824 2077 fide,
851 2035 993 2068 nunc
1022 2018 1414 2084 explicandum
1441 2026 1492 2071 et
1516 2023 1946 2073 constituendum
1974 2029 2063 2074 est.

1238 2199 1286 2268 g.
1326 2199 1365 2253 1.

801 2337 1111 2394 PRIMA
1174 2337 1808 2414 PROPOSI'FIO.x

367 2482 651 2541 Pontificia
685 2486 993 2534 auctoritas,
1044 2485 1283 2527 instituta
1318 2483 1378 2528 ob
1407 2483 1565 2541 finem
1605 2487 1986 2533 conservandae
2018 2491 2234 2533 unitatis

366 2548 595 2589 maxime
640 2546 694 2587 in
736 2542 864 2600 lide,
918 2558 1023 2586 esse
1066 2541 1211 2646 debit
1248 2558 1441 2648 perlse
1481 2546 1745 2605 sufficiens
1791 2549 1862 2593 ad
1900 2548 2036 2593 hunc
2076 2547 2233 2606 linem

1136 2617 1162 2647 o
1201 2606 1360 2648 tinen(
1379 2620 1481 2649 um.

516 2722 684 2776 Nemo
711 2722 762 2774 id
787 2740 980 2793 negare
1008 2732 1178 2794 potest
1205 2732 1293 2775 aut
1318 2723 1370 2775 in
1397 2723 1595 2777 dubium
1623 2744 1887 2781 revocare.
1936 2725 2232 2783 Communis

370 2812 503 2866 enim
532 2821 583 2866 et
611 2811 737 2884 apud
764 2829 940 2864 01111165
968 2821 1110 2864 certa
1136 2811 1366 2864 doctrina
1393 2821 1501 2879 est,
1540 2812 1705 2867 Deum
1722 2855 1735 2881 ‚
1765 2834 1874 2869 oum
1904 2815 2119 2886 aliquem
2147 2815 2236 2869 eli-

370 2902 444 2974 git
473 2900 533 2953 ad
559 2899 857 2972 dignitatem
883 2900 966 2954 vel
992 2899 1207 2953 officium
1236 2900 1433 2971 aliquod
1461 2900 1515 2953 in
1535 2901 1753 2973 aliquem
1773 2903 1940 2969 finem,
1968 2913 2235 2975 praestare

371 2990 523 3044 etiam
550 2988 710 3042 eidem
737 2987 930 3054 media,
968 3006 1096 3058 quae
1135 2989 1193 3040 ad
1230 2988 1392 3060 ipsum
1432 2991 1581 3042 finem
1619 2992 2020 3060 consequendum
2061 3010 2152 3062 per
2180 3009 2235 3044 se

371 3079 475 3132 sint
514 3087 633 3152 apta
668 3086 719 3131 et
745 3075 1062 3130 sufficientia.
1117 3072 1217 3143 Qui
1245 3076 1479 3129 nimirum
1507 3077 1642 3130 serio
1670 3079 1776 3133 vult
1802 3079 1977 3144 finem,
2017 3078 2116 3131 nisi
2143 3078 2236 3131 im-

370 3177 552 3240 potens
594 3176 681 3219 aut
715 3165 1028 3237 improvidus
1069 3163 1138 3217 sit
1173 3164 1426 3237 (quorum
1467 3175 1701 3218 neutrum
1754 3165 2028 3221 convenire
2067 3175 2235 3239 potest

372 3254 544 3327 Deo),
570 3255 680 3309 vult
707 3253 854 3306 simul
880 3252 1042 3306 media
1069 3253 1370 3307 sufficientia
1397 3253 1457 3306 ad
1485 3253 1651 3306 finem.
1706 3252 1830 3306 Non
1856 3253 2110 3307 discordat
2135 3252 2179 3306 F
2184 3272 2236 3306 6-

374 3343 613 3396 bronius:
652 3343 802 3395 11111110
842 3340 892 3393 111
927 3340 1222 3394 necessario
1260 3340 1487 3411 sequitur
1515 3360 1581 3395 ex
1610 3342 1692 3396 illo
1722 3341 1944 3414 ejusdem
1970 3340 2233 3413 principio,

375 3431 508 3501 quod
547 3430 750 3484 0111111110
787 3428 1122 3483 indubitatum
1159 3428 1300 3502 ponit
1338 3447 1446 3501 cap.
1477 3430 1528 3482 2.
1566 3428 1612 3496 ἓ.
1641 3429 1695 3483 4.
1782 3429 1912 3482 Cum
1947 3431 2236 3498 yenuinum
