2320 3990
696 230 1343 289 ——103—--

114 406 269 458 datae
307 410 359 455 et
392 403 712 454 constitutae
736 402 992 453 ecclesiae
1019 418 1132 453 eam
1146 438 1163 461 ‚
1198 417 1358 470 quam
1383 399 1542 452 habet
1563 397 1631 453 ab
1655 394 1930 465 Apostolis

114 490 454 542 traditionem
478 496 532 541 et
553 491 920 542 annuntiatam
946 486 1240 541 hominibus
1252 487 1417 556 fidem
1426 503 1533 554 per
1550 486 1930 545 successionem

115 575 504 644 Episcoporam
539 578 828 627 venientem
865 590 1028 642 usque
1053 573 1130 625 ad
1150 589 1278 630 nos,
1315 572 1613 624 indicantes
1650 571 1930 638 confandi-

113 679 223 714 mus
259 679 435 714 omnes
473 679 560 712 eos
577 701 590 720 ,
636 664 727 729 qui
773 659 1144 728 quoquomodo
1204 657 1292 708 vel
1323 674 1428 724 per
1478 659 1563 708 sui
1602 658 1931 723 placentiam

114 749 333 807 malam,
382 749 468 799 vel
513 764 704 798 vanam
747 746 1004 815 yloriam,
1028 743 1116 794 vel
1153 759 1259 810 per
1308 745 1616 795 caecitatem
1651 749 1704 792 et
1737 743 1929 794 malam

112 835 448 892 sententiam,
478 840 862 900 praeterquam
898 836 1140 897 oportet,
1177 830 1454 896 colliyunt.
1505 824 1638 880 Dein
1686 846 1808 883 vero
1848 846 1931 882 ra-

114 917 297 970 tionem
347 919 587 970 allaturus
611 956 627 982 ‚
686 933 775 969 cur
833 932 903 968 ex
963 914 1104 984 hujus
1154 913 1477 985 Apostolicae
1526 911 1782 967 Ecclesiae
1843 932 1931 985 po-

117 1003 245 1068 tiuS,
281 1021 424 1073 quam
452 1021 522 1056 ex
559 1002 767 1056 aliarum
802 1000 1071 1053 traditione
1108 1018 1166 1053 ac
1191 1000 1284 1052 fide
1310 999 1589 1053 haereticos
1616 1010 1666 1053 et
1691 1001 1930 1054 haereses

112 1089 470 1158 dignoscendas
497 1096 642 1156 atque
670 1086 1038 1140 confundendas
1062 1085 1396 1159 proposuerit,
1422 1085 1685 1156 primatum
1712 1088 1930 1157 ejusdem

110 1172 372 1227 Romanae
409 1172 649 1227 ecclesiae
687 1172 938 1244 proprium
978 1173 1148 1236 affert,
1188 1174 1324 1244 cujus
1358 1172 1671 1243 praecipuum
1704 1173 1788 1243 jus
1814 1172 1930 1224 illud

111 1277 221 1314 csse
250 1260 500 1323 declarat,
537 1267 591 1310 ut
618 1275 726 1311 cum
763 1276 824 1312 ea
862 1277 1035 1312 omnes
1074 1259 1288 1329 undique
1315 1258 1586 1312 catholicae
1613 1259 1853 1312 ecclesiae
1878 1259 1931 1311 in

110 1347 277 1400 eadem
302 1346 472 1415 utique
497 1345 590 1398 fide
616 1345 885 1398 convenire
901 1386 915 1410 ,
943 1364 1031 1399 seu
1061 1346 1368 1398 concordare
1394 1345 1623 1398 debeant.
1678 1345 1769 1397 Aa
1792 1347 1930 1398 Itane

112 1436 245 1484 enim
273 1434 593 1490 Ecclesiam,
619 1431 805 1499 inquit,
838 1439 1067 1500 propter
1089 1435 1447 1499 potentiorem
1465 1435 1931 1500 principalitatem.

110 1538 318 1571 necesse
346 1526 423 1570 cst
448 1535 648 1568 omnem
675 1520 955 1570 convenire
983 1518 1297 1578 Ecclesiam,
1324 1519 1424 1570 hoc
1451 1525 1530 1570 est
1554 1537 1669 1580 eos,
1695 1523 1789 1589 qui
1811 1529 1935 1572 sant

110 1606 342 1672 undique
361 1604 578 1672 fideles.-
613 1612 667 1654 ut
693 1603 881 1656 scilicet
916 1621 985 1656 ex
1022 1603 1111 1655 hac
1150 1604 1440 1668 concordia,
1477 1622 1566 1656 seu
1602 1605 1794 1658 imitate
1818 1606 1930 1658 fidei

110 1706 218 1741 cum
254 1688 346 1740 fide
371 1687 606 1740 Romana
645 1687 985 1752 discernatur,
1023 1706 1265 1756 quaenam
1303 1690 1572 1754 ecclesiae,
1610 1691 1690 1743 vel
1728 1691 1929 1759 quinam

108 1771 383 1828 Christiani
432 1783 636 1826 teneant
684 1791 857 1826 veram
901 1773 1044 1826 fidem
1081 1792 1349 1844 veramque
1387 1771 1579 1828 Christi
1628 1776 1929 1830 doctrinam:

109 1861 232 1912 alias
259 1861 301 1912 si
327 1860 409 1929 qui
434 1860 733 1925 discordent,
761 1877 932 1912 eorum
959 1860 1185 1912 doctrina
1211 1860 1408 1914 haeresi
1434 1861 1714 1932 deputetur.
1772 1865 1928 1917 Prin.-

109 1950 397 2015 cipalitatis
423 1964 602 1999 nomen
629 1945 712 2017 (ut
737 1946 919 2018 optime
946 1947 1161 2000 advertit
1185 1945 1502 2018 Ducaugius)
1530 1967 1620 2020 pro
1648 1950 1929 2022 principatu

108 2034 187 2086 vel
211 2033 427 2103 primatu
453 2043 703 2103 acceptum
727 2033 879 2101 liquet
899 2048 967 2084 ex
993 2031 1309 2085 Tertulliano
1329 2035 1416 2086 De
1437 2039 1613 2087 anima
1642 2055 1683 2088 c.
1702 2035 1788 2089 13.
1843 2037 1932 2089 Ad

112 2121 212 2170 lzoc
248 2122 510 2186 dispicere
549 2127 791 2186 superest
814 2121 1200 2186 principalitas
1251 2122 1343 2171 abi
1389 2129 1492 2181 est,
1539 2124 1677 2173 idest
1714 2127 1806 2190 qui
1843 2128 1931 2174 cai

105 2213 338 2272 praeest.
411 2203 541 2255 Hinc
581 2202 824 2273 Remgius
863 2203 1326 2257 Autissiodorensis
1365 2205 1416 2256 iu
1456 2203 1698 2258 Cantica:
1756 2208 1932 2275 Caput

111 2311 236 2360 erqo
266 2293 537 2343 Ecclesiae
563 2292 946 2357 principalitas
987 2295 1174 2342 mentis
1208 2293 1540 2360 intelli-qitzar.
1593 2289 1662 2344 Et
1686 2292 1737 2343 in
1763 2293 1927 2345 libello

109 2395 307 2447 precum
332 2373 615 2428 Marcellini
651 2384 702 2427 et
725 2373 959 2427 Faustini
985 2376 1046 2427 ad
1072 2374 1482 2429 Valentinianum
1520 2387 1669 2447 atque
1696 2378 1928 2432 Theodo-

110 2463 260 2526 sium,
311 2463 525 2515 Vestrae
550 2464 967 2529 principalitatis
996 2465 1288 2530 imperium.
1341 2462 1507 2515 Porro
1526 2469 1928 2533 principalitas,

109 2568 195 2602 seu
221 2548 459 2619 primatus
485 2547 746 2600 Romanae
773 2547 1013 2601 ecclesiae
1031 2587 1044 2611 ,
1081 2549 1161 2601 vel
1187 2549 1345 2613 sediS,
1373 2568 1520 2619 quam
1548 2560 1597 2603 et
1623 2549 1680 2603 S.
1711 2548 1929 2623 Cypria-

111 2653 202 2686 nus
229 2634 402 2704 (epist.
430 2633 547 2703 55.)
580 2636 939 2701 principalem
972 2634 1200 2687 similiter
1225 2646 1401 2699 vocat,
1435 2641 1707 2704 potentior
1737 2639 1796 2690 ab
1823 2637 1902 2690 Ire
1931 2630 1934 2634 ⁸

31 2775 34 2778 ,
111 2736 238 2769 naeo
265 2717 440 2770 dicitur
458 2758 471 2781 ,
499 2729 553 2770 ut
578 2719 818 2788 primatus
844 2737 944 2770 non
971 2720 1096 2771 meri
1121 2721 1310 2773 ordinis
1337 2731 1388 2774 et
1415 2723 1643 2787 honoriS,
1672 2725 1758 2776 sed
1784 2743 1926 2795 prae-

111 2805 282 2875 cipuae
312 2804 674 2874 jurisdictionis
709 2804 1032 2874 significetur.
1105 2803 1234 2856 Cum
1271 2824 1541 2875 ergoeam
1580 2809 1681 2861 vim
1720 2810 1926 2861 imitatis

110 2890 159 2940 in
186 2890 405 2942 eamdem
444 2891 585 2942 fidem
621 2890 873 2958 cogendae
903 2897 1133 2958 propter
1165 2895 1522 2958 potentiorem
1552 2898 1925 2962 principalita-

108 2983 207 3027 tem
222 2974 483 3027 Romanae
509 2975 746 3027 ecclesiae
771 2975 984 3027 tribuat:
1013 2976 1327 3047 praecipmuu
1356 2978 1557 3048 hujusce
1582 2980 1823 3050 primatus
1843 2983 1925 3052 jus

108 3059 158 3110 in
185 3060 372 3112 unitate
397 3060 506 3113 fidei
533 3062 594 3112 ab
622 3061 849 3114 omnibus
875 3064 1107 3131 undique
1135 3063 1357 3115 fidelibus
1385 3073 1435 3116 et
1460 3065 1683 3118 ecclesiis
1711 3067 1924 3137 exigen-

111 3144 170 3194 da
197 3146 484 3198 collocatum
522 3165 764 3218 expresse
801 3148 960 3200 docet.
1013 3146 1302 3200 Notandum
1339 3159 1416 3201 est
1453 3161 1641 3215 autem,
1680 3153 1810 3221 quod
1846 3154 1923 3207 vis

111 3229 231 3281 haec
259 3231 483 3286 coactiva
506 3231 711 3284 unitatis
750 3233 861 3286 fidei
899 3252 1007 3286 cum
1034 3234 1124 3286 fide
1151 3225 1414 3288 Romanae
1441 3237 1680 3290 ecclesiae
1716 3256 1814 3290 non
1842 3258 1922 3292 re—

108 3316 263 3368 fertur
290 3316 340 3367 in
366 3334 538 3387 puram
564 3327 614 3369 et
632 3319 898 3387 genuinam
924 3321 1141 3391 ejusdem
1167 3320 1409 3374 ecclesiae
1430 3322 1768 3389 traditionem,
1795 3344 1921 3394 quae

109 3418 260 3469 aeque
286 3421 410 3472 pura
438 3421 495 3455 ac
520 3402 736 3472 genuina
760 3404 811 3458 in
839 3406 950 3458 aliis
977 3405 1286 3476 Apostolicis
1312 3407 1508 3461 sedibus
1534 3428 1624 3481 per
1651 3409 1696 3461 id
1725 3420 1918 3482 tempus

112 3494 302 3552 poterat
328 3487 558 3552 inveniri,
585 3508 760 3560 ex.gr.
789 3491 839 3544 in
857 3490 1128 3563 Ephesina.
1157 3502 1202 3544 et
1219 3490 1536 3564 Smyrncnsi,
1564 3514 1687 3565 quas
1714 3497 1919 3549 subinde
