2314 3984
947 167 1608 230 -ssgoffl

351 346 551 391 textum
577 335 1029 401 animadvertimus
1043 353 1156 408 cap.
1186 335 1275 391 13.
1298 355 1354 390 11.
1370 338 1479 405 151,
1504 341 1590 394 uhi
1625 341 1780 395 etiam
1806 341 2050 412 objectum
2079 339 2206 393 resi-

354 424 575 480 stentiae
601 423 824 496 ejusdem
848 419 1032 478 Sancti
1057 432 1238 478 contra
1264 424 1520 479 decretum
1531 425 1787 501 Stephani
1813 429 1873 483 de
1899 447 2002 482 non
2028 429 2204 499 rebap-

352 512 571 566 tizandis
596 509 915 571 venientibus
941 510 1002 564 ab
1029 510 1261 578 haeresi,
1287 512 1371 567 vel
1395 512 1671 569 schismate
1692 516 1997 589 disjecimus,

499 597 559 653 S.
586 599 934 671 Hieronymus
958 598 1045 652 lib.
1073 601 1124 653 2.
1152 600 1206 654 in
1235 599 1473 654 Rufinum
1498 619 1550 654 n.
1590 603 1688 656 12>
1729 602 2015 658 Romanam
2041 603 2202 666 fidem,

353 706 503 758 quam
529 687 752 743 laudavit
775 685 834 742 S.
863 685 1087 756 Paulus,
1114 708 1208 744 nec
1234 689 1421 763 decipi,
1457 707 1552 744 nec
1586 691 1773 744 mutari
1809 710 1978 764 posse.
1986 709 2207 764 pronun-

349 775 518 831 tiavit.
556 778 706 830 Scito
736 775 1042 830 Romanam
1059 779 1223 849 fidem
1247 777 1709 849 Apostolieavoee
1733 780 2012 832 laudatam
2037 783 2207 832 istius-

352 867 504 918 modi
521 868 856 935 praestiyias
891 885 1002 918 non
1026 870 1287 936 recipere.
1317 868 1548 920 Etiamsi
1572 868 1796 937 anyelus
1823 869 1984 920 aliter
2010 885 2209 918 annun-

354 955 478 1016 tiet,
505 973 664 1024 quam
687 955 856 1007 semel
869 956 1254 1023 praedicatum
1282 964 1389 1019 est3
1421 956 1590 1008 Pauli
1609 958 1933 1008 auctoritate
1958 956 2213 1007 munitam

354 1061 464 1094 non
494 1042 758 1095 POSSE
778 1047 990 1096 mutari.
1042 1042 1100 1096 In
1128 1043 1343 1116 epistola
1370 1043 1431 1096 ad
1456 1041 1735 1096 Damasum
1762 1042 1989 1097 scribens
2006 1081 2020 1107 ,
2048 1039 2214 1111 Apud

357 1149 449 1183 eos
475 1132 621 1184 solos
648 1133 971 1202 incorrupta
1001 1133 1233 1186 Patrum
1259 1140 1507 1185 servatur
1536 1133 1837 1191 hereditas,
1870 1129 2015 1183 fidem
2054 1148 2085 1181 a
2110 1127 2212 1182 Pe-

357 1227 438 1270 tro
467 1228 518 1271 et
543 1218 923 1272 successorihus
948 1218 1186 1273 traditam
1214 1220 1268 1272 in
1282 1219 1518 1274 Romana
1538 1220 1657 1273 sede
1682 1228 1877 1271 tantum
1898 1222 2211 1287 incorrupte

359 1304 658 1358 custoditam
685 1305 954 1375 significat.

502 1391 803 1445 Bachiarius
830 1392 883 1444 in
908 1392 1168 1465 Apologia
1192 1393 1253 1446 de
1290 1393 1414 1456 fide,
1454 1411 1603 1463 quam
1637 1391 1953 1445 Muratorius
1989 1391 2216 1462 vulgavit

357 1479 459 1552 (T.
488 1480 540 1532 ²2.
569 1480 821 1534 Anecdot.
850 1477 1036 1553 Lat),
1065 1481 1289 1535 eamdem
1317 1479 1584 1534 Romanae
1611 1479 1880 1534 cathedrae
1906 1479 2215 1533 indefectibi-

359 1569 550 1622 l'itatem
575 1569 628 1621 in
655 1569 748 1622 fide
774 1577 1012 1622 testatur.
1072 1571 1137 1622 Si
1152 1589 1264 1639 pro
1301 1571 1467 1639 culpa
1501 1572 1660 1622 unius
1699 1571 1861 1621 totius
1899 1572 2216 1638 provinciae

358 1658 759 1711 anathemanda
780 1660 1062 1728 generatio
1092 1666 1172 1711 est
1182 1679 1199 1722 ,-
1227 1661 1511 1711 damnetur
1538 1665 1591 1710 et
1614 1659 1715 1710 illa
1729 1658 2035 1710 beatissima
2062 1659 2216 1710 disci-

356 1748 523 1816 pula,
550 1747 654 1799 Izoc
681 1753 786 1808 est,
816 1746 1024 1808 Roma,
1063 1748 1132 1799 de
1168 1767 1276 1818 qua
1311 1767 1452 1800 nunc
1487 1765 1596 1798 non
1634 1765 1770 1807 una,
1814 1748 1912 1798 sed
1943 1749 2108 1807 duae,
2133 1747 2220 1798 vel

357 1842 498 1895 tres,
525 1842 620 1887 aut
645 1853 706 1886 eo
734 1837 966 1904 amplius
994 1836 1244 1888 haereses
1267 1836 1645 1904 pullularunt5
1674 1841 1726 1886 et
1750 1841 1925 1886 tamen
1952 1836 2106 1887 nulla
2134 1853 2215 1886 ea-

359 1942 480 1981 rum
504 1923 822 1976 cathedram
855 1924 1033 1985 Petri,
1060 1924 1163 1976 hoc
1190 1931 1292 1985 est,
1331 1926 1510 1977 sedem
1540 1925 1675 1993 fidei
1700 1930 1795 1976 aut
1818 1930 1999 1975 tenere
2023 1925 2217 1992 potuit,

362 2018 458 2069 aut
482 2030 707 2068 movere,

510 2098 867 2156 Theodoretus
895 2099 1043 2172 epist.
1087 2098 1211 2156 116.
1251 2098 1313 2152 ad
1349 2097 1607 2152 Renatum
1646 2097 1915 2152 Romanae
1952 2095 2219 2151 Ecclesiae¹

362 2187 717 2260 presbyterum
745 2186 1101 2240 intemeratam
1140 2195 1191 2240 et
1226 2185 1572 2260 incorruptam
1606 2185 1874 2240 Romanae
1909 2185 2041 2239 sedis
2074 2185 2219 2238 fidem

363 2294 435 2330 ex
461 2275 680 2348 primatu
706 2275 914 2329 eliciens
931 2316 944 2342 ‚
973 2274 1206 2348 scripsit:
1236 2276 1420 2329 Habet
1441 2279 1778 2330 sanctissima
1805 2277 1903 2328 illa
1941 2277 2093 2327 sedes
2122 2275 2220 2327 Ee-

362 2368 679 2426 clesiarum‚
707 2385 844 2436 quae
871 2368 926 2416 in
953 2372 1065 2417 toto
1093 2372 1218 2417 sunt
1254 2367 1409 2427 orbe,
1438 2368 1809 2435 principatum
1847 2365 2024 2416 multis
2059 2366 2222 2415 nomi·

362 2456 543 2508 nibus.-
573 2462 734 2524 atque
762 2461 884 2505 ante
912 2454 1242 2505 haecomnia
1269 2455 1418 2521 quod
1435 2454 1501 2504 ab
1530 2454 1805 2504 haeretica
1833 2453 1951 2503 labe
1977 2454 2221 2503 immunis

364 2545 588 2602 mansit,
623 2560 722 2592 nec
764 2541 904 2592 ullus
939 2542 1075 2610 fidei
1112 2542 1398 2591 contraria
1438 2543 1669 2592 sentiens
1709 2542 1764 2591 in
1802 2558 1866 2591 ea
1912 2539 2079 2599 sedit,
2127 2539 2225 2589 sed

367 2629 736 2699 Apostolicam
758 2631 997 2698 qratiam
1023 2630 1289 2697 inteyram
1315 2631 1665 2680 conservavit.

511 2717 566 2769 Id
591 2734 887 2789 persuasum
915 2714 1072 2768 fuisse
1098 2715 1338 2785 antiquae
1376 2714 1641 2768 Romanae
1678 2713 1942 2768 Ecclesiae
1969 2712 2127 2782 liquet
2153 2730 2223 2765 ex

365 2805 712 2859 vetustissimo
740 2801 1157 2857 Sacramentario
1185 2801 1379 2856 Leonis
1408 2803 1613 2856 nomine
1639 2803 1692 2855 in
1717 2802 1875 2875 priori
1903 2800 2122 2855 editione
2146 2799 2224 2852 in-

367 2894 556 2966 scripto
573 2935 587 2960 ,
615 2893 699 2947 ubi
725 2894 850 2946 haec
875 2892 1123 2964 praefatio
1150 2891 1333 2963 legitur
1359 2891 1411 2945 in
1439 2891 1605 2945 Missa
1631 2890 1728 2944 IX.
1770 2890 1868 2945 diei
1904 2889 2089 2942 natalis
2125 2885 2221 2940 SS.

366 2982 516 3036 Petri
543 2995 594 3036 et
619 2980 799 3035 Pauli:
838 2982 940 3034 Tui
965 2989 1045 3034 est
1069 2984 1278 3050 operis,
1305 2988 1535 3051 tuaeque
1561 2983 1795 3040 virtutis,
1839 2985 1899 3030 ut
1923 2977 2224 3029 Beatorum

373 3071 758 3141 Apostolorum
787 3071 949 3123 Petri
974 3077 1025 3123 et
1053 3069 1222 3122 Pauli
1242 3070 1491 3138 yloriosa
1527 3070 1798 3136 confessio
1837 3085 1936 3118 nee
1972 3068 2223 3135 capiatur

367 3180 618 3231 umquam
638 3161 822 3230 falsis,
849 3179 950 3212 nec
969 3157 1321 3228 perturbetur
1349 3159 1620 3216 adversis,·
1647 3158 1748 3208 sed
1771 3157 2020 3207 caelestis
2050 3155 2224 3206 erudi-

370 3252 443 3300 tio
471 3252 610 3301 sicut
635 3267 742 3318 per
783 3267 873 3300 eos
913 3249 979 3300 ab
1020 3250 1142 3316 ipsa
1179 3247 1405 3297 veritate
1443 3251 1693 3313 suscepta
1714 3246 2057 3314 posterisque
2085 3260 2224 3294 man-

372 3339 504 3388 data
531 3344 637 3398 est,
664 3340 741 3389 ita
769 3339 958 3389 iisdem
985 3334 1404 3406 suffrayantibus
1431 3335 1750 3385 intemerata
1769 3334 2050 3401 perduret.

518 3422 740 3477 Sanctus
768 3442 966 3495 quoque
992 3421 1231 3476 Gelasius
1258 3421 1309 3474 in
1337 3419 1485 3493 epist.
1515 3421 1567 3476 8.
1597 3421 1657 3472 ad
1693 3419 2054 3492 Imperatorem
2081 3417 2226 3469 Ana-

371 3511 583 3572 stasium
622 3511 855 3582 inquiens
902 3510 996 3583 (T.
1027 3511 1077 3567 5,
1109 3508 1306 3568 Concil.
1338 3509 1432 3563 col.
1462 3508 1587 3563 309.
1618 3507 1729 3575 d.)‚
1780 3510 1902 3561 Hoc
1941 3514 2044 3569 est,
2083 3509 2228 3576 quod
