2314 3984
326 349 409 401 ΖΜ
429 353 557 419 jam
584 366 795 417 mmm-⁹
835 347 1241 419 AP⁰⁸t⁰l⁰Yw¹⁸
1255 355 1559 416 &Qvi-w)
1606 361 1954 420 constitutus,
1988 364 2110 430 jam
2147 378 2181 410 a

333 435 549 488 Christo
576 431 768 487 Petrus
805 437 1012 499 dictus,
1047 444 1210 508 atque
1250 440 1334 493 Itis
1373 446 1567 502 edum
1581 448 1823 499 oninium
1853 448 2069 516 primus
2113 446 2179 498 ab

327 522 688 590 Evanyelistis
725 525 1068 593 appellatus,
1115 527 1264 595 quod
1297 529 1414 596 ipse
1450 521 1654 586 mm
1666 533 1958 603 Evanyelii
1985 533 2182 602 prodit

326 609 650 678 legentibus·
697 629 816 663 cum
861 611 1108 666 Christus
1147 621 1465 684 quaereret,
1515 634 1663 686 quem
1703 636 1786 673 mc
1803 638 1935 690 esse
1974 617 2177 671 dicitis?

326 699 560 749 omnium
583 701 798 751 nomine
824 703 1218 769 confessionem
1242 703 1386 756 Ιιαηο
1413 706 1599 766 edidit,
1624 723 1734 775 qua
1752 709 1887 776 fidei
1919 708 2179 761 Christia-

323 803 425 838 nae
451 803 656 838 summa
681 789 1004 850 continetur,
1031 788 1116 841 Tu
1141 807 1196 842 es
1214 786 1450 844 Christus
1478 790 1608 844 filius
1618 789 1719 846 Dei
1729 793 1850 848 vivi.
1890 795 2042 854 Quae
2062 812 2180 847 cum

328 873 527 926 Petrus
554 875 802 937 dixisset,
829 879 1009 929 statim
1029 879 1237 931 audivit
1253 899 1287 930 a
1307 879 1542 945 Christe,
1571 877 1659 932 Tu
1676 898 1733 934 es
1746 879 1938 935 Petrus
1961 889 2012 933 et
2029 897 2181 952 super

326 960 452 1014 hanc
478 970 673 1033 petram
713 961 985 1017 aedificabo
1022 962 1307 1035 Ecclesiam
1346 985 1527 1020 meam.
1591 969 1794 1028 Quibus
1821 969 1995 1020 verbis
2031 968 2180 1020 Clari-

323 1056 464 1111 stus,
492 1052 586 1119 qui
609 1069 761 1102 suam
788 1055 1023 1105 maxime
1053 1070 1208 1106 UNAM
1234 1057 1450 1108 volebat
1472 1055 1805 1116 Ecclesiam,
1846 1058 2053 1109 creavit
2075 1074 2181 1108 ma-

319 1141 606 1207 yistratum
635 1139 966 1207 amplissima
985 1159 1129 1209 prae
1156 1146 1348 1197 ceteris
1370 1149 1642 1213 potestate
1656 1163 1721 1196 ac
1734 1148 2014 1215 majestate
2019 1161 2181 1212 prae-

324 1229 521 1288 ditum,
548 1229 642 1295 qni
667 1244 848 1278 omnes
874 1236 1113 1282 moveret
1136 1231 1212 1282 ad
1238 1247 1531 1284 UNITATEM
1557 1247 1780 1283 MAxuffl
1807 1247 1869 1283 IN
1894 1246 2049 1282 FIDE.
2090 1228 2180 1282 At-

324 1334 425 1385 que
453 1315 535 1366 his
563 1316 671 1366 duo
700 1315 913 1381 quide-m
939 1319 1305 1384 confirmavit3
1332 1319 1588 1377 alterum,
1613 1318 1766 1370 haud
1788 1320 2050 1369 immerito
2081 1317 2181 1369 Pe-

324 1409 464 1454 trum
491 1403 723 1452 omnium
757 1403 970 1452 nomine
1009 1402 1386 1470 respondisse,
1426 1406 1521 1473 qui
1553 1407 1786 1455 omnium
1812 1406 2076 1472 princeps
2116 1404 2182 1455 ab

323 1493 442 1558 ipso
462 1491 722 1558 mayistro
753 1487 969 1540 Christo
996 1492 1313 1543 constitutus
1336 1497 1488 1551 esset,
1503 1491 1733 1544 alterum
1755 1494 1962 1560 quoties
1982 1509 2184 1544 succes·

324 1597 472 1631 sores
502 1578 660 1630 Petri
685 1595 1016 1629 communem
1041 1578 1415 1631 Ecclesiarum
1436 1581 1601 1649 sidem
1627 1598 1699 1631 ex
1726 1581 1991 1632 communi
2015 1580 2183 1632 tradi-

324 1669 467 1719 tione
487 1685 598 1735 pro
622 1668 806 1735 officio
820 1673 1157 1734 promerent,
1184 1685 1368 1719 eorum
1392 1669 1682 1728 decretum,
1694 1669 2182 1735 praedicationem,

317 1755 483 1823 fidem
503 1757 631 1822 fore
659 1753 941 1805 Ecclesiae
962 1755 1390 1822 fundamentum.
1446 1755 1594 1807 Hine
1616 1755 1862 1808 Christus
1884 1755 2181 1823 pollicetur

322 1843 427 1894 hac
456 1841 615 1893 Petri
638 1845 939 1911 confitentis
960 1842 1073 1910 fi'de
1102 1842 1404 1894 Ecclesiam
1431 1850 1708 1895 aeternum
1745 1844 2178 1895 constituturam.

323 1926 488 2001 Super
509 1928 638 1981 hanc
657 1937 873 2000 petram,
901 1932 1091 1999 inquit,
1119 1928 1391 1983 aedificabo
1408 1927 1691 1983 Ecclesiam
1719 1947 1900 1993 meam,
1931 1937 1981 1981 et
2005 1937 2182 1999 portae

323 2016 473 2070 inferi
499 2035 601 2068 non
627 2015 992 2088 praevalebunt
1019 2015 1264 2070 adversus
1292 2035 1420 2082 eam,
1447 2037 1636 2087 nempe
1653 2019 1956 2070 Ecclesiam
1984 2035 2049 2068 ea
2071 2017 2182 2085 fide

322 2107 530 2157 nixam.
596 2105 715 2164 Quo
745 2106 865 2156 loco
900 2105 955 2155 S.
984 2103 1130 2164 Leo,
1156 2101 1324 2176 Super
1350 2104 1510 2170 hanc,
1538 2108 1714 2174 inquit
1741 2101 1944 2175 (Serm.
1967 2102 2020 2155 3.
2049 2120 2181 2155 nunc

321 2193 373 2244 4.
406 2211 449 2245 c.
479 2190 590 2263 c.2.):
619 2190 969 2243 fortitudinem
998 2201 1263 2244 aeternum
1291 2202 1530 2246 extruam
1556 2193 1814 2264 templum,
1843 2200 1893 2244 et
1918 2189 2182 2243 Ecclesiae

324 2298 467 2333 meae
494 2279 631 2333 caelo
666 2277 932 2331 inferenda
970 2278 1250 2333 sublimitas
1286 2279 1339 2333 in
1376 2280 1522 2353 hujus
1562 2280 1675 2334 fidei
1710 2279 1948 2333 firmitate
1976 2296 2184 2332 consur-

322 2378 428 2440 get.
485 2369 643 2421 Haec
667 2369 811 2419 idem
850 2367 1119 2436 Pontifex
1149 2373 1362 2438 passim
1398 2372 1665 2431 inculcat3
1706 2370 1841 2421 haec
1867 2387 2047 2420 omnes
2074 2386 2182 2419 uno

323 2476 417 2508 ore
447 2457 685 2508 Romani
714 2455 1039 2523 Pontifices3
1067 2456 1203 2508 llaec
1229 2458 1460 2525 denique
1490 2458 1688 2508 Patres
1726 2474 1932 2514 omnes,
1958 2461 2017 2506 ut
2041 2458 2095 2505 in
2123 2473 2182 2505 re

323 2545 511 2603 clara,
539 2549 591 2593 et
615 2545 868 2609 confessa
887 2543 1081 2608 plures
1110 2543 1259 2594 locos
1286 2561 1582 2611 conyerere
1611 2559 2071 2611 supervacaneum
2097 2543 2180 2592 sit.

329 2631 559 2682 Omnino
580 2633 754 2698 fimum
781 2629 922 2680 illud
949 2635 1028 2680 est
1053 2635 1105 2680 et
1139 2631 1435 2689 immotum,
1473 2648 1591 2681 cum
1618 2630 1871 2681 Ecclesia
1909 2629 2183 2680 catholica

324 2719 574 2787 aedificio
602 2722 975 2784 comparetur,
1004 2734 1147 2776 eam,
1176 2735 1336 2785 quam
1364 2717 1565 2770 Petrus
1593 2720 1874 2785 confessus
1903 2722 1983 2767 est
2002 2717 2183 2784 fidem,

323 2807 532 2858 aeterni
571 2805 810 2872 aedificii
845 2810 1121 2855 aeternum
1147 2806 1563 2871 fundamentum
1599 2823 1729 2856 esse.
1782 2801 2043 2856 Hactenus
2076 2803 2179 2855 ille.

325 2890 538 2945 Fatetur
566 2909 722 2961 erg0‚
763 2907 821 2944 ac
849 2907 919 2942 ex
955 2893 1189 2942 omnium
1226 2908 1329 2942 non
1362 2900 1466 2944 tam
1495 2891 1849 2961 Pontificum,
1887 2908 2036 2960 quam
2077 2891 2182 2942 Pa-

323 2987 465 3033 trum
504 2976 791 3032 certissima
827 2976 1102 3030 traditione
1140 2978 1358 3043 fatetur,
1402 2978 1605 3030 laudato
1645 2979 1978 3045 Evanyelico
2029 2983 2180 3028 textu

333 3069 606 3121 Christum
631 3069 687 3117 in
717 3065 890 3118 Petro
918 3080 1124 3118 creasse
1162 3067 1537 3133 magistratum
1571 3065 1905 3132 amplissima
1928 3082 2068 3132 prae
2096 3083 2181 3116 ce-

323 3159 452 3209 teris
485 3160 758 3224 potestate
796 3172 862 3207 ac
898 3157 1180 3224 majestate
1211 3152 1555 3220 praeditum,·
1595 3168 1724 3220 quae
1762 3150 1920 3205 verba
1958 3149 2182 3203 indicant

321 3243 590 3313 primatum
616 3258 719 3294 non
744 3249 850 3293 tam
874 3237 1142 3312 peculiaris
1168 3240 1494 3310 majestatiS,
1521 3255 1613 3290 seu
1639 3235 1875 3298 honoriS,
1915 3255 2063 3306 quam
2083 3256 2180 3306 po-

322 3333 528 3381 testatis
545 3369 559 3394 ,
587 3346 677 3381 seu
695 3327 828 3400 juris
854 3325 1111 3398 praecipui
1134 3343 1257 3397 prae
1284 3323 1466 3378 ceteris
1493 3334 1545 3377 et
1570 3323 1873 3395 personalis.
1902 3321 2180 3392 Sequentia

321 3431 506 3487 porro,
546 3420 640 3485 qui
664 3435 846 3468 omnes
873 3421 1110 3467 moveret
1133 3414 1210 3467 ad
1231 3415 1488 3465 unitatem
1516 3415 1748 3465 maxime
1775 3415 1829 3464 in
1851 3413 1995 3481 fide,
2031 3409 2179 3462 finem

324 3502 536 3554 innuunt
565 3520 594 3554 a
623 3499 831 3556 Christo
858 3495 1107 3556 intentum
1133 3500 1184 3554 in
1211 3518 1271 3554 ea
1300 3499 1541 3570 primatus
1567 3498 1885 3552 institutione
1922 3497 1983 3550 ob
2014 3497 2182 3551 unita-
