2314 3984
933 182 1596 243 *378*

334 351 455 405 olim
479 352 631 407 alicui
655 351 971 406 definitiones
996 350 1301 409 pontificiae
1324 371 1384 409 se
1397 371 1468 410 sse
1490 373 1770 430 opposuere
1785 395 1800 423 ,
1840 356 2034 428 quando
2070 373 2189 411 suos

333 457 543 495 errores
578 440 641 493 ab
670 439 836 512 aliquo
863 439 1116 495 Pontifice
1141 442 1406 496 damnatos
1429 443 1692 512 viderunt,
1732 443 1982 517 originem
2007 446 2191 500 ducere

331 546 459 601 opus
492 546 597 581 non
631 537 742 596 est3
782 547 894 583 cum
931 530 1059 602 apud
1097 530 1374 592 catholicos
1406 531 1590 590 nullius
1627 532 1947 588 auctoritatis
1984 533 2190 599 fuerint,

331 634 426 670 nec
452 634 630 670 eorum
655 617 913 671 sententia
929 617 1271 672 infallibilitati
1290 619 1688 692 dogmaticarum
1707 620 2051 676 definitionum
2071 627 2191 675 con·

330 704 497 758 traria
529 704 666 759 inter
705 706 982 760 catholicos
1020 706 1176 760 fuerit
1212 718 1422 780 recepta
1456 719 1543 763 aut
1575 719 1910 782 propugnata.
1974 708 2057 764 De
2090 709 2191 762 illis

331 801 529 848 tantum
554 793 848 862 videndum,
875 795 961 866 qui
985 793 1120 850 inter
1145 795 1416 851 catholicos
1443 797 1710 864 recensiti,
1746 815 1859 852 eam
1885 798 2192 851 sententiam

330 882 405 936 ita
429 881 484 936 in
510 882 711 937 scholas
737 883 1012 938 catholicas
1037 884 1351 939 invexerunt
1366 926 1379 951 ,
1406 896 1463 939 ut
1489 886 1680 940 sensim
1706 884 1900 956 aliquot
1923 884 2192 958 peculiaris

330 973 496 1026 famae
523 971 820 1044 Theologos
859 991 963 1026 non
999 982 1105 1028 tam
1137 974 1441 1046 partiarios,
1481 994 1628 1046 quam
1668 974 1895 1029 vindices
1931 983 1984 1028 et
2007 993 2192 1046 propu-

330 1070 575 1133 gnatores
610 1061 903 1115 obtinuerit.
957 1059 1194 1116 Dimissis
1232 1073 1402 1116 autem
1429 1061 1626 1117 Okamo
1667 1063 1879 1133 aliisque
1904 1059 1949 1114 F
1954 1060 2194 1115 raticellis

331 1143 699 1215 schismaticiS,
739 1150 826 1221 qui
862 1169 894 1204 a
929 1149 1130 1205 Joanne
1156 1149 1336 1204 XXII.
1378 1152 1726 1218 condemnati,
1778 1152 1948 1224 plures
1988 1168 2194 1203 errores

332 1237 540 1292 summis
559 1236 892 1292 Pontificibus
913 1238 1108 1311 ipsique
1127 1239 1441 1311 potissimum
1454 1238 1645 1294 Joanni
1673 1240 1894 1311 objicere
1915 1238 2045 1303 ausi,
2073 1256 2195 1292 con-

329 1326 525 1380 trariae
559 1325 706 1378 nobis
739 1325 1028 1379 sententiae
1055 1336 1292 1380 auctores
1319 1345 1351 1380 a
1374 1327 1631 1380 nonnullis
1653 1328 1951 1392 traduntur3
1980 1325 2197 1378 dubitari

330 1434 433 1469 nou
458 1432 610 1488 posse
634 1414 864 1480 videtur,
903 1413 1023 1485 quin
1058 1415 1231 1468 eadem
1266 1414 1524 1469 sententia
1558 1415 1694 1469 inter
1720 1413 1994 1468 catholicos
2021 1412 2196 1467 Theo-

331 1506 477 1578 logos
514 1502 819 1576 irrepserit,
869 1521 929 1556 ac
966 1502 1283 1558 invalescere
1323 1503 1550 1576 coeperit
1589 1504 1765 1558 eodem
1802 1504 1911 1574 fere
1945 1512 2193 1576 tempore,

329 1592 600 1648 occasione
627 1592 801 1646 eadem
817 1630 832 1657 ,
858 1591 1135 1663 iisdemque
1163 1592 1481 1660 auctoribUS,
1509 1593 1688 1664 quibus
1715 1593 1805 1646 sub
1831 1591 2079 1645 Pisanam
2104 1610 2196 1664 sy-

329 1682 513 1736 nodum
548 1691 600 1735 et
627 1677 1078 1735 Constantiensem
1115 1680 1318 1734 inducta
1342 1681 1435 1734 fuit
1460 1682 1629 1755 opinio
1667 1682 1728 1735 de
1755 1680 2080 1735 conciliorum
2106 1699 2195 1752 ge-

329 1771 577 1826 neralium
606 1768 913 1823 auctoritate
952 1787 1106 1842 supra
1130 1769 1292 1842 ipsum
1321 1769 1609 1824 Romanum
1635 1768 1952 1824 Pontificem.
2006 1767 2195 1822 Petrus

329 1860 466 1915 enim
493 1860 554 1913 de
578 1857 778 1912 Alliaco
796 1898 809 1923 ,
840 1867 892 1911 et
917 1855 1146 1912 Joannes
1174 1856 1406 1925 Gerson,
1437 1859 1619 1930 aliique
1646 1858 1932 1913 earumdem
1958 1857 2194 1929 partium,

329 1949 414 2020 qui
439 1949 501 2002 ob
522 1946 877 2002 inveniendum
915 1946 1152 2001 diuturno
1181 1957 1232 2001 et
1256 1947 1687 2020 perniciosissimo
1723 1945 1984 2000 schismati
2010 1946 2193 1999 efficax

330 2037 633 2103 remedium,
674 2035 1038 2090 contendentes
1075 2037 1135 2090 de
1170 2034 1373 2108 Papatu
1411 2035 1748 2108 subjiciendos
1784 2034 2104 2088 crediderunt
2140 2033 2193 2086 in

328 2145 451 2181 casu
485 2124 775 2179 schismatis
813 2124 1106 2177 auctoritati
1143 2123 1342 2178 concilii
1379 2124 1716 2190 oecumenici,
1757 2123 1960 2178 eosdem
1998 2141 2195 2194 quoque

329 2214 442 2268 huic
469 2212 764 2268 auctoritati
799 2213 975 2285 subjici
1010 2222 1251 2286 putarunt
1284 2212 1337 2265 in
1366 2231 1486 2266 casu
1517 2212 1783 2279 ‘haeresiS,
1823 2230 1950 2282 quae
1978 2231 2008 2264 a
2035 2210 2195 2264 schis-

329 2313 463 2357 mate
489 2301 738 2376 pertinaci
761 2303 857 2357 vix
883 2302 1113 2374 separari
1138 2311 1335 2375 potest,
1375 2321 1433 2355 ac
1459 2311 1732 2374 propterea
1760 2318 1848 2354 eos
1884 2299 1938 2352 in
1967 2318 2194 2354 errorem

327 2392 442 2445 fidei
485 2409 637 2464 posse
682 2392 863 2445 cadere
897 2400 1369 2463 praesumpserunt:
1423 2409 1521 2461 qua
1567 2390 1621 2443 in
1670 2388 1940 2462 hypothesi
1973 2405 2192 2442 summos

330 2479 608 2534 Pontifices
642 2490 878 2534 errantes
918 2479 1054 2532 circa
1088 2479 1234 2531 fidem
1272 2497 1302 2530 a
1328 2479 1559 2548 generali
1597 2479 1778 2531 saltem
1818 2478 2014 2549 synodo
2041 2494 2192 2548 posse

321 2568 572 2641 judicari,
600 2577 679 2633 et,
708 2568 752 2620 si
778 2567 1068 2640 pertinaces
1094 2565 1473 2631 invenirentur,
1514 2584 1666 2638 posse
1693 2564 1844 2618 etiam
1871 2563 2052 2636 deponi
2079 2565 2192 2617 exi-

330 2657 619 2711 stimarunt.
657 2651 771 2723 Quo
798 2674 922 2709 vero
951 2673 1106 2708 sensu
1133 2654 1256 2708 haec
1283 2653 1610 2707 conciliorum
1635 2653 1947 2724 generalium
1975 2652 2193 2706 auctori-

328 2746 490 2800 tasin
518 2763 640 2799 casu
676 2742 903 2797 haeresis
939 2742 1102 2814 possit
1135 2742 1188 2794 in
1220 2741 1383 2815 ipsum
1423 2759 1668 2794 summum
1694 2738 1995 2795 Pontificem
2035 2761 2065 2794 a
2101 2742 2194 2794 fide

330 2834 529 2890 devium
568 2833 747 2898 exeri,
786 2831 1154 2904 explicavimus
1191 2830 1245 2883 in
1280 2829 1638 2884 dissertatione
1674 2829 1817 2901 (vid.
1857 2849 1900 2883 c.
1928 2830 1982 2884 9.
2022 2830 2067 2898 ἓ.
2098 2828 2191 2900 2.)

328 2926 418 2977 De
437 2931 640 2994 potest.
671 2924 915 2984 Eccles.,
949 2920 1034 2973 ubi
1073 2919 1223 2974 etiam
1262 2919 1574 2974 ostendimus
1613 2937 1702 2972 eos
1737 2937 1842 2972 non
1879 2936 2031 2990 posse
2057 2917 2192 2971 circa

323 3013 475 3072 fidem
502 3031 698 3078 errare,
727 3030 839 3065 cum
867 3008 1052 3080 aliquid
1078 3008 1216 3061 circa
1241 3007 1386 3061 fidem
1415 3006 1679 3061 definiunt:
1709 3006 1943 3077 quidquid
1962 3005 2044 3071 sit,
2073 3024 2189 3058 num

330 3121 509 3156 errare
535 3101 735 3174 possint
761 3099 1013 3173 opinando
1029 3138 1043 3164 ,
1071 3116 1162 3151 seu
1188 3107 1344 3150 extra
1368 3094 1633 3148 materiem
1659 3113 1719 3148 ac
1744 3092 1990 3147 terminos
2019 3093 2191 3147 defini-

332 3190 526 3244 tionum
550 3189 681 3243 fidei.
880 3250 882 3253 ¹

482 3276 613 3332 Cum
650 3297 804 3351 porro
840 3294 1085 3350 praesens
1125 3271 1353 3345 quaestio
1390 3289 1494 3324 non
1527 3270 1581 3324 in
1617 3289 1676 3325 eo
1717 3280 1982 3336 versetur,
2020 3279 2190 3322 utrum

331 3365 477 3440 Papa
501 3366 751 3439 opinando
769 3406 784 3432 ,
822 3375 910 3418 aut
936 3374 1094 3419 extra
1118 3361 1366 3417 terminos
1393 3359 1726 3426 definitioniS,
1763 3360 2044 3413 sed-utrlun
2072 3358 2191 3412 defi-

331 3454 514 3511 niendo
542 3473 718 3509 errare
757 3464 937 3526 queat,
975 3463 1062 3506 aut
1098 3449 1350 3507 erraverit
1387 3447 1680 3520 aliquand0,
1717 3448 1865 3519 idque
1900 3465 1970 3500 ex
1998 3443 2190 3500 Christi

334 3543 598 3618 promissis
625 3562 685 3598 ac
711 3543 984 3597 traditione
1009 3540 1328 3614 probarimus
1354 3536 1694 3610 impossibile,
1720 3554 1823 3591 non
1849 3533 2052 3589 omnino
2074 3552 2191 3588 esse
