2314 3984
687 272 859 286 ——
927 236 1071 298 '167
1165 269 1325 280 -—

100 428 328 467 niun—mn
352 410 474 465 fides
490 407 903 479 cumfideipsius
930 408 1060 461 sedis
1086 426 1186 460 una
1210 416 1261 460 et
1284 404 1456 460 eadem
1476 403 1561 468 sit,
1580 419 1729 459 ,aeex
1740 403 1915 458 eodem

101 502 233 552 fonte
256 496 474 548 dimanet
497 499 752 559 (rivorum
778 499 914 547 enim
939 498 1115 548 unitas
1139 499 1384 546 servatur
1409 493 1464 543 in
1489 491 1728 559 oviyiue,
1761 498 1816 542 ut
1840 489 1914 542 lo-

99 585 264 654 quitur
289 581 348 636 S«.
375 581 662 654 Cyprianus
688 580 748 633 de
774 579 983 633 Unitate
1000 578 1289 644 Ecclesiae,
1310 594 1386 630 ex-
1406 594 1513 646 quo-
1527 575 1771 631 fortassis
1786 573 1915 645 banc

99 670 389 740 allegoriam
398 667 516 719 Afri
542 665 855 737 sumserunt)
868 666 1049 735 equod,
1063 663 1270 717 unitatis
1295 662 1408 716 fidei
1433 661 1794 731 nenessitatem·
1809 680 1915 716 ina-.-

100 755 277 808 nifeste
294 783 297 785 ‡
314 753 604 826 praesumit.
655 751 796 807 Haec
833 762 998 814 autem
1021 768 1142 803 veum
1177 749 1489 820 scripserunt
1512 746 1772 813 Africani,
1800 765 1917 805 non

102 861 188 913 per
204 882 209 890 .
225 858 414 893 meram
448 848 714 892 externam
748 836 1116 904 caeremoniam
1151 853 1241 888 seu
1275 835 1519 899 officimn,
1565 843 1630 887 ut·
1652 843 1917 905 captarent

102 926 365 979 pontificis
394 926 639 996 gratiam,
667 923 1006 994 scripserunt,
1031 940 1104 975 -eo
1142 922 1333 974 scilicet
1370 921 1534 973 animo
1551 958 1566 984 ,
1603 930 1659 973 ut
1682 919 1918 974 Pontifici

102 1013 492 1077 assentirentur,
517 1012 637 1081 siin
652 1011 880 1080 ipsorum
905 1006 1208 1065 sententiam
1231 1006 1585 1076 responderet,
1624 1023 1768 1059 secus
1794 1025 1916 1060 vero

100 1108 454 1170 repugnarent.
505 1094 891 1150 Haereticormn
936 1103 988 1147 et
1023 1092 1414 1163 Pelagianorum
1463 1091 1717 1162 proprium
1766 1091 1918 1146 hocce

99 1182 356 1237 consilium
376 1182 509 1246 fuit,
527 1199 636 1239 cum
660 1198 799 1233 suam
824 1180 1125 1233 sententiam
1150 1177 1416 1230 Romanae
1439 1176 1572 1229 sedis
1590 1177 1773 1246 judicio
1800 1180 1917 1230 sub-

102 1268 307 1321 misere:
344 1267 471 1336 qnod
494 1266 669 1319 vitium
697 1284 804 1318 cum
829 1265 1060 1318 Africani
1084 1263 1362 1316 Antistites
1398 1263 1452 1315 in
1475 1261 1770 1333 Pelagianis
1798 1283 1917 1317 con-

101 1354 406 1416 demnarint,
443 1362 498 1404 ut
534 1370 605 1406 ex
642 1352 806 1403 multis
844 1350 1119 1420 Augustini
1146 1350 1270 1403 locis
1295 1348 1466 1402 notmn
1492 1358 1600 1415 est3
1629 1351 1690 1402 ab
1717 1369 1776 1402 eo
1804 1351 1917 1421 ipsi,

103 1439 231 1491 ¹sicut
256 1449 306 1491 et
331 1438 560 1491 catholici
585 1455 758 1490 omnes
774 1476 788 1502 ,
817 1435 1112 1489 alienissimi
1135 1435 1289 1488 fuisse
1316 1435 1508 1488 dicendi
1533 1445 1667 1488 sunt.
1694 1434 1918 1507 Simplici

101 1543 222 1594 ergo
249 1534 300 1576 et
337 1525 533 1577 sincera
558 1533 724 1576 mente
750 1541 810 1576 ea
838 1523 1112 1594 scripsere,
1139 1531 1193 1573 ut
1218 1522 1263 1574 si
1287 1521 1402 1590 quid
1438 1521 1491 1573 in
1529 1522 1658 1574 datis
1693 1522 1919 1592 epistolis

103 1629 131 1660 a
158 1609 418 1662 Romanae
455 1610 587 1662 sedis
624 1610 747 1674 fide,
782 1628 931 1678 quam
955 1607 1200 1661 Pontifex
1226 1607 1567 1678 respondendo
1593 1608 1918 1678 significaret,

101 1694 352 1746 dissomun
377 1694 713 1765 reperiretur3
752 1695 800 1745 id
836 1704 1086 1763 tamquam
1121 1712 1300 1762 aquam
1338 1694 1592 1747 cisternae
1627 1694 1917 1764 dissipatae,

101 1779 311 1832 alienam
347 1798 376 1832 a
412 1780 583 1834 nativo
622 1781 788 1843 fonte,
826 1780 952 1832 unde
990 1798 1115 1850 pura
1148 1797 1276 1848 aqua
1302 1779 1548 1844 dimanat,
1590 1781 1919 1850 reprobarent

102 1875 247 1934 atque
273 1865 616 1936 corrigerent:
654 1885 750 1935 quo
793 1883 917 1917 sane
945 1864 1154 1916 consilio
1179 1864 1496 1936 Augustinus
1521 1867 1583 1918 ad
1607 1865 1919 1920 Bonil'aciuni

102 1950 292 2022 Papam
317 1951 452 2003 misit
475 1951 630 2004 libros
656 1963 868 2022 quatuor
895 1960 1071 2004 contra
1096 1951 1218 2003 duas
1243 1950 1635 2023 Pelagianorum
1663 1954 1918 2024 epistolaS,

104 2047 156 2088 ut
180 2037 302 2091 haec
326 2039 430 2108 ejus
455 2040 610 2091 verba
637 2039 916 2091 declarant:
968 2037 1080 2107 (lib.
1114 2038 1161 2088 l.
1189 2056 1240 2088 n.
1269 2037 1352 2105 3.)
1394 2040 1547 2091 Haec
1586 2059 1746 2109 eryo,
1784 2060 1920 2109 quae

105 2127 245 2182 istis,
282 2131 342 2175 ut
365 2126 512 2183 dixi,
550 2125 752 2175 duabus
790 2126 1027 2190 epistolis
1064 2125 1280 2175 illoram
1317 2129 1417 2175 ista
1455 2128 1816 2192 disputatione
1843 2146 1920 2177 re·

104 2211 369 2275 spondeo,
395 2212 469 2260 ad
491 2216 634 2260 tuam
651 2212 982 2276 potissimum
1020 2212 1254 2278 dirigere
1299 2211 1645 2262 Sanetitatem
1682 2231 1788 2262 non
1814 2219 1921 2263 tam

103 2297 355 2346 discenda
371 2335 385 2354 ,
412 2314 567 2363 quam
593 2297 951 2347 examinanda
968 2335 982 2354 ,
1009 2303 1083 2356 ct,
1107 2296 1198 2348 ubi
1215 2299 1452 2362 forsitan
1493 2299 1703 2366 aliquid
1738 2300 1921 2366 displi-

103 2384 298 2440 raerit,
325 2383 652 2432 emendanda
677 2384 941 2432 constitui.

243 2466 334 2519 48.
384 2465 527 2518 Hanc
553 2467 772 2518 eamdem
797 2475 1044 2530 mentem,
1082 2486 1208 2536 quae
1245 2467 1358 2521 fidei
1395 2469 1636 2521 unitatem
1675 2487 1784 2522 cum
1811 2467 1919 2522 Ro-

104 2569 251 2603 mana
284 2552 399 2604 sede
437 2561 687 2621 tamquam
721 2552 872 2604 totius
899 2552 1176 2606 catholicae
1213 2553 1469 2606 doctrinae
1508 2554 1741 2624 originali
1778 2557 1918 2608 fonte

106 2637 439 2688 necessariam
476 2641 720 2709 praefert,
759 2639 982 2708 gessisse
1019 2658 1191 2692 omnes
1218 2640 1488 2692 catholicos
1514 2641 1566 2692 in
1594 2641 1919 2694 relationibus

105 2721 163 2771 ‹le
189 2723 544 2774 controversiis
570 2725 680 2775 fidei
703 2722 1020 2776 Innoeentius
1038 2724 1078 2776 Ι.
1105 2735 1320 2777 testatur
1345 2726 1626 2778 rescribens
1651 2727 1710 2778 ad
1735 2726 1921 2780 Patres

106 2805 301 2856 concilii
326 2804 623 2871 Milevitani,
651 2808 824 2876 quibus
849 2810 1054 2878 proinde
1080 2811 1377 2878 gratulatur,
1405 2812 1534 2878 quod
1560 2831 1720 2878 super
1740 2817 1921 2864 ana-iis

107 2892 261 2943 rebus
301 2911 436 2960 quae
472 2897 542 2945 xit
576 2896 803 2946 tenenda
841 2891 990 2963 (nota
1029 2894 1156 2948 hanc
1181 2913 1352 2948 vocem
1379 2898 1627 2960 tenenda)
1661 2902 1921 2950 sententia

106 2977 166 3027 ab
194 2976 365 3028 eadem
390 2978 506 3030 sede
531 2978 866 3046 quaesierint,
903 2985 1154 3049 antiquae
1188 2983 1406 3050 reyalae
1439 2985 1675 3048 formam
1699 2988 1922 3052 sequuti,

107 3081 260 3129 qaam
284 3070 394 3115 toto
421 3083 626 3132 semper
653 3065 779 3116 orbe
806 3084 1029 3128 mecum,
1054 3067 1242 3136 inquit,
1281 3071 1467 3119 noste't's
1494 3087 1604 3120 esse
1630 3077 1890 3122 servatam
1904 3090 1920 3131 ,-

107 3146 154 3196 id
179 3147 406 3199 nimirum
431 3153 651 3203 scientes
676 3169 768 3203 nec
793 3169 893 3204 non
920 3157 1128 3205 actione
1148 3157 1439 3222 firmante&
1465 3156 1611 3222 quod
1625 3174 1730 3222 per
1745 3175 1922 3208 omues

100 3235 408 3298 provincias
443 3236 509 3286 de
546 3234 858 3304 Apostolico
891 3242 1046 3307 fonte
1073 3239 1376 3307 petentibus
1409 3258 1669 3307 responsa
1715 3261 1921 3312 semper

109 3325 361 3369 emanent.
412 3316 511 3371 Ubi
535 3320 672 3374 vides
707 3321 1049 3376 Innocentium
1090 3325 1246 3377 eidem
1272 3324 1512 3376 Afrorum
1549 3325 1820 3396 allegoriae
1844 3327 1922 3379 in-

110 3402 307 3455 sistere.
359 3401 428 3454 Et
454 3404 684 3458 similiter
707 3406 761 3459 in
784 3409 880 3462 alia
905 3411 1232 3481 responsione
1259 3411 1319 3462 ad
1346 3409 1603 3464 concilimn
1646 3409 1921 3484 Carthagi-

111 3504 265 3540 nense
278 3489 497 3542 eamdem
513 3490 1062 3565 allegoriamrepetens,
1076 3499 1325 3565 antiquae
1338 3497 1642 3550 traditionis
1657 3502 1922 3567 eoeempla,
