2314 3984
947 192 1612 252 *m*

351 359 479 414 siam
504 359 802 412 studuerunt
827 374 1034 424 vocare,
1059 359 1113 411 111
1134 359 1789 434 amvi-cogendae
1815 360 2073 431 utriusque
2099 357 2210 410 uni-

351 446 474 500 tatis
501 463 803 500 consensmn
829 443 1274 509 demonstravero,
1300 464 1372 501 ex
1396 450 1687 521 (profu-iam
1714 449 1828 516 fiet,
1864 448 2004 521 ipsos
2031 446 2130 500 etsi
2155 445 2208 498 in

353 532 645 603 quibusdam
673 531 788 585 aliis
815 531 1059 605 capitibus
1085 544 1458 607 repugnantes,
1485 535 1847 592 inhooemmen
1868 537 1994 590 satis
2017 535 2208 607 apertis

351 619 583 673 debuisse
608 619 915 674 testimoniis
940 621 1234 689 convenire,
1261 641 1325 677 ne
1354 624 1416 677 ab
1443 622 1765 694 antiquorum
1785 624 2055 681 traditione
2081 621 2208 694 ipsis

353 724 548 778 quoque
575 708 847 780 explorata
874 709 1188 778 recederent.

912 902 1382 979 CAPUT
1447 904 1655 979 XIV.

354 1025 782 1077 Adversariorum
814 1032 1190 1082 catholicorum
1222 1040 1538 1092 testimonia,
1587 1035 1770 1097 quibus
1799 1038 2069 1095 utriusque
2099 1035 2210 1080 uni-

521 1095 645 1138 tatis
677 1107 794 1138 cum
827 1092 1071 1140 Romana
1112 1097 1231 1142 sede
1259 1102 1614 1144 necessitatem
1647 1097 1880 1159 professi
1907 1102 2040 1143 sunt.

478 1209 526 1262 l.
557 1207 688 1264 Cum
714 1230 816 1265 11011
844 1231 1018 1267 01111103
1030 1213 1331 1271 Pontificiae
1360 1216 1679 1271 auctoritatis
1707 1215 2032 1270 adversarios
2060 1214 2213 1268 etiam

354 1299 639 1352 haereticos
679 1308 731 1351 et
766 1299 1148 1366 schismaticoS,
1189 1304 1278 1355 sed
1311 1303 1586 1358 catholicos
1623 1313 1821 1356 tantum
1858 1303 2032 1356 hocin
2058 1320 2212 1373 opere

354 1386 688 1439 confutandos
725 1386 1060 1457 susceperim,
1103 1388 1281 1440 horum
1318 1390 1612 1443 testimonia
1647 1391 1992 1444 tantummodo
2029 1389 2216 1461 produ-

354 1474 512 1528 cenda
538 1483 704 1536 erunt,
731 1474 908 1545 quibus
936 1476 1303 1531 communionis
1330 1478 1540 1550 fideique
1566 1478 1811 1532 unitatem
1838 1496 1947 1532 cum
1975 1476 2212 1530 Romana

355 1563 473 1616 sede
514 1564 720 1635 ejusque
746 1559 1079 1616 Pontificibus
1124 1566 1469 1620 necessariam
1485 1607 1500 1633 ,
1527 1578 1583 1620 ut
1609 1586 1679 1621 ex
1708 1568 2031 1639 antiquorum
2057 1567 2216 1625 tradi-

356 1651 495 1705 tione
524 1660 847 1723 acceperant,
877 1651 1003 1705 satis
1031 1662 1206 1724 aperte
1233 1654 1565 1708 affirmarunt.
1595 1654 1778 1727 Neque
1791 1677 1915 1711 vero
1932 1659 2023 1711 hos
2037 1677 2213 1713 01111103

356 1750 407 1793 et
434 1741 661 1811 singulos
690 1739 850 1811 (quod
877 1739 1027 1792 nimis
1055 1751 1193 1795 esset
1220 1742 1455 1815 longum)
1482 1743 1759 1815 producere
1798 1756 2028 1818 oportet:
2079 1748 2216 1800 suffi-

355 1829 423 1881 cit
463 1828 597 1883 enim
630 1827 1032 1900 praestantiores
1073 1838 1222 1900 atque
1261 1832 1558 1904 praecipuos
1598 1834 1853 1906 allegare,
1893 1836 1976 1905 qui
2012 1854 2122 1890 cum
2162 1836 2215 1888 in

355 1912 447 1966 hac
472 1911 606 1965 thesi
631 1931 734 1965 non
759 1916 1117 1988 particularem
1144 1928 1195 1973 et
1223 1929 1625 1986 controversam,
1655 1922 1742 1975 sed
1769 1922 1973 1976 omnino
2002 1934 2214 1991 certam,

356 2002 684 2072 omnibusque
727 2003 986 2057 catholicis
1022 2022 1364 2073 communem,
1414 2018 1563 2079 atque
1603 2029 1673 2063 ex
1713 2011 2031 2081 antiquorum
2058 2013 2215 2066 tradi-

355 2088 512 2155 tione,
540 2109 633 2144 nec
659 2109 761 2143 11011
789 2110 859 2145 ex
884 2090 1214 2164 Evangelicis
1241 2095 1300 2148 de
1328 2094 1475 2149 Petri
1500 2098 1719 2169 primatu
1746 2099 2052 2152 testimoniis
2080 2101 2216 2154 elici-

356 2187 459 2229 tam
486 2179 792 2250 protulerint
820 2181 1159 2249 sententiani,
1190 2194 1475 2237 ceterorum
1502 2186 1696 2257 pariter
1735 2187 1982 2253 omnium,
2024 2189 2107 2258 qui
2134 2207 2216 2242 ca-

357 2265 527 2319 tholici
552 2269 772 2334 fuerunt,
800 2279 1019 2324 mentem
1047 2271 1307 2343 aperuisse
1323 2274 1712 2344 judicabuntur,
1742 2276 1865 2330 adeo
1893 2286 1948 2328 ut
1975 2277 2071 2329 soli
2099 2277 2217 2331 hae-

356 2354 502 2407 retici
529 2365 680 2427 atque
707 2357 1016 2412 schismatici
1043 2360 1236 2414 sentire
1265 2361 1413 2415 aliter
1440 2374 1643 2433 queant.
1685 2363 1782 2418 Hic
1811 2365 2008 2436 quidem
2037 2366 2218 2419 adver-

356 2445 608 2498 sariorum
637 2465 917 2500 consensus
946 2450 1109 2518 quoad
1135 2449 1396 2519 utriusque
1422 2452 1633 2504 unitatis
1661 2453 2018 2506 necessitatem
2046 2453 2087 2505 si
2115 2453 2215 2505 ido-

358 2532 467 2585 neis
497 2533 767 2586 eorundem
807 2534 1115 2589 testimoniis
1157 2545 1441 2602 statuetur,
1481 2537 1723 2591 invictum
1762 2550 1943 2594 contra
1968 2540 2106 2613 ipsos
2135 2559 2218 2593 ar-

355 2630 647 2691 gumentum
675 2620 1011 2694 suppeditabit
1032 2624 1093 2676 ad
1112 2642 1171 2677 ea
1191 2623 1514 2690 revincenda,
1543 2626 1720 2696 quibus
1749 2628 1866 2680 alibi
1892 2627 2215 2682 Pontificiam

357 2709 714 2762 auctoritatem
742 2712 1046 2781 praesertim
1074 2713 1126 2765 in
1153 2714 1267 2767 fidei
1294 2713 1668 2768 definitionibus
1695 2715 1933 2781 limitant,
1968 2725 2119 2787 atque
2146 2734 2216 2769 ex

356 2807 501 2869 parte
529 2797 683 2850 etiam
711 2810 1029 2871 oppugnant:
1071 2812 1190 2872 quot
1215 2801 1531 2874 potissimum
1559 2822 1654 2875 ego
1683 2803 1963 2876 respiciens
1990 2807 2043 2855 in
2069 2822 2218 2875 prae-

356 2887 548 2940 fatione
573 2886 763 2952 monui,
791 2887 905 2940 illos
931 2888 1179 2962 principia
1205 2891 1264 2943 de
1290 2891 1510 2963 primatu
1538 2890 1885 2945 Romanorum
1911 2890 2215 2944 Pontificum

356 2979 560 3031 omnino
590 2988 732 3032 certa
758 2978 978 3041 vidisse,
1006 2980 1433 3050 consequutiones
1460 2999 1562 3032 11011
1589 2973 1795 3034 vidisse.
1856 2979 1931 3030 At
1958 2979 2017 3030 de
2045 2977 2136 3030 hoc
2164 2978 2215 3029 in

357 3068 586 3139 sequenti
624 3067 786 3140 capite
827 3067 1074 3139 agendum
1111 3067 1225 3120 erit.
1279 3066 1431 3120 Nunc
1471 3067 1581 3138 ipsa
1620 3065 1990 3120 consentientia
2018 3065 2216 3119 illorum

359 3157 650 3210 testimonia
676 3157 966 3228 probamuS,
994 3175 1087 3209 1100
1114 3154 1540 3208 dissimulabimus
1569 3146 1835 3206 sub'finem
1863 3154 2007 3226 hujus
2036 3153 2216 3226 capitis

358 3249 606 3302 celebrem
635 3246 895 3318 quamdam
927 3244 1311 3313 distinctionem
1330 3242 1467 3297 inter
1478 3242 1830 3315 Apostolicam
1858 3243 2026 3301 sedem
2057 3251 2107 3295 et
2133 3236 2215 3294 se-

357 3338 583 3404 dentem,
611 3338 810 3408 aliaque
838 3337 932 3389 duo
959 3321 1183 3407 ipsorum
1209 3332 1392 3404 effugia
1418 3342 1601 3385 notare
1630 3342 1778 3402 atque
1806 3331 2067 3394 refellere,
2110 3328 2218 3399 qui-

356 3429 449 3481 bus
486 3445 813 3491 consensum,
855 3443 999 3495 quem
1040 3442 1141 3476 11011
1179 3431 1451 3496 potuerunt
1490 3419 1758 3474 identidem
1796 3438 1896 3472 non
1939 3419 2217 3477 declarare,

359 3517 598 3570 aliorsum
626 3514 908 3568 distrahere
937 3532 995 3567 ac
1022 3513 1338 3583 distorquere
1363 3511 1555 3562 frustra
1583 3507 1682 3561 nisi
1710 3517 1844 3561 sunt.
