2314 3984
722 229 1365 288 -—-291-—-

138 418 284 470 quam
308 409 481 472 petrae
504 399 830 452 inconcussae
856 409 906 452 et
929 399 1244 452 fundamento
1263 397 1416 450 totius
1435 394 1658 460 aedificii,
1683 395 1814 447 bono
1835 395 1944 446 uni-

140 484 255 538 tatis
290 493 396 537 tota
432 483 673 538 catholica
705 482 933 538 Ecclesia
978 485 1188 538 debebat
1221 482 1539 536 immobiliter
1577 481 1847 535 adhaerere
1895 489 1946 534 et

140 571 436 624 incumbere.
512 567 639 624 Cum
683 580 846 624 autem
882 570 934 623 in
968 570 1127 624 dubiis
1163 570 1299 624 circa
1332 570 1474 623 fidem
1507 567 1878 638 quaestionibus
1915 585 1944 618 a

136 657 326 710 diabolo
363 656 567 710 subinde
602 656 911 723 excitandiS,
957 666 1012 709 ut
1048 673 1157 709 eam
1194 655 1306 709 fidei
1351 655 1591 708 unitatem
1628 654 1945 719 discinderet,

139 740 368 795 Christus
393 741 730 815 praecepisset
753 741 929 808 Petro,
955 752 1009 794 ut
1032 743 1215 795 fratres
1243 742 1559 795 confirmaret
1582 742 1635 793 in
1659 741 1770 807 fide,
1798 750 1848 794 et
1872 741 1945 793 ita

137 829 375 882 unitatem
410 829 520 882 fidei
557 829 607 881 in
633 828 862 882 Ecclesia
899 828 1200 894 custodiret3
1237 828 1428 893 oravit,
1467 846 1531 881 ne
1567 826 1618 878 in
1654 825 1729 879 his
1765 826 1944 880 confir-

135 916 325 969 mandis
363 925 412 968 et
444 915 735 969 vindicanda
767 914 878 968 fidei
913 915 1104 968 unitate
1139 914 1372 967 deficeret
1407 915 1512 984 ejus
1549 913 1694 978 fides,
1733 932 1858 983 quae
1892 913 1943 965 in

135 1000 359 1054 Ecclesia
384 1002 678 1073 praesertim
702 1000 934 1054 Romana
958 1002 1167 1055 debebat
1202 1018 1315 1053 esse
1338 1009 1587 1068 tamquam
1621 1009 1764 1070 petra
1788 999 1943 1052 stabi-

133 1088 209 1153 lis,
235 1089 286 1140 in
312 1106 408 1158 qua
433 1106 463 1139 a
489 1087 676 1140 cunctis
702 1086 923 1140 fidelibus
948 1086 1059 1139 fidei
1082 1087 1250 1139 unitas
1276 1095 1580 1139 servaretur.
1639 1082 1766 1137 Cum
1791 1104 1942 1156 porro

133 1174 352 1227 diabolus
387 1191 487 1226 non
527 1173 684 1225 solum
720 1172 1076 1244 Apostolorum
1113 1182 1307 1238 aetate,
1355 1190 1528 1226 verum
1577 1171 1725 1223 etiam
1771 1180 1945 1242 postea

136 1260 428 1313 connisurus
454 1269 616 1324 esset,
645 1269 698 1311 ut
722 1258 833 1312 fidei
859 1259 1198 1312 dissensiones
1222 1259 1356 1311 inter
1384 1256 1701 1311 Christianos
1728 1276 1944 1310 commo-

135 1357 274 1399 veret
309 1347 621 1415 eamdemque
647 1345 756 1398 fidei
782 1346 1020 1397 unitatem
1047 1345 1328 1408 dirimeret,
1366 1363 1492 1414 quae
1520 1362 1714 1414 semper
1740 1362 1944 1397 conser-

134 1433 295 1486 vanda
320 1442 428 1484 erat
452 1432 503 1483 in
523 1430 751 1484 Ecclesia
766 1429 980 1497 Christi,
1008 1431 1135 1484 idem
1162 1431 1371 1483 officium
1397 1429 1715 1484 confirmandi
1742 1431 1943 1495 fratreS,

135 1519 438 1588 tuendaeque
462 1518 694 1583 unitatis,
734 1517 860 1587 quod
887 1516 1041 1570 Petro
1080 1517 1394 1570 commissum
1428 1515 1545 1581 fuit,
1586 1516 1646 1567 ad
1684 1513 1943 1568 Romanos

135 1604 403 1657 Antistites
429 1606 533 1675 ejus
560 1622 876 1658 successores
900 1603 1165 1656 transiisse
1191 1622 1363 1656 omnes
1388 1605 1635 1668 fatentur,
1660 1621 1718 1655 ac
1742 1613 1944 1675 propte-

132 1709 218 1743 rea
245 1709 352 1743 cum
378 1691 545 1742 eadem
569 1691 646 1744 vis
674 1708 857 1760 cogens
885 1690 945 1741 ad
970 1691 1360 1742 conservandam
1385 1690 1497 1742 fidei
1522 1689 1760 1741 unitatem
1787 1689 1840 1740 in
1855 1689 1942 1742 iis-

133 1778 239 1828 ‹lem
267 1777 582 1846 agnoscenda
608 1776 674 1828 sit
698 1775 890 1828 ratione
917 1775 1182 1846 primatus,
1210 1794 1299 1846 pro
1326 1776 1544 1846 ipsorum
1572 1793 1766 1843 quoque
1791 1775 1884 1828 fide
1913 1795 1942 1827 a

132 1859 284 1914 Petro
311 1861 521 1926 tradita,
562 1872 611 1914 et
637 1862 696 1914 ad
723 1863 919 1915 eosdem
946 1862 1268 1926 transmissa,
1309 1879 1403 1931 qua
1442 1861 1493 1912 in
1531 1861 1816 1914 memoratis
1843 1862 1941 1914 dis-

131 1947 441 1999 sensionibus
481 1967 510 1999 a
535 1948 726 2001 diaholo
767 1947 1044 2001 excitandis
1080 1949 1264 2000 fratres
1291 1948 1670 2012 confirmarent,
1708 1945 1940 2002 Christus

132 2052 304 2085 orasse
330 2034 557 2086 dicendus
586 2044 678 2086 est.
730 2032 808 2086 Ea
843 2034 992 2104 igitur
1018 2033 1165 2098 fides,
1204 2053 1292 2087 seu
1317 2035 1543 2087 doctrina
1568 2034 1703 2099 fidei,
1740 2054 1863 2103 quae
1889 2036 1938 2087 in

134 2119 488 2172 controversiis
514 2119 625 2171 fidei
653 2120 711 2171 ab
737 2119 857 2191 ipsis
884 2118 1209 2172 Pontificibus
1234 2121 1307 2172 ita
1331 2121 1650 2192 proponitur,
1676 2131 1730 2171 ut
1755 2123 1939 2174 fratres

134 2215 183 2257 et
208 2206 372 2258 fideles
400 2224 570 2258 omnes
598 2205 889 2259 confirment
912 2205 964 2257 in
990 2206 1099 2270 fide,
1127 2215 1177 2258 et
1202 2206 1442 2260 unitatem
1463 2208 1677 2278 ejusdem
1698 2207 1808 2260 fidei
1829 2208 1940 2260 exi-

130 2302 280 2361 gant,
330 2301 475 2361 atque
513 2302 812 2347 conservent
850 2292 902 2343 in
927 2290 1154 2345 Ecclesia
1192 2293 1462 2358 catholica,
1515 2291 1810 2362 illa-est*),
1863 2294 1937 2347 cui

248 2499 288 2548 *)
318 2500 543 2538 Bossuetus
575 2498 735 2549 quidem
765 2499 836 2536 lib.
871 2499 940 2537 10.
982 2497 1253 2547 Defensionis
1284 2499 1336 2536 al.
1372 2499 1441 2537 15.
1473 2513 1510 2539 c.
1546 2500 1585 2537 1.
1625 2503 1726 2541 tom.
1757 2501 1801 2538 2.
1841 2512 1937 2550 pag.

134 2557 230 2596 186.
262 2570 394 2597 novae
426 2558 622 2597 editionis
662 2557 872 2609 explicans
903 2557 1196 2607 Evangelio-am
1228 2557 1381 2596 Christi
1423 2557 1753 2608 promissionem,
1799 2558 1940 2609 Super

131 2617 239 2656 hanc
269 2620 432 2666 petram
463 2615 694 2665 aedificabo
725 2615 961 2656 Ecclesiam
990 2628 1147 2667 meam,
1191 2619 1232 2655 et
1260 2619 1410 2666 portae
1439 2616 1571 2665 inferi
1599 2628 1685 2656 non
1717 2621 1937 2668 praevate-

132 2677 235 2714 bunt
265 2676 467 2715 adversus
497 2687 614 2724 eam,
653 2679 799 2725 petrae
830 2675 994 2714 1101111110
1025 2675 1251 2714 habendam
1282 2687 1364 2714 non
1394 2676 1522 2714 solam
1553 2676 1661 2715 illam
1692 2678 1808 2716 Petri
1840 2689 1936 2716 con·

130 2734 370 2782 sessionem,
419 2733 485 2772 Τιι
516 2746 560 2772 es
596 2733 790 2774 Christus
823 2733 963 2772 Filius
996 2733 1076 2772 Dei
1104 2734 1217 2777 vivi,
1259 2733 1334 2771 sed
1365 2746 1654 2784 quamcumque
1688 2737 1812 2775 etiam
1843 2749 1935 2774 suc-

129 2803 332 2831 cessorum
371 2793 456 2842 eJus
501 2793 795 2842 dogmaticam,
838 2803 953 2842 quam
998 2803 1046 2830 ex
1087 2791 1226 2830 officio
1266 2796 1521 2842 proponunt,
1572 2793 1799 2833 doctrinam
1839 2794 1935 2834 fidei

130 2855 271 2890 exerte
301 2851 467 2892 fatetur.
533 2851 704 2897 Quoties
738 2862 998 2890 successores
1029 2850 1147 2890 Petri
1189 2861 1446 2890 communem
1479 2850 1766 2893 Ecclesiam-um
1801 2851 1935 2903 fidem

131 2923 180 2950 eae
212 2911 421 2950 communi
453 2910 680 2950 traditione
709 2921 789 2961 pro
820 2907 962 2959 officio
995 2911 1270 2960 proponunt‚·
1315 2921 1458 2948 eorum
1489 2910 1720 2962 decretum,
1759 2914 1934 2963 praedi-

130 2970 359 3019 cationem,
390 2966 521 3018 fldem
556 2969 654 3018 fore
689 2967 901 3008 Ecclesiae
933 2967 1291 3018 fundamentum:
1333 2968 1398 3006 cui
1441 2969 1627 3008 nimirum
1672 2970 1934 3012 fundamento

130 3033 330 3079 tamquam
361 3032 505 3079 petrae
536 3027 731 3067 immobili
771 3031 864 3068 tota
894 3027 1085 3067 Ecclesia
1125 3027 1248 3067 debet
1288 3027 1539 3075 adhaerere,
1586 3033 1628 3069 et
1659 3029 1710 3069 de
1742 3043 1820 3082 quo
1854 3044 1934 3072 non

132 3087 260 3126 minus
289 3099 406 3138 quam
436 3087 487 3126 de
517 3087 709 3128 Ecclesia
738 3087 829 3138 ipsa
857 3086 1063 3126 verificari
1095 3087 1218 3126 debet
1256 3087 1492 3138 promissio:
1540 3087 1595 3128 Et
1626 3094 1775 3140 portae
1803 3091 1934 3140 inseri

132 3157 215 3185 non
246 3147 547 3196 praevalebunt
577 3147 778 3187 aduersus
811 3158 914 3188 eam.
963 3145 1081 3190 Quod
1114 3146 1172 3185 ait
1205 3158 1458 3186 communem
1478 3145 1765 3188 Ecclesiarum
1785 3148 1933 3200 fidem,

132 3208 172 3242 et
204 3216 253 3243 ex
285 3206 490 3244 commum·
521 3206 749 3245 traditione
793 3205 1028 3245 verificatur
1070 3205 1229 3244 etiamsi
1260 3205 1486 3245 Pontifices
1527 3206 1724 3247 definiant
1766 3210 1932 3259 potissi-

131 3275 234 3302 mum
277 3275 326 3302 ex
356 3264 601 3311 traditione,
642 3276 759 3315 quam
796 3265 838 3304 in
868 3265 1059 3304 Ecclesia
1087 3265 1273 3303 Romana
1313 3265 1357 3303 S.
1390 3265 1540 3304 Petrus
1577 3266 1787 3318 deposuit:
1830 3268 1932 3309 haec

131 3323 233 3361 enim
266 3326 329 3361 est
359 3323 475 3362 simul
507 3323 681 3362 omnium
712 3323 1004 3364 catholicarum
1034 3323 1313 3364 Ecclesiarum
1354 3322 1456 3362 fides
1493 3329 1617 3376 atque
1646 3326 1843 3374 traditio,
1888 3334 1932 3369 111

130 3381 390 3431 probavimus
420 3394 511 3431 cap.
543 3381 613 3421 14.
648 3393 753 3421 num.
783 3383 856 3421 27.
886 3384 1095 3422 Romanos
1126 3386 1261 3421 autem
1292 3382 1519 3423 Pontifices
1560 3385 1603 3423 in
1633 3387 1719 3426 suis
1749 3386 1932 3427 decreti-

129 3440 371 3490 dogmaticis
400 3452 560 3491 semper
590 3440 855 3482 traditionem
894 3454 921 3481 a
950 3443 996 3481 S.
1027 3443 1152 3482 Petro
1194 3453 1268 3493 per
1307 3443 1610 3483 successionem
1638 3446 1931 3497 praedecesso-

130 3510 214 3539 rum
243 3499 296 3539 ad
328 3512 372 3539 se
405 3512 530 3551 usque
568 3499 806 3552 perductam
845 3505 1069 3553 aequatos,
1113 3501 1319 3554 complura
1349 3501 1528 3554 ipsorum
1568 3505 1804 3546 testimonia
1836 3517 1931 3546 con-

1479 3572 1589 3627 19*
