2320 3990
929 179 1590 239 *144—

330 364 475 414 esse,
517 357 670 401 extra
710 363 881 400 arcam
921 347 1202 419 naufragus
1237 349 1509 418 flumme,
1539 353 1781 407 inaniter
1822 371 2098 426 spargere,
2137 365 2188 409 et

329 434 638 488 Antichristi
689 451 805 487 esse
857 433 1219 501 convincatur,
1273 439 1383 490 cuni
1433 440 1795 495 etf·u=aditi0ni
1841 439 2084 508 Pati-um,
2136 452 2186 496 et

328 521 623 595 Scripturae
662 522 930 577 sententiis
968 523 1302 590 conveniant,
1341 524 1598 580 maximae
1630 527 1683 581 in
1709 549 1817 584 rem
1844 538 2073 582 nostram
2100 548 2188 582 au-

329 608 583 663 ctoritatis
622 620 770 677 sunt,
810 611 1039 684 tantique
1076 611 1317 668 Doctoris
1355 612 1699 669 testimonium
1738 617 2186 672 luculentissimum

329 698 593 752 exhibent.

474 786 564 841 36.
604 787 897 860 Antequam
925 789 1025 844 alia
1051 790 1272 863 ejusdem
1299 790 1593 844 testimonia
1619 793 1852 865 profero,
1892 813 2076 850 nomen
2102 816 2184 850 ca·

326 876 580 938 thedrae,
609 875 687 930 cui
717 876 1087 932 adhaerendum
1114 878 1319 934 omnino
1348 897 1463 933 esse
1489 877 1546 931 S.
1575 877 1773 934 Doctor
1799 880 1989 954 (aeque
2017 901 2075 937 ac
2103 883 2189 936 alii

327 961 546 1037 Patres)
583 973 689 1018 tam
729 984 980 1039 expresse
1018 965 1394 1039 pronuntiavit,
1434 985 1503 1021 ex
1543 968 1732 1040 ipsiuS,
1771 988 1864 1023 nec
1903 987 2005 1022 non
2034 970 2186 1023 etiam

326 1051 539 1105 aliorum
557 1051 775 1109 Patrum
802 1054 1226 1127 interpretatione
1254 1055 1518 1128 explicare
1546 1056 1683 1123 libet,
1713 1058 1842 1128 quod
1871 1058 1931 1111 ad
1959 1067 2187 1112 statuen-

326 1141 439 1194 dam
473 1142 832 1197 necessitatem
869 1143 1079 1197 unitatis
1130 1144 1243 1198 fidei
1283 1143 1508 1199 maxime
1547 1147 1791 1200 conferet.
1879 1148 2186 1200 Cathedrae

324 1231 593 1302 appellatio
623 1231 750 1303 apud
774 1229 1060 1285 Ecclesiam
1087 1250 1157 1286 ex
1184 1232 1436 1287 Hebraeis
1453 1274 1467 1299 ,
1497 1252 1555 1288 ac
1580 1234 1882 1307 praesertim
1912 1252 1983 1287 ex
2010 1232 2186 1289 Evan-

325 1317 487 1388 gelico
524 1328 675 1371 textu
711 1318 967 1372 Matthaei
1005 1338 1048 1372 c.
1078 1319 1168 1373 23.
1204 1329 1373 1372 sumta
1411 1329 1518 1385 est,
1567 1321 1655 1373 ubi
1690 1320 1896 1392 Moysis
1945 1322 2186 1374 cathedra

324 1415 648 1472 memoratur,
677 1423 748 1459 ex
776 1425 873 1478 qua
894 1404 1106 1462 Sci-ibae
1137 1415 1187 1460 et
1214 1392 1488 1460 Pharis‘aei
1515 1407 1678 1479 legem
1706 1408 2053 1480 explicabant.
2089 1408 2187 1463 Hic

324 1503 488 1548 autem
526 1496 791 1548 cathedra
831 1497 1039 1568 Moysis
1080 1514 1181 1548 non
1220 1494 1534 1549 materialem
1573 1495 1791 1566 aliquam
1828 1494 2118 1551 cathedram
2157 1517 2187 1551 a

324 1582 513 1656 Moyse
540 1583 791 1654 quondam
818 1594 1132 1657 occupatam,
1162 1583 1251 1638 sed
1277 1583 1559 1637 doctrinam
1586 1584 1715 1656 legis
1727 1583 2008 1652 Mosaicae,
2038 1580 2185 1657 quam

323 1670 537 1725 Sci-ibae
566 1691 764 1743 quoque
792 1681 843 1725 et
869 1670 1142 1726 Pharisaei
1169 1673 1442 1737 docebant,
1483 1672 1648 1744 palam
1676 1671 1954 1744 significat,
1994 1683 2050 1726 ut
2076 1674 2184 1747 ipse

323 1760 617 1815 observavit
642 1759 1006 1833 Hieronymus
1038 1759 1133 1832 (L.
1162 1759 1216 1814 3.
1244 1760 1296 1812 in
1321 1758 1544 1832 Matth.)
1602 1761 1714 1814 Per
1749 1762 2068 1815 cathedram
2093 1765 2183 1816 do-

322 1853 552 1902 ctrinam
580 1850 714 1919 leyz‘s
741 1851 1013 1920 intelliyit.
1067 1845 1214 1916 Quod
1252 1848 1382 1901 idem
1410 1857 1461 1902 et
1485 1847 1806 1902 Athanasius
1843 1850 2107 1903 confirmat
2132 1851 2183 1903 in

323 1937 648 2011 expositione
675 1937 853 2011 psalmi
878 1938 1025 2010 primi
1053 1938 1115 1990 ad
1138 1937 1251 1989 illa:
1282 1939 1356 1989 Et
1379 1938 1694 1990 cathedram
1716 1940 2079 2008 pestilentiae,
2107 1939 2184 1992 in-

322 2027 526 2097 quiens:
558 2028 670 2080 Per
698 2028 1015 2080 cathedram
1042 2029 1349 2079 doctrinam
1377 2029 1676 2096 siqmflcat,
1703 2034 1764 2079 ut
1788 2030 1904 2096 ipse
1933 2031 2038 2080 ait.-
2085 2029 2181 2080 Su-

314 2135 420 2185 per
447 2116 765 2169 cathedram
793 2115 1020 2186 Moysz‘s.
1075 2113 1251 2184 Itaque
1278 2113 1427 2166 simili
1455 2131 1609 2167 sensu
1649 2122 1699 2167 et
1741 2114 1869 2186 apud
1895 2113 2181 2168 Ecclesiam

321 2202 561 2256 cathedra
599 2201 707 2256 sive
734 2199 1092 2275 EpiscopaliS,
1121 2202 1230 2258 sive
1257 2200 1529 2255 Pontificia
1569 2201 1692 2254 nihil
1730 2201 1863 2254 aliud
1896 2202 2059 2256 innuit
2085 2204 2184 2257 nisi

321 2290 603 2345 doctrinam
642 2290 770 2362 legis
808 2300 859 2344 et
885 2290 999 2344 fidei
1027 2289 1380 2357 Christianae,
1423 2310 1572 2361 quam
1598 2288 1839 2363 Episcopi
1867 2300 2015 2362 atque
2042 2290 2183 2345 Pon-

319 2380 478 2434 tifices
515 2379 740 2433 tradunt.
793 2378 926 2434 Hinc
962 2379 1091 2434 idem
1129 2380 1475 2453 Hieronymus
1511 2379 1657 2451 epist.
1690 2379 1776 2433 15.
1818 2379 1879 2432 ad
1906 2378 2182 2434 Damasum

319 2467 511 2540 Papam
552 2470 868 2522 cathedram
908 2470 1094 2530 Petri,
1130 2478 1182 2522 et
1212 2472 1374 2539 fidem
1414 2466 1731 2536 Apostolico
1771 2485 1868 2520 ore
1905 2470 2182 2523 laudatam

319 2557 458 2610 velut
495 2575 647 2608 unum
690 2565 741 2609 et
774 2555 905 2608 idem
946 2556 1168 2628 accepit,
1218 2566 1269 2609 et
1309 2555 1457 2628 epist.
1487 2554 1576 2609 97.
1617 2555 1682 2606 al.
1714 2555 1801 2609 78.
1845 2556 1905 2608 ad
1943 2555 2182 2610 Pamma-

321 2644 483 2697 chium
519 2647 989 2714 praedicationem
1042 2646 1339 2698 cathedrae
1391 2644 1575 2695 Marci
1620 2642 1849 2696 nominat
1895 2645 2181 2716 paschalem

319 2731 881 2806 epistolam'Theophili
907 2732 1281 2795 Alexandrini,
1319 2732 1374 2784 in
1411 2751 1510 2801 qua
1546 2741 1725 2784 contra
1765 2750 1970 2786 errores
1999 2732 2182 2805 Orige-

319 2822 398 2875 nis
427 2820 675 2875 catholica
702 2821 823 2874 fides
852 2820 1238 2893 explicabatur3
1269 2830 1316 2873 et
1346 2819 1579 2874 similiter
1596 2823 2067 2890 praedicationem
2097 2843 2180 2874 ca-

319 2912 546 2964 thedrae
578 2910 735 2963 Petri
769 2919 919 2964 vocat
946 2908 1218 2962 Anastasii
1251 2907 1424 2981 Papae
1464 2909 1692 2973 litteraS,
1733 2909 1910 2978 quibus
1938 2928 2047 2961 eam
2076 2909 2180 2980 epi-

320 3000 501 3052 stolam
530 2999 590 3051 ab
628 2998 720 3052 hoc
747 2997 998 3051 Pontifice
1026 2996 1418 3049 confirmandam
1446 2996 1748 3066 postulabat.
1805 2997 2179 3049 Praedicatio-

317 3108 437 3142 nem
475 3090 771 3142 cathedrae
812 3088 997 3140 Marci
1023 3085 1406 3154 Evangelistae
1445 3085 1709 3136 cathedra
1739 3084 1903 3135 Petri
1928 3083 2182 3153 Apostoli

320 3198 413 3230 saa
439 3179 859 3247 praedicatione
887 3178 1182 3245 confirmet.
1236 3169 1430 3224 Eodem
1464 3189 1661 3241 quoque
1699 3189 1854 3223 sensu
1881 3169 2098 3223 Rufinus
2126 3171 2178 3222 in

319 3265 534 3337 epistola
574 3266 634 3319 ad
674 3262 1011 3318 Gaudentium
1050 3258 1356 3333 Episcopum
1391 3257 1802 3331 interpretationi
1831 3259 2178 3329 Recoynitio-

318 3373 444 3407 nam
479 3355 711 3426 praefixa
746 3354 982 3407 docendi
1016 3350 1331 3404 cathedram
1368 3347 1612 3419 appellat,
1651 3357 1701 3400 et
1738 3364 2086 3401 successorem
2123 3347 2177 3398 in

320 3441 559 3496 cathedra
598 3440 774 3506 Petri,
819 3443 1101 3494 doctrinae
1138 3435 1295 3510 ipsius
1330 3454 1679 3490 successorem
1705 3443 1874 3490 vocat.
1927 3431 2176 3487 Similiter

319 3530 639 3602 Augustinus
668 3532 951 3584 doctrinae
979 3529 1236 3581 salutaris
1263 3525 1578 3578 cathedram
1604 3522 1831 3577 nominat
1869 3521 2015 3594 epist.
2047 3521 2170 3574 105.

1276 3671 1322 3709 Ὀ
