2320 3990
959 226 1104 263 xxm

129 402 311 435 necesse
341 385 515 431 omnino
546 382 628 437 sit,
671 393 821 426 omnes
854 380 1095 425 catholicos
1126 391 1225 420 cum
1254 372 1591 419 successoribus
1619 371 1668 413 S.
1698 369 1827 414 Petri

128 449 342 494 unitatem
364 447 520 488 tenere
544 455 633 486 non
647 441 796 484 solum
822 440 1026 485 caritatis
1042 444 1089 482 et
1105 435 1430 488 communionis,
1455 433 1537 477 sed
1562 430 1826 490 praesertim

128 507 233 552 fidei
234 524 1419 550 .........................................
1422 527 1426 529 -
1434 521 1711 538 ..........
1750 504 1855 549 pag.
1885 485 1948 564 53-

189 584 230 636 §.
261 581 296 623 I.
348 579 418 623 De
447 577 702 620 necessaria
732 575 905 621 unitate
937 569 1250 616 communionis
1281 567 1473 611 omnium
1499 565 1696 611 fidelium
1727 579 1827 609 eum

130 640 306 685 summis
321 637 613 682 Pontificibus
632 636 806 679 ratione
829 633 1056 690 primatus.
1104 627 1345 685 Oppositio
1360 641 1388 669 a
1402 625 1621 670 nonnullis
1645 625 1827 682 ingesta

130 716 186 744 ex
226 697 534 743 schismatibus
575 694 748 738 Meletii
785 689 1051 736 Antiocheni
1081 694 1130 732 et
1159 686 1311 731 Aeacii
1342 684 1829 742 Constantinopolitani

129 759 326 803 diluitur.
361 773 1816 800 ..................................................

190 834 230 886 §-
262 832 316 876 Π.
362 829 624 873 Necessitas
651 826 834 870 unitatis
855 823 962 868 fidei
986 837 1083 867 cum
1108 821 1196 864 fide
1214 821 1437 863 Romanae
1463 818 1607 874 sedis,
1640 833 1723 862 seu
1737 818 1827 861 Ro-

130 905 354 935 manorum
367 889 632 933 Pontificum
648 901 703 929 ex
718 885 988 944 praestituta
1006 881 1280 926 necessitate
1296 879 1483 924 unitatis
1500 878 1829 931 communionis,

132 957 179 995 et
194 950 394 995 caritatis
412 963 508 992 cum
522 947 677 991 iisdem
694 944 919 1002 colligitur
922 969 1818 986 ...............................

532 1066 755 1115 CAPUT
793 1065 894 1112 XII.
973 1062 1227 1127 Propositio
1264 1060 1542 1108 duodecima.

191 1160 416 1204 Unitatem
439 1158 703 1215 praesertim
730 1156 776 1200 in
799 1155 888 1199 fide
913 1169 1010 1199 cum
1026 1153 1115 1196 fide
1131 1153 1178 1198 S.
1197 1151 1324 1196 Petri
1339 1165 1391 1194 ac
1407 1164 1716 1194 successorum
1732 1152 1831 1208 ejus

134 1222 427 1265 Romanorum
455 1217 720 1261 Pontificum
759 1215 959 1259 omnibus
990 1212 1260 1257 Christianis
1291 1209 1590 1254 necessariam
1620 1211 1833 1255 evincunt

136 1296 191 1323 ex
217 1293 342 1323 sacra
367 1278 602 1334 Scriptura
623 1276 700 1319 illa
727 1275 1000 1332 Evangelica
1026 1271 1300 1324 testimonia,
1334 1285 1447 1328 quae
1475 1270 1532 1313 de
1563 1270 1756 1326 primatu
1781 1271 1828 1314 S.

134 1340 259 1383 Petri
282 1338 527 1394 insigniora
552 1343 656 1379 sunt
660 1360 1822 1378 ........................................

195 1414 232 1465 ἓ.
263 1412 298 1454 1.
335 1411 415 1453 ma
431 1410 601 1452 Christi
618 1409 757 1453 verba
772 1406 995 1450 Matthaei
1013 1420 1049 1449 c.
1067 1404 1135 1448 16.
1154 1421 1194 1450 v.
1211 1402 1277 1446 18.
1314 1405 1376 1446 'I'u
1394 1417 1442 1446 es
1461 1405 1624 1447 Petrus
1642 1411 1688 1447 ec
1703 1418 1833 1458 super

138 1475 249 1514 hanc
278 1477 445 1525 petram
473 1471 713 1520 aedificabo
743 1470 989 1510 Ecclesiam
1014 1479 1152 1508 meam
1184 1470 1270 1508 etc.
1302 1463 1616 1507 necessitatem
1645 1464 1832 1508 unitatis

137 1530 242 1574 fidei
265 1544 361 1572 cum
386 1529 473 1572 fide
501 1531 548 1571 S.
565 1528 692 1572 Petri
717 1541 770 1570 ac
793 1540 1100 1570 successorum
1124 1526 1221 1582 ejus
1248 1525 1543 1567 Romanorum
1567 1523 1834 1568 Pontificum

136 1589 490 1631 manifestissime
517 1588 743 1630 evincunt.
772 1613 1824 1628 ....................................

194 1662 227 1706 1.
268 1662 435 1762 cPetrae
473 1659 646 1703 nomine
686 1658 819 1702 fidem
849 1659 896 1699 S.
928 1657 1056 1700 Petri
1096 1656 1340 1714 significari
1370 1657 1556 1699 Patrum
1593 1657 1835 1702 traditione

137 1730 262 1766 osten
295 1721 397 1763 itur.
428 1745 1824 1762 ................................................

195 1796 247 1838 Π.
292 1795 340 1837 In
363 1795 475 1836 hanc
498 1798 648 1847 petrae
670 1791 1086 1847 interpretationem
1114 1788 1331 1847 quomodo
1356 1787 1563 1831 Ecclesia
1588 1804 1724 1846 super
1748 1792 1835 1834 Pe-

137 1864 254 1898 trum
270 1854 504 1897 aedificata
529 1852 752 1896 commode
776 1850 1064 1907 intelligatur.
1111 1851 1235 1894 Aliae
1261 1848 1658 1905 interpretationes
1688 1852 1835 1895 conci-

138 1915 283 1958 liatae.
330 1914 433 1956 Non
459 1913 696 1969 singularis
719 1911 794 1954 illa
809 1910 943 1963 fides,
976 1925 1062 1968 qua
1079 1910 1126 1952 S.
1143 1911 1308 1952 Petrus
1326 1909 1554 1951 Christum
1570 1909 1655 1952 Dei
1672 1910 1835 1956 Filium

140 1974 370 2030 professus
401 1978 494 2026 est,
528 1972 607 2015 sed
637 1971 846 2015 universa
872 1970 985 2013 fides
1013 1971 1288 2021 Christiana,
1322 1983 1453 2026 quam
1482 1968 1528 2011 in
1559 1968 1836 2015 aedificanda

137 2033 340 2077 Ecclesia
366 2031 664 2089 praedicavit,
694 2038 850 2084 petrae
874 2031 1047 2073 nomine
1069 2029 1328 2087 accipienda
1353 2034 1626 2072 monstratur
1628 2062 1825 2074 .......

196 2108 270 2148 ΙΙΙ.
319 2107 552 2156 Quatenus
585 2120 639 2147 ex
670 2106 752 2146 hac
790 2104 1159 2160 interpretatione
1190 2103 1359 2146 laudati
1391 2109 1542 2145 textus
1573 2103 1838 2162 Evangelici

141 2167 286 2208 unitas
302 2164 567 2220 praesertim
582 2164 688 2205 fidei
704 2163 893 2205 omnium
910 2162 1274 2204 christifidelium
1290 2177 1387 2204 cum
1403 2161 1492 2204 fide
1511 2164 1557 2204 S.
1576 2163 1722 2216 Petri,
1756 2181 1837 2209 seu

141 2223 400 2280 praedicata
425 2238 451 2266 a
468 2224 632 2267 Sancto
649 2222 787 2265 Petro
812 2221 1066 2264 necessaria
1090 2222 1318 2277 probetur.
1365 2221 1535 2264 Eadem
1558 2222 1708 2266 unitas
1731 2224 1838 2268 fidei

141 2290 359 2340 quatenus
376 2283 432 2324 ab
449 2282 547 2324 aliis
562 2282 788 2337 Apostolis
806 2288 985 2336 servata
1000 2280 1045 2322 in
1063 2280 1299 2323 fundandis
1317 2280 1517 2323 ecclesiis
1522 2311 1830 2327 ...........

198 2356 271 2399 IV.
310 2355 479 2398 Eadem
502 2354 607 2397 fidei
628 2354 778 2397 unitas
804 2369 901 2396 cum
924 2353 1012 2396 fide
1039 2354 1334 2397 Romanorum
1362 2355 1627 2398 Pontificum
1658 2371 1835 2402 succes—

140 2430 286 2459 sorum
316 2416 363 2458 S.
382 2414 507 2457 Petri
538 2413 691 2456 eodem
722 2414 938 2470 primatus
965 2414 1069 2469 jure
1094 2415 1347 2456 necessaria
1375 2415 1638 2459 ostenditur.
1686 2417 1838 2461 Pauca

140 2475 362 2518 adduntur
385 2475 440 2517 de
465 2473 652 2516 clavium
678 2479 925 2529 potestate3
958 2487 1072 2529 quae
1101 2475 1256 2515 eodem
1281 2480 1410 2516 textu
1431 2474 1705 2529 Evangelico
1733 2491 1836 2533 pro·

139 2535 269 2577 missa
286 2535 451 2577 Sancto
467 2534 618 2586 Petr0‚
651 2532 826 2590 aequali
845 2534 947 2590 jure
966 2533 1011 2575 in
1036 2548 1318 2575 successores
1336 2534 1434 2589 ejus
1452 2534 1658 2577 transivit
1663 2566 1828 2579 ......

202 2611 243 2662 ξ.
266 2608 319 2654 Π,
359 2606 657 2650 Confirmatur
673 2606 826 2648 eadem
842 2607 1088 2649 necessitas
1104 2607 1291 2650 unitatis
1307 2607 1413 2650 fidei
1429 2623 1526 2650 cum
1542 2607 1630 2652 fide
1646 2611 1694 2652 S.
1711 2611 1838 2655 Petri

142 2683 196 2710 ex
221 2667 308 2711 illis
334 2667 486 2710 Lucae
511 2664 583 2709 22.
610 2680 728 2709 vers.
755 2662 826 2708 32.
869 2666 1037 2718 Simon,
1069 2667 1236 2719 Simon,
1268 2681 1370 2710 ecce
1396 2675 1587 2710 satanas
1621 2675 1840 2723 esa-petivit

143 2742 244 2779 vos,
277 2732 327 2768 ut
359 2730 572 2768 cribraret
602 2729 722 2768 sicut
749 2729 957 2768 tricicum.
1003 2727 1097 2780 Eyo
1124 2734 1269 2769 autem
1296 2731 1450 2780 roqavi
1473 2741 1551 2780 pro
1580 2735 1644 2781 te,
1678 2737 1730 2773 uc
1752 2746 1836 2775 non

143 2787 319 2836 deficiat
335 2787 444 2837 fides
471 2791 572 2837 tua,
606 2791 649 2826 ec
675 2791 723 2826 ta
752 2788 995 2837 aliquando
1019 2798 1255 2828 conversus
1282 2788 1487 2837 confirma
1511 2789 1680 2836 fratres
1707 2796 1820 2834 tuos.

204 2862 244 2914 ξ.
274 2860 348 2902 ΙΠ.
404 2858 516 2902 Illud
543 2871 720 2915 quoque
746 2857 929 2900 Joannis
956 2872 1052 2914 cap.
1080 2855 1151 2899 21.
1175 2872 1292 2901 vers.
1323 2855 1389 2899 15.
1420 2859 1558 2902 Petro
1583 2861 1840 2916 specialiter

143 2918 332 2972 dictum,
365 2919 508 2962 Pasce
528 2930 666 2971 aquus
688 2930 827 2968 meos,
858 2930 992 2969 pasce
1009 2930 1112 2959 oves
1130 2931 1272 2971 meas,
1305 2917 1500 2960 eamdem
1525 2921 1839 2967 necessitatem

143 2978 326 3021 unitatis
356 2977 461 3020 fidei
492 2976 776 3019 demonstrat.
812 3006 1824 3025 ...................................

513 3095 736 3145 CAPUT
774 3095 897 3144 XIII.
978 3095 1227 3163 Propositio
1263 3098 1585 3148 decimatertia.

203 3188 373 3230 Eadem
388 3187 632 3231 necessitas
649 3187 832 3230 unitatis
857 3189 1170 3232 communionis
1187 3195 1233 3231 et
1251 3190 1513 3246 praesertim
1530 3191 1635 3235 fidei
1652 3194 1839 3238 omnium

145 3247 496 3290 Christianorum
527 3261 624 3290 cum
655 3247 701 3290 S.
733 3247 860 3290 Petri
892 3248 1020 3302 sede,
1060 3254 1107 3291 et
1138 3250 1471 3293 successoribus
1502 3251 1599 3307 ejus
1630 3253 1837 3298 Romanis

1887 739 1947 787 53

1890 935 1941 979 61

1893 1328 1951 1373 66

1895 1583 1953 1627 69

1895 1716 1954 1761 70

1899 2031 1955 2077 78

1898 2284 1950 2328 81

1898 2538 1956 2581 86

1899 2791 1959 2834 90

1900 2984 1957 3027 96

145 3306 437 3349 Pontificibus
462 3306 699 3349 traditione
725 3306 909 3350 Patrum
934 3308 1182 3351 luculenter
1206 3308 1425 3352 statuitur
1426 3340 1828 3357 ..............
1874 3314 1957 3357 100

205 3381 244 3434 ς.
275 3380 307 3422 1.
354 3379 547 3436 Insignis
570 3379 693 3423 locus
719 3381 765 3423 S.
788 3381 980 3433 Irenaei,
1011 3396 1100 3440 quo
1126 3382 1342 3425 unitatem
1366 3382 1471 3427 fidei
1498 3399 1594 3428 cum
1614 3386 1838 3432 Romanae

145 3438 394 3490 Ecclesiae,
426 3453 507 3482 seu
523 3439 815 3483 Romanorum
831 3440 1097 3485 Pontificum
1120 3441 1207 3483 fide
1237 3456 1291 3485 ex
1315 3442 1527 3499 primatus
1546 3445 1649 3501 jure
1666 3449 1843 3492 cunctis

147 3497 411 3542 Christianis
437 3498 731 3542 necessariam
759 3513 969 3556 expresse
996 3501 1189 3545 affirmat
1193 3532 1827 3550 ......................
1877 3506 1958 3549 102
