2314 3984
960 159 1619 220 ----304---

365 328 652 382 munionem
677 325 930 399 receperit
954 326 1269 381 Arianorum
1294 329 1577 404 principes3
1607 350 1666 387 ae
1693 350 1749 386 se
1775 351 1885 386 cum
1911 332 2088 386 iisdem
2127 350 2216 404 pa-

363 435 473 471 cem
508 426 684 470 tenere
718 414 978 486 professus
1015 413 1110 467 sit:
1160 413 1224 468 Π.
1265 417 1398 487 quod
1434 419 1790 492 subscripserit
1823 420 2068 474 formulae
2103 417 2215 474 Sir-

361 503 561 570 miensi,
587 521 735 574 quam
760 499 1011 555 Arianam
1036 503 1294 575 perfidiam
1319 502 1545 559 Hilarius
1571 509 1858 580 appellavit.
1898 507 2126 562 Primum
2154 508 2214 561 ad

363 611 470 646 rem
495 590 624 645 meri
647 588 770 644 faeti
793 590 1045 662 pertinet3
1091 591 1213 651 faeti
1240 592 1372 646 enim
1399 591 1591 646 crimen
1617 604 1696 648 est
1721 595 1944 651 diserere
1970 597 2214 651 innocen-

362 690 464 734 tem
490 678 858 745 Athanasium,
899 681 1039 752 cujus
1079 679 1304 734 defensio
1344 690 1642 735 constanter
1666 681 1965 739 vindicanda
1991 695 2134 751 erat,
2164 694 2215 738 et

362 769 424 822 ad
449 767 821 822 haereticorum
841 767 1238 822 communionem
1257 769 1512 837 transire3
1539 768 1593 822 in
1619 779 1801 824 neutro
1828 781 1995 826 autem
2019 772 2216 827 inveni-

361 867 446 910 tur
472 874 691 910 erronea
717 855 830 910 fidei
856 856 1094 910 definitio.
1147 854 1323 910 Potuit
1350 858 1482 911 enim
1508 867 1773 928 utrumque
1798 859 1909 914 fieri
1935 860 1996 912 ab
2025 878 2105 925 ee,
2132 859 2216 930 qui

361 945 578 998 humana
605 943 774 1015 aliqua
799 944 999 999 ratione
1026 963 1096 999 ex
1121 944 1416 1000 infirmitate
1451 946 1513 999 ad
1548 955 1818 1017 utrumque
1853 947 2100 1019 agendum
2127 948 2216 1000 du-

361 1043 533 1099 catur,
561 1032 680 1103 quin
707 1032 1017 1087 haereticum
1042 1033 1223 1106 dogma
1248 1035 1509 1101 erederet,
1537 1035 1855 1102 defenderet,
1883 1036 1966 1090 vel
1991 1035 2213 1090 doceret.

358 1121 648 1175 Athanasio
689 1122 749 1175 ab
788 1120 1003 1175 Arianis
1046 1121 1424 1194 imputabantur
1458 1123 1687 1189 erimina,
1729 1143 1857 1194 quae
1893 1125 2024 1177 falsa
2051 1134 2221 1190 erant,

360 1230 454 1266 nec
480 1211 803 1284 pertinebant
828 1210 891 1262 ad
917 1209 1198 1264 doctrinam
1223 1210 1366 1277 fidei3
1406 1212 1790 1283 eorumdemque
1826 1212 2087 1266 criminum
2122 1231 2214 1265 no-

360 1299 494 1352 mine
523 1299 584 1350 ab
610 1297 711 1350 illis
739 1297 994 1368 depositus
1020 1299 1202 1349 fuerat.
1255 1295 1498 1351 Liberius
1532 1297 1587 1351 in
1611 1299 1948 1371 praesumptis
1987 1299 2215 1371 epistolis

358 1405 414 1440 se
440 1384 617 1439 melius
645 1384 874 1437 edoctum
900 1383 1167 1456 praetulit,
1209 1401 1318 1436 cum
1344 1383 1503 1456 ipsum
1544 1386 1767 1438 deseruit
1784 1425 1798 1450 ,
1815 1386 1877 1439 'et
1905 1386 1966 1438 ad
1989 1385 2217 1440 inimico-

359 1493 470 1527 rum
498 1474 603 1545 ejus
629 1482 828 1546 partem
853 1470 1109 1527 transivit.
1162 1469 1306 1524 Haec
1343 1490 1500 1525 causa
1539 1472 1705 1526 aliena
1730 1492 1821 1545 per
1847 1491 1902 1526 se
1929 1491 1960 1525 a
1985 1473 2217 1546 dogmate

359 1562 501 1629 fidei,
529 1562 776 1616 defectum
815 1560 1012 1631 quidem
1040 1559 1359 1614 constantiae
1394 1559 1447 1613 in
1485 1558 1696 1615 Liberio
1725 1563 1936 1634 probat,
1965 1581 2065 1615 non
2091 1582 2216 1617 vero

359 1669 589 1704 errorem
615 1649 667 1702 in
694 1649 818 1715 fide,
856 1650 1011 1703 multo
1038 1648 1204 1702 minus
1233 1649 1537 1703 definitionis
1565 1669 1809 1704 errorem.
1861 1648 1951 1702 Ex
1990 1652 2083 1705 hoc
2108 1652 2217 1722 qui-

358 1740 468 1793 dem
495 1740 627 1792 facto
654 1756 895 1809 magnum
921 1738 1211 1790 scandalum
1238 1737 1498 1791 oriebatur
1523 1737 1576 1790 in
1601 1738 1763 1811 ipsam
1790 1739 1960 1807 fide1n3
1990 1750 2042 1792 at
2069 1759 2216 1794 error

356 1827 472 1881 fidei
497 1846 588 1899 per
615 1844 688 1892 se,
717 1835 768 1879 et
794 1824 1101 1878 definitionis
1129 1843 1275 1878 error
1301 1824 1396 1880 hoc
1415 1826 1639 1880 scandali
1661 1827 1850 1881 crimen
1871 1827 1965 1881 dici
1985 1846 2086 1880 non
2104 1838 2216 1900 pot-

359 1925 454 1968 est.
497 1911 677 1982 Quoad
702 1912 1122 1986 subscriptionem
1149 1932 1274 1967 vero
1301 1915 1545 1968 formulae
1572 1913 1869 1969 Sirmiensis
1889 1917 1997 1988 jam
2030 1934 2216 1972 conve-

357 2003 434 2056 nit
459 2005 566 2056 fere
594 2002 728 2055 inter
754 2020 930 2055 omnes
958 2001 1180 2055 eruditos
1209 2000 1361 2055 etiam
1399 2002 1722 2057 adversarios
1761 2002 1910 2075 (Vid.
1940 2001 2212 2058 Tillemon.

357 2111 408 2144 ιι.
438 2091 526 2144 55.
555 2091 608 2142 in
634 2088 879 2162 Arian.),
919 2090 1054 2143 illam
1091 2089 1251 2144 fuisse
1286 2090 1500 2163 primam
1536 2092 1802 2145 formulam
1828 2089 2006 2145 Sirmii
2032 2092 2214 2146 editam

357 2189 538 2234 eontra
562 2177 837 2232 Photinum
854 2219 868 2245 ,
897 2197 1044 2249 quam
1069 2177 1122 2230 in
1148 2178 1277 2232 libro
1304 2180 1394 2232 De
1421 2182 1639 2251 synodis
1666 2180 1775 2253 ipse
1801 2178 1858 2233 S.
1887 2178 2115 2235 Hilarius
2141 2181 2214 2234 uti

357 2267 652 2323 catholicam
680 2276 921 2321 excusat:
949 2267 1061 2321 ideo
1090 2277 1256 2322 autem
1284 2271 1338 2320 in
1365 2270 1708 2339 Fraymentz‘s
1734 2277 1885 2322 vocat
1902 2272 2214 2340 perfidiam,

357 2357 474 2429 quia
500 2376 571 2411 ex
598 2357 702 2428 ejus
725 2354 979 2409 sententia
1000 2359 1267 2427 quidquid
1272 2364 1497 2425 praeter
1512 2359 1677 2427 fidem
1695 2377 1855 2410 unam
1869 2354 1951 2428 (N
1953 2356 2213 2428 icaenam)

358 2455 459 2508 est,
493 2448 734 2516 perfidia
772 2451 873 2504 est,
910 2452 966 2494 ut
1004 2442 1077 2494 ait
1114 2443 1168 2495 in
1209 2443 1337 2496 libro
1366 2454 1547 2497 contra
1574 2442 1931 2497 Constantium
1958 2463 2094 2497 num.
2124 2446 2213 2499 24.

358 2529 610 2602 Quidquid
635 2549 760 2583 sane
788 2528 1168 2600 exprimebatur
1193 2530 1247 2582 in
1274 2530 1365 2583 hac
1391 2531 1630 2597 formula,
1665 2550 1843 2585 verum
1871 2542 2010 2598 erat,
2051 2533 2095 2585 si
2133 2551 2216 2586 ca-

354 2619 536 2674 tholico
565 2637 718 2672 sensu
744 2617 1072 2689 acciperetur.
1125 2616 1249 2670 Illud
1274 2627 1469 2670 tantum
1493 2616 1704 2672 Liberio
1731 2620 1855 2674 vitio
1883 2621 2028 2673 datur
2056 2619 2216 2693 (Bos-

356 2718 488 2762 suet.
518 2707 602 2760 lib.
625 2706 677 2760 9.
700 2703 912 2759 Defens.
943 2723 987 2757 c.
1010 2704 1151 2777 33.),
1178 2707 1552 2777 subscripsisse
1581 2710 1632 2760 ei
1651 2711 1800 2779 fidei,
1829 2729 1935 2779 qua
1971 2710 2214 2763 Christus

357 2796 829 2851 consubstantialis
858 2795 1199 2866 ejusdemque
1227 2814 1347 2848 cum
1370 2796 1541 2849 Patre
1562 2797 1892 2850 substantiae
1917 2805 2212 2851 taceretur.-

358 2886 489 2957 quod
515 2884 568 2938 in
595 2882 787 2937 erroris
814 2880 1150 2954 patrocinium
1178 2882 1238 2935 ab
1266 2882 1536 2937 haereticis
1557 2885 1831 2939 transferri
1856 2894 2076 2957 poterat.
2107 2884 2214 2938 Ta-

357 2994 474 3028 cere
501 2983 669 3027 autem
695 2972 824 3042 quod
852 2969 1176 3035 catholicum,
1206 2981 1255 3024 et
1283 2990 1311 3023 a
1338 2971 1595 3026 catholicis
1621 2973 1952 3045 profitendum
1979 2981 2085 3038 est,
2115 2972 2213 3025 cri-

357 3081 472 3116 men
501 3072 579 3116 est
605 3058 925 3125 0111issiouis3
966 3067 1017 3111 et
1054 3058 1384 3130 subscripti0‚
1421 3078 1547 3130 quae
1574 3078 1644 3113 ex
1670 3059 1944 3113 omissione
1970 3060 2211 3131 ejusmodi

356 3150 654 3203 trahebatur
681 3147 733 3200 in
761 3145 1193 3200 confirmationem
1221 3146 1411 3199 erroris
1428 3186 1441 3212 ,
1469 3157 1549 3199 est
1574 3157 1831 3219 peccatum
1859 3146 2100 3213 scandali,
2128 3147 2213 3201 de-

357 3237 517 3292 finitio
545 3247 712 3291 autem
736 3235 938 3308 proprie
965 3234 1100 3288 dicta
1127 3233 1318 3288 erroris
1344 3234 1518 3304 nequit
1540 3234 1798 3308 appellari.
1850 3233 2092 3288 Liberius
2118 3234 2213 3288 ita-

358 3344 453 3396 que
481 3323 806 3379 subscribens
831 3323 1108 3388 formulae,
1149 3341 1276 3394 quae
1308 3323 1510 3376 tacebat
1546 3323 1676 3393 quod
1714 3333 1825 3376 erat
1864 3322 2214 3385 confitendum,

359 3432 460 3466 non
489 3423 624 3468 esset
651 3413 1011 3478 excusandus3
1040 3411 1127 3466 sed
1153 3410 1397 3465 formulae
1423 3409 1471 3464 id
1496 3411 1688 3465 tacenti
1714 3411 2032 3466 subscribere
2048 3451 2062 3476 ,
2090 3410 2214 3465 fuis-
