2314 3984
748 237 1133 295 -aev
1226 269 1394 279 --

164 407 460 482 gunsinane,
490 406 551 459 in·
568 405 791 476 plenario
827 406 1026 459 tandem
1064 405 1283 459 concilio.
1301 400 1765 474 centres-wius&
1779 412 1981 456 sentem»

161 493 285 549 tiam
307 491 525 545 deeimmi
550 489 742 544 fuisset.
782 489 947 544 Porro
974 487 1220 563 Cypriani
1236 489 1624 544 ‚aetatenullam
1648 487 1980 542 definitionem

163 577 361 651 proprie
397 577 577 630 dietam
612 577 722 629 fidei
760 577 810 629 in
845 596 906 631 eo
943 577 1146 647 nogotio
1189 594 1456 631 emanasse
1493 584 1681 630 eertum
1719 573 1976 628 existimo.

163 661 340 732 Neque
375 662 504 716 enim
549 665 797 716 decretum
840 681 929 717 seu
974 662 1173 716 litterae
1209 658 1484 732 Stephani,
1507 667 1510 671 ’
1535 660 1711 730 quibus
1762 659 1980 730 rebapti-

163 749 393 804 zantibus
419 749 636 813 obstitit,
674 747 980 820 dogmaticae
1004 746 1304 806 definitionis
1329 748 1539 800 formam
1555 775 1557 777 ·
1573 750 1635 799 ac
1660 745 1759 800 vim
1786 747 1981 816 praefe-

164 836 371 899 rebant,
407 854 552 904 quam
578 834 623 887 si
659 835 743 887 ille
769 834 1032 897 edidisset,
1071 851 1180 885 eum
1207 830 1465 904 Cypriano
1492 843 1543 886 et
1568 830 1752 886 ceteris
1778 839 1978 883 contra-

165 922 287 978 riam
312 931 363 974 et
387 923 475 974 abs
503 940 556 974 se
582 920 907 992 proscriptam
943 918 1219 972 doctrinam
1256 918 1683 990 propugnantibus
1720 935 1822 969 non
1847 916 1979 987 egis·

164 1017 241 1060 set
278 1007 398 1060 solis
432 1004 961 1061 excommunicationis
997 1004 1174 1070 minis,
1215 1006 1302 1058 scd
1339 1015 1453 1059 actu
1487 1023 1575 1058 eos
1615 1003 1912 1056 abscidisset
1951 1022 1978 1054 a

164 1094 503 1146 communione
529 1101 580 1144 et
605 1090 796 1143 unitate
821 1091 1084 1156 catholica,
1111 1100 1164 1142 ut
1188 1090 1240 1142 in
1268 1091 1470 1144 edendis
1497 1089 1699 1161 proprie
1725 1089 1869 1141 dictis
1894 1089 1979 1142 de-

161 1177 462 1230 finitionibus
498 1175 790 1248 dogmaticis
822 1175 932 1230 fieri
966 1176 1240 1230 consuevit.
1293 1178 1402 1230 Hac
1428 1178 1487 1230 de
1513 1195 1569 1228 re
1595 1193 1695 1227 non
1722 1193 1830 1227 cum
1859 1175 1979 1226 solis

159 1263 415 1317 Africanis
452 1260 706 1334 Stephano
744 1262 972 1332 quaestio
1007 1263 1124 1327 fuit,
1162 1265 1247 1316 sed
1285 1262 1431 1334 (vid.
1460 1262 1615 1317 vitam
1643 1258 1698 1314 S.
1730 1257 1976 1331 Cyprian.

161 1367 320 1402 novae
358 1349 472 1402 edit.
512 1347 688 1400 Baluz.
731 1349 1052 1419 praemissam
1088 1350 1134 1416 ξ.
1165 1351 1250 1402 29.
1292 1351 1385 1402 col.
1424 1351 1510 1402 76.
1552 1346 1682 1416 77.)
1732 1355 1849 1398 ante
1890 1347 1978 1398 ali-

162 1444 347 1503 quanto
398 1434 548 1487 etiam
597 1453 706 1486 cum
744 1434 979 1498 Asianis,
1032 1444 1084 1486 ut
1116 1453 1187 1487 ex
1224 1433 1266 1485 F
1270 1435 1507 1487 irmiliani
1557 1432 1768 1504 epistola
1807 1431 1976 1501 liquet.

161 1519 385 1573 Asianos
413 1529 576 1572 autem
603 1519 654 1571 in
682 1521 907 1584 decreto,
944 1521 1069 1590 quod
1109 1539 1276 1574 eorum
1316 1539 1468 1573 causa
1494 1518 1724 1589 scripsit,
1763 1537 1865 1570 non
1893 1519 1978 1570 ah'-

162 1604 304 1657 scidit
331 1623 360 1656 a
386 1604 759 1670 communione3
787 1606 874 1658 sed
899 1606 1116 1659 minatus
1143 1606 1445 1659 solummodo
1473 1615 1568 1669 est,
1597 1625 1650 1657 se
1677 1625 1732 1657 se
1759 1607 1823 1656 ob
1846 1625 1976 1657 ecem-

159 1693 277 1742 dem
295 1692 442 1742 illam
462 1710 676 1742 causam
697 1693 762 1743 ab
785 1694 998 1743 illorum
1014 1696 1374 1744 communione
1391 1692 1525 1742 DIS
1534 1692 1722 1743 CESS
1737 1693 1839 1743 UR
1852 1693 1978 1752 UM,

159 1775 558 1844 quemadmodum
608 1775 838 1829 discimus
889 1794 959 1828 ex
1007 1776 1244 1850 Dionysii
1294 1775 1634 1828 Alexandrini
1684 1777 1867 1829 litteris
1919 1779 1978 1828 ad

160 1858 382 1931 Xystum
422 1860 583 1931 (apud
609 1859 794 1915 Euseb.
824 1860 956 1912 Hist.
987 1863 1018 1913 l.
1050 1863 1099 1916 7.
1139 1882 1182 1916 c.
1211 1864 1321 1933 5.)‚
1360 1861 1442 1913 ubi
1468 1861 1619 1914 etiam
1658 1882 1712 1915 se
1739 1882 1794 1916 se
1821 1864 1978 1916 inter-

160 1946 384 2015 posuisse
410 1946 617 2011 indicat,
658 1966 720 1999 ne
747 1965 832 2000 eos
872 1966 902 1999 a
929 1950 1270 2003 communione
1298 1967 1389 2001 sua
1429 1959 1742 2019 segregaret.
1797 1949 1978 2002 Ratio-

160 2050 271 2084 nem
297 2032 427 2084 addit
452 2032 576 2084 idem
602 2032 877 2103 Dionysius
911 2034 963 2085 iu
1001 2035 1110 2087 aliis
1148 2035 1329 2088 litteris
1356 2034 1501 2106 (ibid.
1531 2053 1574 2087 c.
1606 2034 1686 2106 7.)
1723 2037 1780 2088 ad
1809 2034 1977 2089 Phile-

160 2135 352 2170 monem
391 2117 667 2169 Romanum
702 2119 1076 2188 presbyterum,
1127 2121 1243 2188 quia
1292 2122 1414 2173 haec
1466 2121 1644 2190 praxis
1689 2122 1976 2192 baptizandi

162 2221 274 2266 θος,
302 2203 384 2271 qui
410 2220 479 2255 ex
503 2203 697 2255 haeresi
724 2203 783 2254 ad
807 2202 1084 2257 Ecclesiam
1110 2206 1341 2269 veniunt,
1371 2224 1479 2258 eum
1506 2207 1631 2275 apud
1657 2207 1977 2276 populosissi-

161 2306 267 2340 mas
293 2287 546 2341 Ecclesias
564 2288 751 2359 jamdiu
776 2300 893 2342 aute
921 2301 1144 2362 recepta,
1181 2291 1334 2343 Iconii
1374 2301 1424 2344 et
1449 2290 1719 2362 Synnadae
1757 2293 1978 2346 conciliis

159 2375 364 2444 probata
388 2374 589 2438 fuisset,
630 2378 1030 2444 quamplurimis
1061 2380 1302 2445 placuit3
1342 2398 1595 2447 quorum,
1636 2378 1823 2447 iuquit,
1863 2382 1977 2432 sub-

160 2468 365 2512 vertens
401 2465 685 2513 sententias
724 2466 777 2512 in
788 2466 982 2532 jnryia
1017 2470 1070 2514 et
1105 2467 1465 2515 contentiones
1505 2469 1770 2535 conje'cere
1795 2469 1975 2517 nolim.

158 2545 294 2598 Haec
330 2546 461 2599 circa
486 2545 710 2598 Asianos
749 2547 933 2617 scripta
968 2549 1056 2600 sub
1084 2547 1257 2620 Xysto
1298 2546 1354 2600 S.
1383 2546 1627 2619 Stephani
1665 2568 1976 2615 successore,

159 2632 279 2682 nihil
307 2641 503 2700 praeter
541 2631 702 2683 minas
741 2651 770 2683 a
797 2630 1052 2703 Stephano
1090 2653 1200 2687 eum
1235 2634 1408 2686 iisdem
1448 2645 1643 2704 gestum
1670 2638 1974 2706 praeferunt.

160 2715 291 2767 Idem
325 2717 475 2768 etiam
510 2725 669 2768 actum
706 2735 814 2769 cum
850 2716 1019 2782 Afris,
1058 2721 1108 2771 in
1143 2738 1265 2788 quos
1305 2720 1437 2771 solas
1473 2721 1634 2773 minas
1669 2719 1976 2790 Stephanum

162 2800 351 2870 pariter
375 2801 646 2852 intendisse
673 2800 920 2870 (Dissert.
951 2812 1071 2872 'post
1107 2805 1253 2874 epist.
1282 2803 1524 2872 Stephani
1549 2805 1596 2872 §.
1625 2805 1735 2874 7.),
1763 2824 1863 2858 non
1891 2825 1977 2858 au·

159 2895 256 2938 tem
284 2896 397 2939 actu
422 2886 556 2956 ipsos
582 2886 1042 2940 excommunicasse
1077 2889 1349 2941 luculenter
1375 2889 1604 2959 probavit
1630 2887 1692 2940 P.
1723 2887 1972 2944 Constan-

159 2971 281 3036 tius',
322 2971 542 3040 satisque
568 2971 868 3042 explicavit,
905 2992 1031 3042 quae
1067 2975 1215 3044 vulgo
1255 2985 1600 3046 opponuntur,
1642 2977 1976 3030 concordante

161 3056 309 3109 etiam
333 3055 657 3112 Benedictino
685 3058 926 3130 scriptore
954 3057 1028 3128 (ξ.
1059 3058 1275 3131 XXX.)
1315 3060 1450 3112 vitae
1476 3058 1533 3112 S.
1563 3058 1807 3132 Cypriani
1831 3082 1977 3133 prae-

165 3141 345 3194 missae
370 3142 574 3195 editioni
596 3143 811 3197 Baluzii.
856 3143 1127 3199 Enimvero
1154 3165 1263 3199 cum
1289 3145 1975 3216 Dionysius-Alexandrinus

163 3226 332 3278 codem
370 3228 512 3279 modo
545 3230 603 3282 de
639 3229 780 3283 Afris
817 3249 875 3283 ac
911 3231 969 3283 de
1004 3231 1213 3284 Asianis
1251 3231 1510 3302 scripserit
1546 3234 1605 3285 ad
1631 3232 1974 3289 Philemonem

162 3309 320 3382 Xysti
347 3313 708 3383 pieSbyterum,
726 3313 976 3387 Stephani
1001 3317 1161 3370 minas
1189 3317 1396 3371 ulterius
1423 3336 1523 3373 non
1550 3320 1874 3389 processisse,
1890 3324 1974 3375 sed

163 3396 323 3466 potius
343 3398 513 3450 eodem
532 3408 712 3467 agente
726 3398 972 3474 Dionysio
993 3423 1138 3456 omne
1162 3403 1434 3467 dissidium,
1457 3405 1589 3473 quod¹
1601 3407 1695 3459 sub
1717 3405 1973 3478 Stephano

165 3493 411 3552 coeperat,
432 3484 576 3554 plane
597 3485 816 3540 sedatum
837 3490 925 3543 sub
944 3490 1116 3542 eodem
1139 3488 1314 3560 Xysto
1335 3488 1508 3560 (quem
1527 3490 1711 3546 idcirco
1744 3493 1977 3547 fortassis
