2314 3984
940 187 1591 250 *252—

345 356 458 414 Hoc
484 358 752 414 remedium
777 356 1123 413 obedientibus
1146 357 1410 418 Ecclesiae
1423 363 1549 418 filiis
1574 363 1915 419 necessarium
1944 381 2048 417 non
2073 363 2180 417 fuit.

344 445 403 501 S.
431 444 748 517 Augustinus
768 456 960 500 exorta
984 446 1268 520 Pelagiana
1298 448 1501 504 haeresi
1524 453 1766 506 *sufficere
1787 451 1999 506 credidit
2025 453 2182 505 solam

346 533 692 606 Apostolicam
715 532 999 589 Innocentii
1023 534 1289 590 pontificis
1325 537 1655 605 sententiam,
1692 558 1793 610 qua
1827 559 2045 593 causam
2065 543 2183 610 fini-

346 629 454 675 tam
490 639 582 694 pro
631 622 872 678 concione
919 624 1189 679 affirmavit
1251 623 1414 697 (vid.
1451 643 1559 699 sup.
1608 644 1654 682 c.
1688 626 1777 681 13.
1830 646 1882 680 n.
1920 627 2080 698 51.);
2133 637 2184 680 et

347 709 642 776 affirmavit,
692 729 805 765 cum
841 711 1058 766 nondum
1095 713 1269 767 haberi
1303 723 1508 786 poterat
1542 713 1729 768 tacitus
1763 710 1946 769 saltem
1980 715 2184 770 univer-

346 796 467 850 salis
501 795 766 854 Ecclesiae
803 817 1096 855 consensuS.
1171 799 1451 856 Crescente
1499 821 1624 858 vero
1660 801 2058 874 Pelagianorum
2106 812 2185 855 tu-

304 948 307 949 ⁷
345 885 501 939 multu
516 927 531 953 ,
578 884 816 942 Zosimus
865 888 963 943 etsi
999 889 1125 943 nihil
1169 889 1333 943 minus
1383 889 1633 944 tribueret
1678 889 1990 963 Apostolicis
2035 888 2186 942 Inno—

344 973 498 1029 centii
534 974 746 1043 litteris,
787 996 934 1048 quam
972 977 1323 1051 Augustinu83
1362 978 1423 1031 ad
1460 977 1662 1031 illorum
1695 987 1867 1030 tamen
1905 977 2047 1031 nisus
2084 979 2187 1031 for-

343 1061 446 1116 tius
482 1072 591 1117 toto
629 1065 752 1118 orbe
787 1067 1125 1120 retundendos
1140 1107 1157 1141 ,ι
1204 1064 1570 1139 Episcoporum
1621 1066 2013 1138 subscriptiones
2052 1065 2187 1119 Tra-

346 1150 508 1204 ctoria
533 1151 666 1206 edita
691 1153 931 1207 obtinuit:
968 1165 1019 1209 et
1050 1155 1124 1209 ita
1159 1154 1392 1209 catholici
1418 1153 1606 1208 Patres
1638 1164 1902 1224 utramque
1927 1154 2187 1226 Apostoli-

343 1256 436 1292 cae
462 1239 596 1292 sedis
620 1240 939 1312 omniumque
963 1241 1330 1315 Episcoporum
1364 1245 1476 1296 cum
1501 1261 1566 1296 ea
1590 1241 1986 1314 conspirantium
2013 1251 2185 1295 aucto-

344 1325 550 1378 ritatem
574 1327 734 1380 eidem
759 1328 958 1382 haeresi
982 1347 1289 1401 opposuere,
1323 1338 1383 1380 ut
1406 1348 1472 1382 ne
1495 1338 1667 1383 tamen
1691 1329 1751 1382 de
1775 1328 1828 1383 vi
1853 1328 2083 1383 coactiva
2107 1330 2187 1382 lit-

342 1421 569 1466 terarum
605 1411 887 1468 Innocentii
923 1416 1190 1487 quicquam
1238 1415 1570 1487 ambigerent.
1645 1413 1703 1468 In
1746 1433 1901 1468 causa
1939 1414 2188 1489 Eutychis

344 1501 629 1572 dogmatica
655 1500 713 1555 S.
735 1501 929 1558 Leonis
955 1504 1170 1577 epistola
1194 1503 1409 1576 cogendi
1432 1504 1535 1559 vim
1562 1504 1691 1576 apud
1716 1503 1989 1557 catholicos
2016 1504 2187 1557 habuit

346 1587 496 1660 (Vid.
525 1590 675 1663 epist.
705 1592 792 1647 26.
821 1592 956 1646 inter
981 1591 1148 1647 Leon.
1176 1592 1485 1648 novissimae
1511 1591 1693 1665 edit.):
1732 1611 1842 1646 eam
1869 1593 2025 1645 solam
2053 1593 2187 1646 suffi-

344 1696 462 1732 cere
489 1679 697 1734 credidit
723 1678 779 1732 S.
807 1678 1083 1735 Flavianus
1099 1721 1114 1747 ‚
1151 1690 1208 1732 ut
1231 1699 1298 1734 ne
1324 1699 1450 1753 opus
1477 1690 1615 1734 esset
1645 1680 2007 1734 convocatione
2033 1700 2187 1753 gene-

347 1766 470 1819 ralis
498 1767 682 1839 synodi
719 1787 1035 1824 commovere
1070 1769 1339 1823 universas
1372 1766 1652 1822 Ecclesias.
1714 1767 2075 1822 Renitentibus
2110 1770 2187 1822 ni-

347 1853 611 1908 hilominus
636 1853 972 1929 Eutychianis
990 1898 1004 1924 ‚
1041 1855 1307 1911 Leoninae
1342 1857 1585 1929 epistolae
1622 1855 1818 1910 additae
1842 1858 2045 1910 fuerunt
2072 1859 2187 1911 sub-

346 1942 646 2015 scriptiones
670 1943 1035 2025 Episcopornm
1059 1955 1165 1998 tum
1191 1943 1447 2011 OrientiS‚
1475 1955 1580 1998 tum
1606 1943 1912 2011 Occidentis,
1939 1965 2067 2016 quae
2094 1966 2187 2000 ex-

347 2049 574 2103 pressum
601 2033 926 2087 declarabant
949 2034 1162 2087 istorum
1186 2032 1551 2106 Episcoporum
1585 2051 1903 2086 consensum.
1954 2031 2085 2088 Cum
2108 2045 2186 2087 ta-

348 2138 462 2173 men
496 2119 546 2172 id
582 2140 778 2192 quoque
816 2122 944 2195 apud
979 2121 1306 2175 refractarios
1343 2140 1447 2174 non
1491 2120 1673 2175 fuisset
1708 2121 1863 2188 satis3
1913 2133 2188 2176 convocata

347 2206 584 2281 Synodus
612 2207 1066 2277 CalchedonensiS‚
1092 2210 1145 2263 in
1171 2229 1269 2282 qua
1295 2229 1366 2264 ex
1390 2209 1617 2283 ipsorum
1643 2208 2046 2264 adversariorum
2073 2228 2188 2263 sen-

346 2297 507 2350 tentia
531 2298 750 2352 dubitari
777 2317 807 2352 a
833 2298 1093 2353 catholicis
1119 2317 1220 2351 non
1246 2308 1447 2371 poterat
1473 2299 1532 2352 de
1551 2299 1802 2370 dogmate,
1829 2299 1960 2369 quod
1979 2308 2031 2352 et
2046 2298 2187 2371 Apo—

348 2385 543 2440 stolicis
579 2386 789 2454 litteris,
834 2398 887 2441 et
924 2405 1171 2460 expresso
1215 2397 1294 2441 tot
1330 2385 1696 2459 Episcoporum
1734 2405 1986 2441 consensu
2023 2388 2188 2440 fuerat

346 2474 611 2527 firmatum.
687 2472 832 2527 Sicut
869 2494 993 2545 ergo
1040 2493 1149 2528 cum
1188 2475 1351 2528 sancti
1388 2473 1577 2527 Patres
1626 2484 1804 2528 contra
1835 2471 2186 2545 Eutychianos

347 2571 689 2633 opposuerunt
708 2561 927 2632 ejusdem
945 2561 1146 2614 concilii
1166 2561 1535 2627 auctoritatem,
1556 2579 1658 2613 non
1679 2571 1948 2633 propterea
1967 2560 2187 2615 inferen-

345 2650 460 2702 dum
498 2658 578 2703 est
611 2650 748 2721 ipsos
782 2648 884 2704 vim
921 2649 1199 2703 coactivam
1244 2668 1346 2703 non
1385 2649 1685 2721 cognovisse
1732 2649 1787 2701 in
1821 2667 2070 2721 expresso
2102 2649 2187 2702 illo

348 2735 710 2810 Episcoporum
738 2736 1158 2791 subscribentium
1185 2756 1466 2805 consensu3
1503 2736 1577 2791 ita
1612 2755 1707 2791 nec
1732 2737 1993 2808 quicquam
2020 2738 2186 2791 effica-

348 2825 456 2879 ciae
495 2825 739 2878 ademisse
788 2824 980 2879 dicendi
1027 2836 1144 2879 sunt
1178 2824 1373 2880 Leonis
1411 2827 1644 2892 decreto,
1691 2845 1799 2880 cum
1836 2835 2101 2896 utramque
2136 2835 2187 2878 et

346 2911 539 2966 Leonis
566 2923 617 2967 et
643 2912 826 2985 synodi
853 2914 1204 2967 auctoritatem
1230 2913 1405 2967 iisdem
1431 2915 1701 2969 haereticis
1727 2932 2023 2987 opposuere.
2075 2912 2185 2965 Hoc

346 3002 541 3072 quidem
576 3002 831 3055 decretum
862 3019 952 3074 per
988 3019 1044 3055 se
1081 3019 1137 3055 se
1173 3001 1452 3056 coactivum
1488 3012 1539 3056 et
1563 3001 1930 3056 irreformabile
1957 3010 2099 3054 ratus
2125 2999 2181 3053 S.
2259 3032 2261 3034 -

351 3088 597 3144 Pontifex
625 3088 773 3162 (Vid.
803 3108 847 3144 c.
876 3089 964 3144 13.
992 3108 1043 3143 n.
1071 3087 1212 3161 660,
1238 3088 1291 3141 in
1317 3107 1534 3143 examen
1560 3099 1612 3143 et
1638 3089 1986 3161 quaestionem
2012 3089 2181 3143 adduci

350 3178 508 3231 noluit
544 3178 597 3231 in
634 3178 834 3231 laudata
860 3178 1087 3251 synodo:
1126 3176 1255 3230 sicut
1290 3194 1452 3247 neque
1490 3178 1549 3230 de
1575 3177 1873 3250 Apostolica
1898 3177 2182 3231 delinitione

349 3276 527 3320 contra
552 3284 754 3321 errores
779 3266 1012 3321 Nestorii
1036 3263 1093 3319 S.
1123 3262 1441 3319 Caelestinus
1466 3257 1826 3320 dubitationem
1851 3268 2045 3323 moveri
2070 3286 2182 3340 per-

350 3353 487 3406 misit
509 3354 563 3406 in
589 3354 817 3425 generali
843 3353 1052 3407 concilio
1078 3352 1380 3427 Ephesium¹
1400 3362 1455 3405 ut
1491 3370 1599 3427 cap.
1630 3355 1716 3409 13.
1755 3374 1846 3409 suo
1873 3356 1983 3409 loco
2009 3356 2181 3408 obser-

350 3441 594 3497 vavimus.
648 3441 971 3498 Generalium
996 3443 1150 3514 igitur
1174 3440 1497 3496 conciliorum
1521 3443 1817 3498 convocatio
1849 3444 1912 3497 ob
1940 3444 2181 3497 refracta—

353 3530 456 3584 rios
483 3530 774 3602 quandoque
801 3531 1113 3597 necessaria,
1150 3529 1200 3586 vi
1226 3530 1482 3586 coactivae
1507 3530 1910 3603 Apostolicarum
1938 3531 2175 3586 definitio-
