2320 3990
981 145 1599 234 Χ----9.ε;-----

371 336 442 374 ex
463 317 691 391 ,pluribus
716 313 1110 389 particularibus
1133 311 1520 384 Ecclereu
1545 317 1760 374 ovilibus
1786 335 1939 371 unum
1963 317 2228 382 conflatur,

370 405 471 461 nisi
497 405 616 477 quia
640 419 819 457 omnes
844 419 1032 474 greges
1058 411 1112 456 et
1136 411 1578 476 pastoresomm
1595 405 1767 461 veluti
1792 423 1915 461 oves
1942 415 1994 460 et
2021 405 2143 477 agni
2168 403 2226 460 S.

370 491 529 546 Petro
565 508 760 544 summo
799 489 997 562 pastori
1031 491 1238 562 ejusque
1285 491 1666 552 successorihus
1709 493 1763 548 in
1802 492 1998 547 unitate
2046 494 2229 548 adhae-

372 587 594 633 rescunt.
1667 628 1670 633 .

516 665 606 720 62.
649 667 733 720 Ad
757 665 807 720 id
834 675 1001 721 autem
1028 685 1132 720 non
1158 667 1342 723 suffieit
1380 668 1491 722 sola
1517 666 1749 723 caritatis
1771 679 1839 731 ,et
1862 668 2228 723 communionis

373 756 559 810 unitas,
613 754 875 808 Unitatem
903 754 1210 828 praesertim
1239 755 1502 810 doctrinae
1540 772 1631 808 seu
1668 753 1782 809 fidei
1807 756 2012 811 omnino
2038 756 2230 828 requiri

371 845 452 898 vel
479 861 549 897 ex
577 861 638 897 eo
666 851 837 914 patet,
877 844 1010 913 quod
1048 862 1271 899 summus
1308 844 1392 899 ille
1430 863 1565 898 unus
1584 850 1783 912 pastor
1821 844 1908 896 uni
1933 843 2057 899 ovili
2081 863 2230 916 prae-

368 935 530 985 fectus
571 949 632 985 ea
675 931 963 986 conditione
1006 932 1127 998 fuit,
1179 941 1234 985 ut
1285 949 1414 990 unns
1465 950 1642 987 omnes
1693 941 1927 1003 pasceret
1978 949 2227 1004 expresso

371 1018 567 1076 Christi
593 1020 860 1073 mandato:
893 1020 1068 1074 Pasce
1095 1040 1265 1091 cynos
1291 1040 1453 1082 meos,
1471 1039 1642 1089 pasce
1670 1040 1792 1073 oves
1820 1040 1964 1073 meas
1993 1019 2075 1092 (et
2093 1022 2228 1092 jure,

371 1127 489 1162 nam
528 1117 704 1180 pastor
744 1126 774 1159 a
813 1109 1064 1180 pascendo
1106 1107 1455 1181 appellatur):
1496 1117 1711 1180 pascunt
1747 1127 1870 1163 vero
1908 1106 2226 1161 Dominicum

371 1214 580 1268 gregem
606 1204 841 1268 pastores
855 1192 1052 1250 Christi
1077 1196 1395 1268 potissimum
1422 1194 1655 1249 doctrina
1679 1195 1820 1262 fidei,
1848 1195 1978 1249 unde
2003 1195 2231 1249 Bernar-

371 1285 462 1336 dus
487 1283 519 1355 (
533 1283 619 1336 lib.
647 1284 700 1335 4.
730 1284 790 1336 de
817 1279 1028 1336 Consid.
1070 1301 1113 1337 c.
1143 1283 1270 1355 3.).
1314 1285 1734 1353 Ευαηρεῐίκανε,
1771 1283 1964 1353 inquit,
1996 1304 2230 1353 pasce-re

371 1378 464 1423 cst.
492 1368 655 1442 Igitur
678 1368 733 1421 in
759 1369 808 1421 id
835 1368 1139 1441 praesertim
1167 1387 1390 1423 summus
1415 1378 1596 1441 pastor
1622 1369 1930 1423 constitutus
1949 1369 2112 1423 fuitS.
2130 1369 2233 1424 Pe-

373 1470 518 1522 trus,
553 1475 612 1510 ac
651 1475 1007 1523 successoreS,
1049 1466 1105 1509 ut
1139 1475 1315 1512 omnes
1357 1456 1478 1528 agni
1503 1474 1725 1528 ovesque
1764 1456 1876 1510 fidei
1912 1456 2143 1510 doctrina
2170 1459 2232 1511 ab

373 1546 549 1599 iisdem
576 1555 878 1617 pascantur:
917 1545 1064 1616 idque
1106 1564 1215 1599 cum
1254 1545 1315 1598 ad
1354 1544 1600 1598 unitatem
1641 1545 1815 1612 oviliS,
1853 1563 1944 1599 seu
1968 1543 2232 1601 Ecclesiae

374 1634 441 1686 sit
482 1653 512 1686 a
553 1629 761 1687 Christo
802 1634 1118 1698 institutum,
1160 1651 1288 1702 quae
1328 1632 1439 1685 sine
1479 1632 1674 1685 unitate
1709 1633 1821 1685 fidei
1862 1651 1961 1685 nna
1989 1651 2233 1687 essenon

373 1730 578 1793 posset,
630 1720 743 1775 fidei
781 1722 1009 1793 profecto
1044 1721 1214 1775 unitas
1252 1719 1305 1773 in
1342 1721 1434 1773 hoc
1473 1738 1573 1773 uno
1609 1739 1803 1774 summo
1842 1729 2050 1792 pastore
2085 1720 2233 1774 insti-

372 1809 557 1863 tuendo
585 1808 901 1881 potissimum
928 1819 1159 1882 spectata
1183 1807 1306 1875 fuit3
1336 1827 1394 1863 ac
1421 1818 1694 1881 propterea
1731 1809 1792 1862 ab
1821 1827 1880 1862 eo
1907 1826 2009 1862 una
2034 1809 2233 1863 eadem-

374 1916 468 1968 que
496 1897 727 1952 doctrina
752 1897 866 1951 fidei
893 1916 1070 1951 omnes
1098 1897 1250 1951 etiam
1270 1896 1540 1951 inferiores
1562 1906 1798 1969 pastores
1817 1897 1976 1969 pasci,
2005 1907 2056 1951 et
2075 1896 2234 1969 (quod

375 1986 503 2039 idem
531 1985 639 2058 est)
668 2005 845 2040 omnes
873 2006 980 2040 cum
1010 2006 1070 2041 eo
1097 1986 1149 2039 in
1175 1985 1270 2039 fide
1297 1985 1482 2039 debent
1509 1984 1810 2050 convenire,
1839 1993 1894 2036 ut
1921 1984 2023 2056 sint
2050 2003 2120 2038 cx
2147 1985 2232 2038 illo

375 2093 552 2146 grege,
581 2093 728 2144 quem
743 2071 982 2128 Christus
1008 2074 1316 2147 pascendum
1341 2071 1502 2126 Petro
1531 2071 1810 2125 commisit:
1839 2082 1891 2124 et
1918 2072 2010 2126 hac
2037 2072 2235 2126 ratione

377 2181 446 2215 ex
486 2163 709 2234 ejusdem
739 2158 934 2215 Christi
971 2162 1205 2215 instituto
1243 2161 1332 2214 fiat
1368 2179 1530 2214 urium
1565 2161 1735 2221 ovile,
1776 2167 1828 2212 et
1854 2179 1987 2214 nnus
2017 2168 2234 2230 pastor.

379 2249 510 2304 Hinc
537 2260 911 2324 peropportune
938 2249 982 2303 F
987 2250 1180 2304 acultas
1209 2247 1529 2320 Theologica
1553 2245 1841 2303 Duacensis
1879 2247 1958 2301 die
1995 2248 2086 2302 31.
2115 2247 2238 2303 Julii

378 2358 460 2391 an.
494 2339 654 2393 1714.
707 2336 1076 2410 Evangelicum
1111 2336 1482 2402 testimonium,
1525 2337 1701 2390 Pasce
1728 2355 1851 2389 oves
1880 2356 2022 2390 meas
2049 2346 2146 2390 etc.
2178 2336 2239 2389 ad

378 2425 724 2480 necessariam
750 2426 864 2478 fidei
890 2426 1136 2479 unitatem
1163 2426 1392 2478 referens
1409 2464 1422 2489 ,
1451 2424 1755 2487 declaravit,
1783 2443 1998 2478 necesse
2026 2444 2156 2486 esse,
2182 2432 2241 2478 ut

375 2515 564 2583 fideles
592 2531 710 2566 cum
740 2513 910 2565 Petro
954 2519 1172 2586 ejusque
1209 2512 1607 2565 successoribus
1635 2511 1938 2564 Ecclesiam
1969 2515 2237 2579 pascenti-

380 2604 504 2663 bus,
539 2620 634 2654 seu
673 2619 744 2652 ex
781 2600 1052 2657 cathedra
1086 2601 1401 2653 docentibus
1431 2606 1702 2668 perpetuo
1730 2602 2097 2660 consentiant,
2135 2603 2243 2652 nisi

380 2691 445 2745 ab
474 2691 606 2742 ovili
638 2688 844 2744 Christi
879 2696 938 2741 ut
975 2707 1097 2743 oves
1116 2690 1381 2759 putridae
1416 2690 1628 2760 sejunyi
1652 2689 1830 2740 velint.
1885 2684 2064 2741 Ovium
2093 2686 2242 2741 nimi-

383 2797 490 2830 rum
518 2786 598 2829 est
624 2775 849 2847 pastoris
886 2775 964 2827 sui
988 2794 1166 2830 vocem
1195 2775 1368 2830 audire
1396 2784 1446 2828 et
1474 2774 1647 2844 sequi3
1689 2793 1818 2844 quae
1860 2783 2026 2828 autem
2066 2774 2240 2828 audire

382 2875 432 2918 ct
461 2862 604 2933 sequi
631 2863 840 2927 nolunt,
884 2862 946 2915 ad
973 2881 1083 2916 eum
1124 2874 1383 2935 pastorem
1422 2882 1738 2934 nequaquam
1765 2862 2052 2935 pertinent,
2090 2871 2145 2913 ut
2171 2879 2237 2914 ex

382 2949 665 3022 Evangelio
693 2949 960 3014 discimus,
991 2967 1049 3002 ac
1075 2949 1263 3003 idcirco
1290 2951 1350 3003 de
1377 2952 1486 3021 ejus
1514 2949 1635 3003 ovili
1659 2967 1761 3001 non
1789 2958 1924 3001 sunt.

531 3038 620 3092 63.
662 3037 821 3093 Vides
847 3037 1048 3093 tandem
1074 3055 1222 3107 quam
1250 3037 1408 3108 probe
1433 3035 1604 3089 omnia
1627 3034 1900 3106 praecipua
1926 3032 2243 3106 Evangelica

384 3126 676 3181 testimonia
701 3126 761 3180 de
781 3124 1001 3198 primatu
1014 3123 1163 3179 Petri
1190 3125 1320 3177 hanc
1346 3122 1458 3177 fidei
1482 3122 1727 3176 unitatem
1756 3122 1979 3176 maxime
2006 3122 2238 3194 exigant.

385 3214 528 3268 Sicut
566 3214 698 3268 enim
739 3232 809 3283 ex
846 3212 1037 3285 primo,
1087 3213 1166 3267 Tu
1193 3232 1246 3266 es
1277 3212 1476 3265 Petrus
1504 3219 1601 3264 etc.
1641 3228 1789 3263 nemo
1828 3220 1999 3283 potest.
2038 3228 2152 3264 esse
2187 3208 2242 3261 in

389 3299 582 3354 Christi
608 3300 874 3367 Ecclesia,
914 3300 1015 3354 nisi
1051 3300 1164 3355 fidei
1191 3298 1340 3354 Petri
1379 3298 1736 3362 adhaerescat,
1777 3316 1931 3370 supra
1957 3316 2107 3368 quam
2133 3307 2242 3351 tota

387 3387 621 3442 Ecclesia
649 3389 910 3442 aedificata
936 3399 1044 3457 est3
1085 3406 1155 3449 ex
1181 3388 1342 3442 altero
1369 3396 1565 3451 autem,
1611 3386 1826 3447 Simon,
1867 3387 2080 3447 Simon,
2121 3404 2243 3439 ecce

396 3476 632 3529 Satanas
659 3485 757 3528 etc.
788 3494 934 3528 nemo
963 3486 1131 3548 potest
1157 3494 1271 3530 esse
1296 3474 1430 3528 inter
1457 3471 1652 3529 Christi
1679 3473 1968 3544 discipulOS,
1997 3472 2095 3526 nisi
2123 3491 2243 3530 con-
