2320 3990
711 256 881 268 ...-
940 221 1053 280 ,53
1155 253 1318 262 -.....

718 477 1119 553 CAPUT
1183 477 1318 550 XI.

549 606 1033 669 PRoPosl'rro‘
1067 619 1470 664 UNDEcnuA.

103 729 368 776 primatus
409 728 462 774 S.
497 727 648 774 Petri
683 733 732 772 et
759 738 1105 773 successorum
1146 720 1252 779 ejus
1291 721 1419 766 adeo
1449 722 1726 782 praeditus
1773 728 1848 766 esc
1876 726 1926 767 vi

104 795 306 850 coyente
346 789 416 834 ad
454 795 724 846 utramque
769 786 1004 831 caritatis
1033 796 1119 826 seu
1152 784 1541 833 communionis,
1587 786 1636 825 et
1663 779 1787 838 fidei
1814 785 1922 826 uni·

104 854 274 902 tatem,
307 855 365 893 ut
392 863 587 893 necesse
617 849 821 892 omuino
846 847 931 896 sit,
966 855 1136 887 omnes
1169 839 1445 886 catholicos
1476 854 1594 886 cum
1630 843 1923 885 successori-

104 907 191 954 bus
224 906 275 952 S.
299 906 446 953 Petri
474 911 720 954 unitatem
751 910 919 950 tenere
949 916 1052 946 non
1083 899 1248 945 solum
1283 903 1520 946 caritatis
1547 906 1596 944 et
1621 903 1926 946 communio-

646 967 752 1015 πίε,
783 963 877 1008 scd
896 963 1206 1022 praesertim
1236 958 1373 1017 fidei.

948 1094 994 1162 g.
1034 1091 1073 1144 1.

104 1202 165 1242 De
194 1201 459 1243 neccessaria
489 1202 653 1242 unitate
684 1199 994 1242 communionis
1024 1198 1214 1239 omnium
1235 1195 1436 1246 fidelium
1467 1208 1560 1236 cum
1597 1196 1779 1235 Summis
1822 1195 1928 1234 Pon.-

106 1260 290 1312 &ficibus
320 1263 487 1302 ratione
516 1262 744 1312 primatus.
799 1259 1023 1312 Oppost'tt'o
1049 1272 1075 1298 a
1098 1257 1319 1298 nonnullis
1350 1257 1520 1305 ingesta
1549 1269 1599 1295 ex
1629 1254 1926 1296 schismatibus

294 1321 458 1362 Meletii
489 1320 743 1362 AntIoch-eni
775 1323 813 1360 et
850 1319 996 1359 Aeacii
1029 1316 1500 1366 Constantinopolitano:
1540 1317 1734 1357 diluitur.

253 1435 301 1486 1.
353 1434 409 1486 In
448 1435 712 1487 statuenda
751 1434 1053 1486 necessitate
1091 1431 1298 1484 unitatis
1326 1431 1686 1485 commimionis
1713 1431 1930 1483 omnium

110 1521 459 1573 catholicorum
488 1540 595 1574 cum
622 1520 868 1573 Romanis
895 1517 1222 1572 Pontificibus
1249 1536 1347 1570 non
1376 1519 1580 1570 multum
1606 1518 1929 1570 laborandum

109 1607 251 1658 nobis
277 1617 442 1670 esset,
483 1608 593 1658 dum
619 1607 682 1659 iis
710 1625 817 1659 cum
845 1605 1148 1659 adversariis
1188 1606 1409 1676 agimus,
1447 1606 1530 1675 qui
1556 1623 1625 1658 ex
1663 1604 1931 1657 evidentis-

33 1722 35 1725 -
107 1693 234 1744 sima
260 1702 310 1744 et
331 1693 583 1745 constanti
611 1691 822 1743 Pati-um
860 1691 1132 1743 traditione
1170 1691 1328 1742 fusius
1365 1692 1662 1762 proferenda
1702 1710 1810 1761 cap.
1843 1691 1925 1743 13.

108 1777 388 1831 Romanum
414 1777 710 1831 Pontificem
749 1776 946 1829 ratione
975 1776 1218 1848 primatus
1258 1777 1534 1830 catholicae
1573 1776 1931 1829 communionis

107 1876 331 1919 centrmn
359 1874 691 1936 agnoscentes
709 1903 721 1927 ,
761 1864 1155 1917 communionem
1194 1882 1302 1916 cum
1330 1865 1501 1917 eodem
1528 1863 1754 1917 omnibus
1781 1882 1933 1916 verae

107 1950 365 2004 Ecclesiae
411 1949 646 2003 membris
695 1951 1035 2003 necessariam
1082 1952 1330 2015 fatentur,
1382 1960 1435 2002 ut
1462 1969 1531 2003 ex
1557 1969 1726 2004 eorum
1767 1951 1932 2004 verbis

109 2039 251 2109 paulo
278 2048 391 2108 post
419 2036 704 2100 recitandiS,
730 2038 811 2089 vel
838 2038 1113 2108 allegandis
1139 2036 1343 2109 patebit.
1407 2036 1606 2091 Juverit
1632 2057 1752 2091 vero
1782 2038 1933 2090 altius

111 2124 360 2192 aliquanto
388 2123 582 2174 modum
607 2141 905 2192 proponere,
934 2143 1028 2192 quo
1056 2124 1177 2176 haec
1204 2124 1430 2176 caritatis
1459 2143 1547 2177 seu
1573 2124 1933 2176 communionis

111 2209 275 2260 unitas
315 2208 683 2278 compingatur:
725 2207 796 2259 sic
823 2208 954 2260 enim
981 2208 1124 2280 hujus
1162 2209 1369 2261 unitatis
1409 2209 1687 2262 necessitas
1726 2208 1934 2261 manife-

112 2295 238 2347 stior
264 2295 364 2347 fiet.
417 2292 536 2344 Illud
563 2302 727 2345 autem
753 2293 911 2363 primo
941 2305 1129 2346 certum
1157 2313 1270 2348 esse
1305 2295 1560 2347 catholicis
1588 2296 1732 2347 debet
1759 2305 1935 2346 contra

110 2380 372 2444 sectarios,
400 2398 499 2432 non
525 2379 685 2431 minus
710 2376 1007 2444 Ecclesiam,
1035 2399 1181 2449 quam
1208 2384 1314 2452 ejus
1343 2381 1584 2434 unitatem
1612 2382 1791 2433 debere
1820 2400 1932 2433 esse

110 2466 370 2520 visibilem.
457 2464 516 2518 Si
555 2465 686 2518 enim
711 2463 945 2518 Ecclesia
981 2485 1080 2517 una
1120 2477 1170 2518 et
1211 2469 1318 2537 ejus
1355 2467 1524 2518 unitas
1568 2485 1668 2518 non
1719 2476 1932 2537 pateret,

111 2552 254 2624 (Lib.
284 2553 334 2606 3.
362 2553 414 2605 in
439 2551 679 2605 Parmen.
707 2571 758 2605 n.
788 2552 906 2622 28.)
947 2555 1098 2605 nulla
1127 2562 1287 2613 essct,
1328 2563 1380 2604 ut
1408 2572 1514 2605 cum
1543 2552 1831 2624 Augustino
1861 2556 1934 2607 lo-

112 2659 333 2710 quamur,
360 2644 617 2692 securitas
644 2644 874 2692 unitatis.
928 2638 1110 2691 Unitas
1137 2657 1258 2691 vero
1287 2639 1541 2703 caritatis,
1570 2658 1696 2709 quae
1722 2641 1935 2695 visibilis

112 2728 195 2790 sit,
222 2745 321 2778 non
347 2726 398 2778 in
424 2745 563 2779 mera
590 2727 803 2779 caritate
828 2726 1030 2793 interna
1057 2734 1109 2776 et
1134 2724 1372 2776 invisibili
1400 2725 1498 2776 sita
1525 2736 1621 2791 est,
1650 2730 1736 2780 sed
1762 2729 1814 2779 iu
1842 2747 1934 2780 ex-

113 2823 286 2876 terna,
326 2831 451 2881 quae
490 2811 827 2864 exterioribus
864 2809 1093 2860 caritatis
1131 2809 1292 2877 signis
1331 2811 1614 2875 declarata,
1661 2815 1935 2868 catholicae

113 2899 470 2952 communionis
510 2914 690 2948 nomen
717 2913 786 2947 ex
814 2893 1021 2962 antiqua
1056 2894 1270 2946 formula
1306 2895 1536 2948 obtinuit.
1600 2897 1730 2951 Hinc
1768 2899 1934 2953 unitas

113 2983 338 3037 caritatis
381 2981 564 3037 visibili
612 2979 873 3032 Ecclesiae
910 2980 1200 3033 necessaria
1251 2984 1611 3036 communionis
1662 2985 1934 3039 catholicae

114 3070 352 3122 unitatem
377 3070 449 3120 ita
475 3066 732 3137 efflagitat,
760 3075 814 3118 ut
839 3083 963 3119 vera
984 3063 1177 3120 Christi
1198 3066 1445 3134 Ecclesia,
1474 3088 1599 3139 quae
1626 3090 1724 3123 una
1745 3082 1795 3124 et
1815 3073 1936 3125 visi-

113 3157 225 3208 bilis
249 3165 342 3218 est,
366 3155 418 3206 in
437 3153 583 3207 unica
606 3153 948 3206 commuuione
973 3153 1276 3219 inveniatur,
1307 3175 1334 3207 a
1358 3175 1454 3225 qua
1473 3157 1763 3226 quicumque
1791 3177 1936 3230 sepa-

114 3251 306 3305 rantur,
333 3259 434 3293 non
460 3239 562 3293 sint
587 3240 639 3293 in
663 3238 912 3293 Ecclesia.
964 3239 1131 3294 Porro
1160 3252 1212 3293 ut
1232 3261 1406 3294 omnes
1433 3240 1625 3296 Christi
1651 3243 1817 3297 fideles
1844 3244 1935 3298 hoc

114 3327 337 3381 caritatis
364 3336 415 3379 et
440 3327 800 3380 communionis
826 3326 1026 3380 vinculo
1054 3327 1103 3379 in
1129 3346 1279 3379 unum
1308 3339 1502 3394 coeant,
1542 3348 1787 3400 unamque
1813 3331 1934 3384 visi-

113 3414 258 3466 bilem
287 3409 477 3466 Christi
504 3410 783 3466 Ecclesiam
811 3413 1148 3478 constituant,
1179 3432 1286 3465 cum
1314 3413 1495 3485 singuli
1520 3415 1652 3468 inter
1680 3435 1734 3469 se
1763 3435 1818 3470 se
1845 3417 1935 3469 im-

115 3499 326 3552 mediate
354 3498 484 3555 uniri
512 3509 558 3553 et
588 3500 950 3555 communicare
978 3520 1077 3553 non
1104 3499 1328 3571 possint,
1357 3501 1481 3554 satis
1509 3514 1604 3567 est,
1634 3503 1675 3555 si
1703 3503 1936 3555 uniantur
