2314 3984
952 181 1617 244 *356—

355 361 702 424 praesumunt,
729 350 916 404 adanon
935 349 1130 406 idcirco
1148 357 1355 407 causam
1380 363 1436 432 et
1447 355 1821 428 obligationem
1846 353 2213 419 consentiendi,

357 458 449 494 seu
473 439 576 495 vim
603 437 882 492 coactivam
921 439 984 492 ad
1019 439 1150 495 hanc
1187 439 1578 496 consensionem
1612 453 1664 499 et
1700 442 1947 498 unitatem
1974 443 2026 498 in
2051 443 2213 515 ipsum

357 526 579 580 omnium
605 544 910 580 consensum
935 519 1180 582 referunt.
1231 526 1312 582 Dc
1340 529 1434 582 hac
1458 530 1767 586 necessitate
1792 549 1883 586 seu
1906 531 1958 587 vi
1983 530 2216 584 coactiva

355 613 534 667 iisdem
560 614 730 668 verbis
757 633 860 668 non
886 615 993 688 agit
1017 615 1286 683 Irenaeus,
1315 617 1404 670 sed
1429 618 1870 689 praecedentibus,
1897 619 2076 690 quibus
2103 638 2214 673 eam
2249 675 2251 677 ,

354 702 459 757 vim
486 711 636 773 atque
662 703 1053 771 necessitatem,
1079 705 1155 758 uti
1180 703 1497 771 notavimus,
1535 724 1637 759 non
1665 707 1959 773 consensui,
1998 707 2087 761 sed
2111 706 2215 778 pri-

356 800 519 843 matus
556 791 848 846 auctoritati
889 794 1141 860 asseruit,
1176 801 1408 864 propter
1438 799 1805 864 potentiorem
1835 797 2216 865 principalita-

356 888 476 932 tem.
507 876 636 933 Cum
663 899 816 952 porro
844 883 907 936 ob
936 883 1275 956 potentiorem
1295 882 1398 936 vim
1417 882 1663 954 primatus
1681 903 1897 936 necesse
1924 886 1994 936 sit
2012 901 2215 934 omnem

357 969 690 1031 Ecclesiam,
730 971 834 1024 hoc
861 979 942 1025 est
965 992 1145 1025 omnes
1172 974 1265 1042 qui
1291 979 1415 1024 sunt
1437 975 1673 1042 undique
1695 974 1886 1042 fideles
1913 975 2216 1032 convenire,

357 1075 448 1110 seu
472 1057 723 1110 unitatem
761 1068 939 1114 tenere
975 1079 1085 1114 cum
1111 1058 1379 1113 Romanae
1404 1057 1669 1114 Ecclesiae
1702 1060 1975 1114 traditione
2013 1079 2070 1113 ac
2104 1060 2215 1124 fide,

358 1164 486 1215 quae
514 1147 575 1198 ab
602 1144 871 1218 Apostolis
899 1146 1058 1201 Petro
1087 1157 1138 1201 et
1162 1145 1331 1200 Paulo
1366 1147 1616 1220 originem
1641 1147 1805 1214 ducit,
1845 1159 2037 1202 certum
2064 1147 2218 1202 effici-

358 1245 440 1286 tur
467 1253 556 1288 eos
583 1251 788 1297 omneS,
827 1231 911 1302 qui
937 1232 1067 1286 hanc
1093 1234 1311 1288 debitam
1337 1236 1583 1290 unitatem
1610 1236 1925 1303 custodiunt,
1965 1236 2217 1291 custodire

358 1340 469 1374 eam
496 1339 625 1390 quae
653 1329 732 1374 est
759 1319 820 1371 ab
847 1318 1142 1391 ApostoIiS,
1169 1321 1344 1375 fidem:
1375 1333 1426 1376 et
1452 1342 1480 1376 e
1506 1334 1685 1376 contra
1710 1343 1816 1390 eOS,
1845 1325 1929 1395 qui
1954 1327 2082 1378 hanc
2107 1325 2220 1377 uni-

356 1419 514 1463 tatem
561 1410 832 1472 deserunt,
884 1417 971 1459 aut
1008 1408 1343 1463 deseruerunt
1380 1410 1650 1477 haeretiei,
1698 1430 1728 1464 a
1762 1431 1886 1466 vera
1919 1412 2219 1485 Apostolica

355 1498 449 1551 fide
477 1497 722 1552 defecisse
751 1494 1137 1549 convincuntur.
1189 1496 1268 1551 Ita
1303 1518 1458 1571 porro
1498 1499 1551 1552 in
1590 1500 1785 1554 unitate
1812 1500 2079 1554 Romanae
2107 1499 2220 1552 fidei

357 1587 419 1638 ab
460 1585 692 1639 omnibus
733 1583 818 1654 qui
855 1594 972 1636 sunt
1006 1586 1224 1656 undique
1259 1587 1484 1640 fidelibus
1522 1589 1776 1642 custodita
1822 1599 1900 1643 est
1938 1607 2063 1644 vera
2099 1588 2220 1640 fides

356 1674 682 1748 Apostolica,
721 1683 775 1724 ut
810 1672 952 1745 ipsae
977 1671 1242 1728 Ecclesiae
1268 1677 1625 1748 Apostolicae,
1667 1696 1796 1748 quae
1829 1678 1973 1732 fidem
2013 1695 2219 1748 accepe-

359 1774 476 1816 runt
503 1764 564 1816 ab
592 1761 887 1835 ApostoliS,
917 1763 1274 1818 conservarint
1300 1784 1476 1819 veram
1502 1765 1662 1831 fidem,
1693 1767 1925 1836 quamdiu
1953 1765 2220 1826 Romanae

356 1851 470 1904 fidei
498 1851 868 1916 adhaeserunt3
907 1869 978 1904 ex
1014 1871 1110 1922 quo
1152 1862 1318 1905 autem
1358 1854 1486 1906 hanc
1521 1854 1767 1907 unitatem
1804 1855 2163 1919 deseruerunt,
2191 1873 2222 1906 a

356 1959 480 1995 vera
506 1938 808 2011 Apostoliea
834 1939 927 1991 fide
955 1940 1249 1994 defecerint.

507 2026 760 2080 Obtrudat
797 2047 931 2081 nunc
967 2029 1216 2102 quispiam
1256 2040 1306 2083 et
1344 2030 1549 2101 ingerat
1589 2030 1737 2083 alium
1777 2029 1997 2103 ejusdem
2022 2027 2221 2082 Irenaei

357 2118 549 2182 locum,
587 2115 674 2167 ubi
708 2116 834 2168 alias
872 2135 1071 2187 quoque
1109 2115 1372 2197 Ecclesias
1399 2118 1726 2190 Apostolicas
1764 2118 2004 2184 laudanS,
2045 2118 2221 2170 harmn

358 2204 684 2258 traditionem
713 2206 1069 2259 consulendam
1095 2206 1348 2278 significat
1387 2207 1501 2280 (lib.
1532 2206 1583 2259 3.
1615 2208 1674 2261 de
1701 2208 1901 2262 haeres,
1943 2226 1986 2260 c.
2015 2205 2116 2277 4.).
2168 2203 2223 2257 Id

360 2312 484 2347 sane
510 2303 630 2346 tunc
655 2303 858 2365 poterat
875 2296 993 2366 jure
1019 2293 1154 2361 fieri,
1193 2314 1304 2349 cum
1328 2295 1444 2350 illae
1470 2296 1714 2350 tenebant
1740 2295 2083 2350 necessariam
2111 2313 2222 2347 cum

361 2382 600 2435 Romana
626 2382 719 2435 fide
746 2383 1010 2437 unitatem.
1064 2381 1217 2436 Nunc
1243 2403 1367 2438 vero
1395 2393 1659 2455 postquam
1697 2385 1756 2436 ab
1796 2384 1888 2437 hac
1916 2384 2110 2436 unitate
2138 2383 2222 2436 de-

361 2470 646 2535 sciverunt,
683 2479 734 2522 et
769 2473 881 2524 sola
919 2470 1158 2524 Romana
1192 2491 1369 2526 veram
1403 2472 1752 2543 Apostolicam
1790 2473 1935 2524 fidem
1972 2490 2071 2523 una
2110 2490 2218 2523 cum

360 2558 545 2613 ceteris
573 2557 834 2612 catholicis
859 2556 1107 2612 Ecclesiis
1133 2569 1304 2624 tenet,
1345 2577 1642 2630 semperque
1668 2559 1861 2612 tenebit
1886 2559 2142 2612 immotam
2171 2568 2222 2611 et

360 2647 643 2718 integram3
681 2646 792 2717 quis
834 2646 1110 2700 catholicus
1147 2647 1209 2699 ad
1242 2665 1329 2700 eas
1357 2647 1690 2699 consulendas
1728 2647 2011 2702 haereticos
2039 2667 2223 2721 provo-

362 2737 480 2789 cet?
522 2734 657 2788 Hinc
685 2745 824 2788 certe
851 2733 1092 2789 Irenaeus
1119 2734 1215 2788 etsi
1244 2753 1335 2787 suo
1364 2753 1491 2790 aevo
1516 2735 1734 2788 laudarit
1760 2736 1971 2789 aliarum
1997 2737 2223 2808 Aposto-

360 2823 575 2877 licarum
593 2821 939 2876 Ecclesiarum
967 2823 1326 2890 traditionem3
1354 2842 1457 2876 non
1483 2833 1656 2878 tamen
1682 2825 1741 2878 de
1767 2824 1885 2891 illis,
1914 2825 2000 2878 sed
2026 2825 2086 2878 de
2112 2826 2223 2878 sola

362 2911 599 2966 Romana
626 2911 898 2966 affirmavit
923 2931 1136 2966 necesse
1174 2931 1289 2966 esse
1317 2930 1425 2965 cum
1451 2913 1544 2965 fide
1570 2913 1729 2984 ipsius
1755 2914 2000 2967 unitatem
2026 2924 2222 2978 tenere,

362 3011 413 3054 et
442 3001 710 3055 affirmavit
737 3001 932 3071 quidem
957 3010 1166 3074 propter
1190 3000 1528 3073 potentiorem
1553 3001 1849 3073 primatum,
1878 3002 1962 3072 qui
1989 3002 2084 3054 soli
2110 3001 2222 3054 Ro-

360 3108 542 3142 manae
569 3087 863 3156 Ecclesiae,
904 3108 995 3143 seu
1021 3089 1143 3143 solis
1179 3090 1286 3160 ejus
1311 3086 1644 3143 Pontificibus
1682 3089 1936 3162 competit.
1989 3088 2046 3142 In
2073 3091 2224 3143 refel-

359 3177 510 3230 lenda
538 3178 823 3232 conditione
850 3196 1129 3232 consensus
1156 3176 1437 3243 Ecclesiae,
1466 3197 1614 3247 quam
1641 3178 1811 3231 multis
1841 3178 1994 3250 rejeci
2019 3178 2104 3231 lib.
2133 3179 2223 3231 Dc

359 3269 412 3317 υἱ
433 3269 704 3335 primatus
733 3286 777 3321 c.
797 3266 884 3319 14.
913 3286 1048 3320 num.
1066 3268 1153 3321 27.
1183 3277 1234 3321 et
1258 3266 1311 3319 in
1338 3266 1522 3320 celebri
1547 3264 1747 3320 Irenaei
1774 3266 2063 3320 testimonio
2092 3266 2222 3336 quod

361 3354 536 3406 eodem
562 3355 615 3407 in
642 3355 770 3408 libro
798 3357 907 3408 fuse
935 3356 1183 3428 exposui,
1227 3355 1413 3409 iterum
1440 3354 1520 3408 hic
1548 3354 1729 3409 diutius
1757 3355 2018 3426 aliquando
2046 3354 2222 3407 immo-

354 3443 569 3494 randum
595 3443 716 3510 fuit,
752 3463 817 3498 ne
854 3445 987 3498 forte
1015 3445 1214 3516 aliquod
1238 3444 1602 3516 subterfugium
1641 3444 1849 3498 subinde
1875 3444 2149 3508 detectum,
2179 3443 2223 3495 si

356 3548 462 3583 non
488 3529 789 3599 dilueretur,
817 3533 1101 3607 quempiam
1126 3532 1415 3606 impediret:
1445 3532 1616 3604 sicque
1644 3542 1785 3587 certa
1811 3540 2040 3587 remanet
2066 3530 2220 3584 tertia
