2320 3990
671 207 1275 263 ——13—

673 375 1088 450 CAPUT
1162 372 1294 447 III.

577 505 1036 550 PROPOSITIO
1081 501 1380 547 TERTIA.

72 599 164 647 Hic
194 600 374 661 praeci·
411 611 506 642 uae
523 595 922 654 jurisdictionis,
957 598 1006 637 et
1034 605 1134 636 non
1165 593 1296 635 meri
1326 587 1519 634 ordinis
1542 590 1804 649 primatus
1834 585 1887 652 S.

71 660 219 705 Petri
255 665 304 703 ct
396 670 697 702 omanorum
728 649 1036 709 Pontificum
1078 649 1183 707 ejus
1221 662 1566 694 successorum
1597 651 1892 708 persona‘is

70 727 164 771 est,
195 734 282 764 sca
314 722 540 778 ipsorum
565 727 818 776 personae
848 711 1117 770 alliqatus,·
1158 724 1219 754 ac
1259 707 1476 768 proinde
1500 707 1593 764 jus
1634 708 1891 765 quoddam

63 783 403 841 praeeipuam
448 770 1008 877 ipsorumdpersonale‚
1051 770 1181 814 idest
1221 768 1354 837 nalv'i
1383 766 1477 812 alii
1507 781 1800 840 commune,-
1839 770 1891 811 in

71 854 125 884 eo
155 842 383 899 primata
411 836 659 880 contineri
724 831 843 876 ebet.
892 827 1026 874 Hinc
1050 843 1165 874 cum
1194 828 1405 885 dejure,
1438 825 1891 900 seuJumsdzctzone

69 902 284 959 propria
311 900 569 956 primatus
601 896 794 952 aqn’tur,
829 889 1050 947 haecque
1082 887 1349 949 Romanae
1382 884 1434 931 S.
1469 885 1615 930 Petra
1645 886 1775 939 sedi,
1810 901 1890 959 ea-

73 958 306 1009 thedrae,
341 955 419 1001 vel
449 954 685 999 ecclesiae
717 950 985 1001 tribuimu-
1015 949 1168 1000 sedis,
1204 946 1503 998 cathedrae,
1546 945 1625 990 vel
1654 945 1894 990 ecclesiae

80 1017 341 1062 Romanae
372 1017 597 1065 nomine,
642 1014 726 1055 cui
757 1026 816 1054 ea
833 1009 1131 1067 jurisdictio
1156 1011 1419 1067 primatus
1441 1008 1666 1066 propria
1699 1020 1891 1050 assera-

72 1083 177 1129 tur,
220 1091 324 1120 una
357 1073 583 1117 Romani
613 1069 880 1126 Pontificis
951 1083 1130 1112 ersona
1171 1066 1504 1125 intelliyenda
1537 1071 1633 1119 est,
1680 1068 1765 1109 cui
1803 1069 1897 1109 uni

72 1137 204 1181 idem
212 1138 471 1195 prim-atus
489 1138 559 1176 est
577 1131 830 1190 alligatus.
888 1083 997 1172 ἕης
1017 1142 1211 1186 quoque
1231 1129 1472 1184 sequitur,
1502 1124 1751 1183 quidquid
1751 1124 1893 1181 juris

70 1198 268 1239 ratione
276 1196 539 1253 primatus
551 1190 819 1234 Romanae
834 1189 956 1241 sedi,
978 1186 1267 1239 cathedrae,
1286 1185 1365 1230 vel
1379 1185 1618 1229 ecclesiae
1636 1187 1890 1244 competit,

78 1253 423 1298 Romanorum
459 1249 769 1307 Pontificum
797 1263 1045 1309 personae
1076 1251 1150 1291 ita
1183 1261 1284 1290 esse
1316 1244 1664 1296 tribuendum,
1697 1249 1755 1287 ut
1785 1244 1892 1287 nal-

73 1314 168 1358 Iius
201 1313 454 1370 adjutorio
496 1310 576 1356 vel
602 1314 840 1354 societate
872 1309 941 1353 ad
971 1308 1103 1353 idem
1130 1306 1222 1364 jas
1264 1305 1568 1349 exerendum
1613 1304 1890 1363 indiyeant.

220 1414 266 1465 l.
306 1412 443 1464 Haec
487 1413 604 1463 item
640 1411 909 1483 propositio
947 1428 1047 1461 non
1083 1417 1296 1478 negatur
1330 1407 1389 1458 ab
1431 1405 1760 1470 adversariis,
1801 1423 1892 1457 nec

76 1500 251 1570 negari
279 1518 306 1550 a
333 1498 560 1569 quopiam
585 1507 773 1568 potest,
812 1496 894 1566 qui
919 1496 1180 1568 primatum
1218 1493 1512 1565 praecipuae
1530 1492 1893 1563 jurisdictionis

77 1595 334 1656 agnoscat.
387 1582 444 1636 S.
473 1583 618 1636 Petri
655 1584 846 1652 quidem
881 1583 1144 1653 primatum
1181 1581 1495 1652 personalem
1531 1580 1685 1651 ipsius
1721 1580 1892 1644 fuisse,

75 1688 164 1723 nec
192 1670 275 1722 alii
302 1668 510 1740 cuipiam
538 1669 746 1720 aliorum
771 1668 1131 1739 Apostolorum
1156 1685 1463 1718 communem
1497 1666 1644 1718 iidem
1672 1667 1895 1719 acerbio-

76 1774 156 1808 res
181 1755 487 1826 impetitores
514 1755 812 1820 concedunt3
839 1754 966 1806 unde
994 1754 1154 1825 capite
1180 1751 1498 1824 praecedenti
1515 1752 1724 1806 vidimus
1738 1752 1895 1825 Dupi-

75 1861 189 1894 num
223 1843 380 1913 ipsum
417 1842 476 1894 de
514 1842 811 1911 aequalitate
847 1841 979 1893 inter
1004 1839 1276 1912 Apostolos
1304 1849 1354 1893 et
1379 1838 1435 1892 S.
1465 1838 1673 1892 Petrum
1713 1860 1743 1892 a
1769 1859 1895 1893 non-

75 1930 220 1981 nullis
241 1927 477 1981 Patribus
506 1939 702 1981 asserta
728 1929 1055 1981 disserentem
1081 1927 1344 1999 excepisse
1370 1927 1657 1999 primatum:
1688 1930 1894 1981 Prima-

74 2023 154 2067 τηε
183 2019 317 2067 enim
342 2035 427 2067 res
456 2024 554 2077 est,
582 2037 715 2085 quae
744 2021 836 2068 uni
860 2024 1060 2068 tantum
1087 2019 1356 2076 convenit,
1394 2035 1491 2067 nec
1529 2018 1692 2067 alteri
1718 2024 1895 2084 potest

76 2105 466 2153 communicari.
519 2099 644 2153 Cum
672 2112 834 2154 autem
866 2102 944 2153 bic
970 2102 1209 2172 primatus
1236 2121 1337 2153 non
1362 2102 1512 2154 fuerit
1537 2104 1662 2155 meri
1688 2104 1895 2166 ordinis,

79 2187 164 2238 sed
206 2187 500 2257 praecipuae
535 2186 924 2256 jurisdictionis,
968 2196 1022 2237 ut
1060 2186 1234 2238 iisdem
1281 2188 1583 2239 adversariis
1627 2189 1896 2240 fatentibus

79 2272 254 2324 ibidem
279 2273 621 2343 probavimus3
651 2273 772 2325 haec
798 2292 990 2342 quoque
1016 2273 1281 2344 peculiaris
1300 2274 1607 2344 jurisdictio⁷
1636 2292 1897 2343 quaecum-

78 2376 170 2427 que
209 2358 274 2410 sit
308 2358 509 2430 propria
544 2359 809 2430 p1·imatuS‚
855 2378 1077 2429 quaeque
1124 2360 1283 2431 ipsum
1318 2361 1579 2431 primatum
1618 2361 1895 2423 constituit,

77 2444 163 2496 uni
198 2442 355 2497 Petro
398 2445 599 2516 primati
643 2446 809 2498 debuit
845 2446 1140 2511 convenire,
1193 2465 1286 2499 nec
1319 2445 1375 2498 S.
1414 2446 1603 2511 Paulo,
1657 2457 1741 2499 aut
1786 2447 1896 2499 aliis

78 2531 337 2602 Apostolis
372 2532 531 2602 potuit
565 2551 676 2586 esse
715 2533 1003 2586 communis.
1058 2530 1228 2600 Quare
1265 2553 1437 2587 omnes
1462 2534 1699 2605 Apostoli
1724 2544 1898 2606 potue-

80 2628 194 2669 runt
220 2635 331 2671 esse
359 2620 592 2687 aequales
627 2619 677 2670 in
705 2621 928 2672 omnibus
966 2621 1280 2674 facultatibus
1305 2623 1661 2693 ApostolatuS‚
1698 2622 1781 2691 qui
1806 2622 1896 2673 fuit

81 2705 350 2756 communis
375 2705 628 2770 omnibus,
666 2725 767 2758 non
795 2717 958 2759 autem
983 2707 1035 2759 in
1059 2709 1295 2761 facultate
1331 2719 1416 2760 aut
1441 2708 1756 2761 facultatibus
1782 2727 1898 2778 pro-

81 2791 200 2861 priis
235 2791 501 2861 primatus,
554 2810 678 2860 quae
714 2793 800 2843 uni
835 2791 990 2844 Petro
1026 2793 1226 2862 primati
1261 2794 1550 2844 tribuendae
1589 2803 1731 2856 sunt,
1771 2794 1898 2845 sicut

80 2877 172 2948 ipsi
196 2877 282 2928 uni
306 2877 396 2928 fuit
420 2877 633 2928 tributus
659 2877 954 2948 praecipuae
971 2877 1336 2947 jurisdictionis
1362 2878 1620 2948 primatus,

225 2964 275 3014 ⁶2.
315 2962 424 3015 Hac
449 2963 641 3033 quidem
668 2964 726 3016 de
753 2983 902 3016 causa
927 2963 1199 3036 propositio
1228 2982 1297 3017 ex
1324 2964 1611 3033 quibusdam
1638 2966 1776 3018 libris
1805 2986 1898 3019 ex-

81 3059 279 3120 cerpta,
330 3052 387 3102 S.
429 3051 624 3103 Petrus
669 3059 721 3103 et
761 3053 817 3103 S.
858 3053 1063 3104 Paulus
1105 3059 1224 3103 sunt
1262 3054 1366 3102 duo
1404 3052 1680 3104 Ecclesiae
1715 3059 1897 3122 capita

79 3155 237 3187 unum
263 3144 425 3204 caput
447 3142 838 3200 constituenteS,
863 3138 940 3191 die
959 3140 1046 3191 24.
1060 3137 1282 3209 januarii
1303 3156 1384 3189 an.
1417 3137 1572 3192 1647.
1602 3138 1653 3190 in
1668 3137 1900 3210 Congre-

82 3221 283 3291 gatione
309 3219 365 3274 S.
396 3220 557 3276 Officii
570 3222 625 3296 *)
667 3225 948 3296 proscripta
974 3234 1023 3278 et
1049 3225 1320 3277 haereseos
1347 3234 1521 3276 notata
1545 3225 1636 3277 fuit
1663 3227 1724 3277 ab
1750 3225 1898 3281 Inno-

83 3308 244 3360 centio
263 3306 357 3373 X„
385 3327 444 3362 eo
472 3327 622 3362 sensu
649 3321 854 3383 accepta
878 3321 928 3364 et
955 3314 1246 3381 explicata,
1272 3318 1330 3362 ut
1345 3320 1522 3380 ponat
1545 3316 1896 3366 omnimodam

139 3440 180 3490 ⁸)
210 3442 302 3483 Hoc
334 3444 542 3483 decretum
573 3443 724 3494 legitur
755 3445 864 3486 inter
896 3447 980 3485 alia
999 3447 1168 3486 decreta
1199 3444 1386 3495 subjecta
1415 3445 1545 3486 Indici
1576 3445 1772 3485 librorum
1803 3458 1898 3497 pro-

82 3497 300 3541 hibitorum
333 3503 445 3542 edito
478 3503 550 3541 sub
582 3503 810 3543 Alexandro
842 3506 925 3548 VH.
957 3506 1114 3545 Romae
1144 3516 1249 3544 anno
1283 3505 1413 3546 1664,
1444 3518 1551 3546 num.
1583 3506 1656 3545 53.
1690 3519 1730 3556 p.
1763 3505 1865 3547 357.
