2320 3990
659 216 1265 275 *95*-

59 395 168 448 lidei
204 392 560 456 adhaererent3
612 389 685 441 ita
720 387 934 440 affirmat
970 385 1061 438 hoc
1097 384 1221 438 loeo·
1242 382 1540 451 specialem,
1575 369 1726 452 hujus‘
1763 382 1877 436 fidei

58 499 240 535 curam
276 496 333 531 se
369 478 659 546 suscepisse
706 485 756 527 et
792 492 882 545 pro
919 490 980 525 ea
1012 473 1240 541 proprie
1284 469 1616 538 supplica-sse
1653 465 1876 539 (Leonis

58 566 211 620 verba
237 561 458 636 repeto),
484 570 540 613 ut
563 560 615 612 in
642 579 701 613 ea
728 576 921 623 omnes,
947 557 1029 627 qui
1054 556 1126 610 illi
1151 555 1588 619 adhaerescerent,
1614 555 1876 608 confirma-

59 662 159 704 tum
185 651 249 703 iri
274 657 647 722 pernoscerent.

201 734 288 790 58.
351 733 518 786 Porro
557 751 666 786 cum
702 732 779 786 hic
817 745 1010 800 quoque
1040 735 1217 779 textus
1253 723 1589 795 Evangelicus
1635 727 1696 778 ad
1730 725 1877 780 Petri

60 822 320 893 primatum
359 838 429 873 ex
455 819 742 873 constitutis
774 815 1052 888 pertineat3
1089 811 1168 867 vis
1207 813 1312 883 ejus
1346 810 1590 864 unitatem
1628 811 1738 865 fidei
1765 813 1876 866 exi-

60 925 203 977 genS,
229 906 280 958 in
294 905 450 959 Petro
471 905 679 959 desiisse
699 902 792 956 dici
812 899 998 970 nequit,
1017 909 1072 951 ut
1091 897 1314 951 nonnulli
1339 915 1600 968 perperam
1619 915 1876 964 censuere,

62 994 148 1046 sed
174 994 235 1045 ad
261 1009 579 1046 successores
613 991 716 1060 ejus
754 986 1014 1039 Romanos
1039 983 1314 1038 Pontifices
1347 983 1426 1037 vis
1464 983 1667 1036 omnino
1707 986 1876 1039 eadem

62 1078 323 1142 transivit,
360 1079 413 1131 in
448 1094 570 1147 quos
607 1075 735 1128 idem
767 1073 1008 1146 primatus
1045 1090 1154 1126 cum
1192 1071 1364 1124 eadem
1401 1068 1452 1123 vi
1484 1070 1782 1139 praesertim
1826 1072 1879 1124 in

60 1163 266 1216 unitatis
291 1164 471 1217 bon1m1
494 1161 784 1214 indiminute
808 1160 1035 1214 traducta
1054 1168 1150 1212 est.
1188 1154 1430 1226 Equidem
1451 1155 1573 1207 nihil
1594 1166 1724 1222 erat,
1752 1159 1879 1227 quod

61 1250 148 1302 sub
174 1247 332 1302 Petro
359 1249 620 1301 timeretur
638 1247 936 1318 praesertim
958 1246 1018 1299 ab
1043 1244 1325 1316 ApostoliS,
1353 1261 1476 1312 quos
1501 1242 1554 1294 in
1579 1243 1672 1295 fide
1699 1244 1878 1295 confir-

62 1344 222 1388 matos
237 1333 695 1388 animadvertimus.
742 1333 815 1384 At
839 1332 1143 1384 declaratum
1165 1330 1256 1382 fuit
1279 1330 1370 1382 hoc
1393 1331 1520 1394 loce,
1547 1328 1877 1398 quidaPetro

63 1431 112 1472 et
146 1419 290 1473 Petri
327 1419 698 1473 successoribus
736 1417 1088 1489 praestandum
1125 1426 1261 1469 esset
1286 1415 1647 1486 Apostolorum
1682 1433 1879 1470 succes-

64 1505 258 1557 soribus
295 1505 575 1574 ceterisque
611 1502 915 1558 Christianis
951 1502 1002 1554 in
1037 1501 1269 1573 periculis
1307 1501 1449 1566 fidei,
1488 1511 1544 1552 ut
1578 1501 1688 1555 fidei
1711 1503 1879 1556 unitas

64 1599 367 1645 servaretur.
388 1589 608 1661 Egregie
619 1590 876 1642 admodum
886 1587 1164 1642 Bossuetus
1179 1589 1228 1640 in
1245 1587 1456 1640 laudatis
1469 1587 1879 1643 Meditationibus

63 1677 139 1728 die
167 1675 252 1730 72.
280 1677 522 1727 Debebat
557 1695 762 1743 semper
790 1679 844 1726 in
871 1677 1116 1727 Ecclesia
1154 1677 1339 1727 adesse
1368 1674 1590 1735 Petrus,
1629 1680 1722 1744 qui
1756 1697 1879 1730 suos

55 1766 262 1829 fratres
300 1766 642 1831 confirmaret
676 1764 731 1812 in
751 1763 875 1830 fide.
929 1762 995 1813 ld
1030 1763 1318 1812 remedium
1356 1767 1475 1812 erat
1504 1769 1879 1828 opportunum,

62 1855 118 1899 ut
160 1851 535 1900 sententiarum
572 1851 747 1900 unitas
783 1855 1118 1909 servaretur,
1157 1867 1314 1916 quam
1366 1849 1602 1898 salvator
1652 1853 1880 1902 ommam

65 1937 289 1986 maxime
317 1936 600 2003 expetebat
610 1955 627 1996 ,-
655 1941 704 1986 et
726 1935 857 1986 llaec
880 1937 1172 1987 auctoritas
1198 1941 1345 1986 tanto
1372 1937 1538 2002 massis
1567 1943 1685 1987 erat
1707 1956 1879 1989 neees-

62 2024 208 2072 saria
244 2022 336 2073 sub
371 2020 753 2090 Apostolorum
809 2021 1229 2081 successoribus,
1268 2028 1466 2088 quanto
1521 2022 1710 2073 lam-um
1743 2027 1879 2092 fides

65 2110 229 2158 tainus
268 2114 385 2158 erat
416 2112 574 2175 firma
613 2126 769 2175 quam
806 2108 904 2158 illa
930 2109 1171 2174 ipsorum
1199 2105 1610 2174 Apostolorwm
1659 2108 1881 2178 hancque

66 2191 411 2243 auctoritatem
448 2190 501 2242 in
527 2189 787 2242 Romanos
814 2189 1088 2243 Pontifices
1127 2189 1274 2242 Petri
1309 2208 1627 2243 successores
1665 2196 1881 2246 transfu-

65 2295 170 2328 sam
209 2277 445 2329 declarat.
518 2275 648 2328 Hinc
687 2276 879 2345 quidem
917 2275 1165 2329 Romanis
1199 2275 1487 2328 Antistibus
1523 2275 1881 2349 Evangelicum

66 2363 189 2415 hunc
215 2371 410 2414 textum
437 2371 673 2433 aptarunt
700 2362 906 2432 antiqui,
933 2363 1136 2434 perinde
1165 2381 1222 2415 ac
1248 2362 1292 2414 si
1318 2362 1441 2434 ipsis
1468 2363 1649 2416 dietum
1675 2367 1822 2419 suerit
1851 2387 1881 2420 a

64 2445 295 2512 Christo,
335 2449 461 2517 quod
493 2446 650 2500 Petro
689 2448 869 2501 dictum
904 2449 996 2501 fuit
1010 2448 1093 2520 *),
1131 2452 1387 2517 confirma
1415 2453 1623 2516 fraires
1649 2460 1795 2513 tuos‚·
1832 2464 1881 2505 et

66 2543 298 2604 aptarunt
323 2533 471 2586 etiam
493 2533 544 2586 in
569 2534 960 2588 dissensionibus
985 2545 1035 2588 et
1054 2534 1283 2606 periculis
1310 2533 1438 2599 fidei,
1465 2535 1524 2587 de
1548 2535 1720 2604 quibus
1748 2556 1883 2590 eum-

64 2618 171 2670 dem
198 2628 391 2671 textum
419 2619 682 2690 praecipue
709 2621 1042 2693 accipiendum
1079 2620 1399 2674 ostendimus
1467 2619 1600 2673 Idem
1628 2640 1749 2692 ergo
1778 2624 1883 2675 offi—

66 2703 192 2755 cium
218 2705 536 2756 confirmandi
560 2706 612 2757 in
637 2705 757 2771 fide,
785 2708 1053 2777 eademque
1077 2707 1155 2761 vis
1182 2706 1392 2776 cogendi
1419 2707 1479 2758 ad
1503 2707 1744 2760 unitatem
1772 2709 1882 2761 fidei

69 2789 117 2839 in
131 2787 454 2842 Pontificibus
469 2789 732 2854 RomaniS,
759 2810 866 2844 cum
894 2793 943 2844 id
968 2793 1178 2844 officimn
1205 2802 1538 2859 exequuntur,
1567 2794 1884 2860 agnoscenda

67 2884 145 2927 est
181 2893 250 2927 ex
292 2875 383 2928 hoc
419 2893 611 2945 quoque
653 2873 962 2947 Evangelico
1015 2875 1332 2939 testimonio,
1384 2876 1783 2944 quemadmodum
1832 2879 1883 2931 in

70 2959 223 3013 Petro
256 2960 377 3028 fuit3
419 2979 511 3014 nec
546 2980 654 3014 eam
691 2981 906 3033 negare,
948 2961 1108 3015 autin
1134 2961 1328 3013 dubium
1366 2980 1605 3016 revocare
1641 2964 1882 3036 quispiam

185 3134 223 3184 ⁸)
254 3137 358 3188 Ipsis
377 3139 498 3178 etiam
511 3168 522 3187 ,
552 3150 641 3179 cum
659 3150 710 3178 ex
728 3137 863 3179 officio
881 3137 1002 3178 fidem
1020 3138 1255 3185 declarant,
1277 3142 1319 3177 ut
1338 3137 1432 3178 fidei
1459 3139 1656 3181 unitatem
1673 3144 1882 3188 tueantur,

70 3194 192 3233 iidem
210 3196 364 3246 antiqui
383 3202 576 3248 aptarunt
591 3198 699 3237 illam
715 3209 876 3249 quoque
894 3202 1109 3237 contextus
1127 3198 1382 3248 particulam,
1407 3197 1534 3238 Οναυί
1551 3211 1631 3250 pro
1651 3203 1701 3249 te,
1730 3203 1780 3240 ut
1796 3212 1881 3241 non

70 3251 360 3302 ‹reficiatfides
378 3258 465 3301 tua,
482 3257 554 3296 illa
569 3257 731 3296 scilicet
746 3256 871 3304 fides,
889 3269 994 3308 quae
1010 3257 1322 3309 praedicatione
1340 3256 1433 3295 fidei
1450 3261 1568 3308 petra
1587 3262 1628 3298 et
1644 3259 1882 3299 fundamen-

69 3315 154 3352 tum
170 3313 386 3353 Ecclesiae
403 3318 493 3362 est,
523 3319 566 3355 et
583 3328 662 3367 qua
674 3318 822 3356 fratres
850 3316 1114 3356 confirmandi
1140 3319 1235 3354 sunt
1260 3316 1312 3354 ob
1330 3317 1520 3356 tuendam
1545 3317 1642 3358 fidei
1667 3319 1881 3359 unitatem.

71 3371 158 3410 Hac
175 3371 225 3410 de
243 3384 286 3411 re
303 3373 398 3412 vide
414 3402 424 3419 ‚
465 3385 567 3425 quae
584 3374 712 3413 fusius
728 3375 985 3415 disserentur
1001 3389 1092 3427 cap.
1113 3375 1180 3415 15.
1199 3371 1235 3424 ἓ.
1255 3375 1297 3413 3.
1318 3375 1446 3415 Casus
1464 3381 1601 3419 autem
1619 3379 1881 3429 quorumdam

71 3428 325 3526 Ροὲιιῑίίὶοιιιῃ,
343 3433 409 3483 qui
428 3444 569 3473 errore
584 3437 802 3485 notantur,
821 3438 1022 3487 quatenus
1040 3435 1138 3475 nihil
1156 3434 1314 3481 obsint,
1334 3435 1474 3477 eodem
1491 3437 1630 3489 capite
1648 3438 1737 3478 fuse
1755 3439 1882 3491 expli-

74 3498 119 3523 ca
152 3499 161 3525 ι
187 3500 247 3534 ω’,
