2314 3984
962 196 1628 254 ——332—

509 363 560 415 2.
601 362 799 418 Verum
827 363 986 434 quoad
1013 361 1071 417 S.
1100 362 1361 418 Meletium
1385 365 1762 421 Antiochenam
1776 407 1789 433 ,
1830 366 1913 437 qui
1940 366 2123 419 absens
2151 366 2211 418 ad

363 469 474 504 eam
511 451 679 504 sedem
717 460 974 523 promotus
1013 451 1134 518 fuit,
1180 467 1522 524 quaecumque
1568 455 1755 509 fuerint
1805 452 2212 508 circumstantiae

364 537 626 592 electionis
652 538 924 611 ejusmodi,
965 540 1259 594 coeuntibus
1286 540 1338 594 in
1365 540 1495 594 hanc
1520 559 1623 595 non
1649 543 1808 596 solum
1835 541 2211 606 catholicorum,

363 627 452 681 sed
462 627 800 700 “IArianorum
840 627 991 681 etiam
1032 629 1315 701 suffragiiS,
1356 648 1383 683 e
1422 629 1600 701 quibus
1633 629 1900 703 postremis
1939 629 2212 682 timendum

364 725 503 782 erat,
541 734 605 769 ne
633 715 678 768 si
704 715 811 788 ipse
836 714 949 769 huic
976 716 1211 770 electioni
1245 736 1346 770 non
1374 717 1743 788 acquiesceret,
1779 717 1958 788 aliquis
1985 717 2212 770 Arianus

365 803 427 856 ad
453 822 564 856 eam
591 803 758 857 sedem
787 803 1106 872 eveheretur,
1135 824 1244 859 cum
1272 804 1495 858 maximo
1522 804 1745 877 periculo
1773 804 2049 858 catholicae
2075 805 2212 871 fidei,

287 877 299 883 „
365 903 556 946 certum
583 901 662 945 est
689 910 799 945 eum
827 892 1023 959 statim,
1063 903 1118 946 ut
1144 893 1422 948 catholicae
1448 892 1708 946 doctrinae
1745 892 2085 965 prospiceret,
2125 911 2214 965 pu-

363 981 492 1035 blice
518 982 799 1054 professum
813 978 1094 1035 Nicaenam
1122 981 1282 1047 fidem,
1311 981 1634 1052 eamdemque
1660 981 1734 1034 ita
1759 980 1880 1034 forti
1907 980 2072 1034 animo
2098 1000 2214 1053 pro-

366 1088 620 1142 pugnasse
648 1079 827 1123 contra
853 1069 1102 1122 Arianam
1128 1069 1418 1142 perfidiam,
1455 1079 1511 1121 ut
1549 1068 1642 1122 hac
1681 1068 1740 1122 de
1781 1087 1931 1122 causa
1970 1069 2020 1121 in
2058 1068 2212 1121 Aria-

366 1177 542 1211 nortun
581 1157 746 1211 odium
785 1157 1088 1223 incurrerit,
1137 1177 1195 1211 ac
1229 1157 1332 1210 tria
1367 1157 1524 1211 exilia
1563 1156 1790 1211 subierit.
1843 1155 2006 1209 Exilii
2047 1167 2211 1211 autem

363 1257 588 1318 tempore
614 1246 783 1298 habita
810 1245 911 1297 fuit·
927 1245 1153 1317 synodus
1180 1244 1537 1299 Alexandrina
1554 1286 1567 1311 ,
1602 1246 1655 1298 in
1683 1263 1779 1315 qua
1807 1245 1987 1298 editum
2017 1246 2213 1299 celebre

362 1334 633 1398 decretum,
660 1343 715 1384 ut
740 1332 812 1384 illi
839 1351 1034 1402 quoque
1060 1332 1112 1384 in
1140 1332 1537 1385 communionem
1562 1329 1926 1404 reciperentur,
1953 1332 2035 1402 qui
2059 1331 2214 1384 Aria-

363 1440 540 1473 norum
569 1419 915 1474 communione
955 1421 1154 1473 fuerant
1191 1419 1388 1492 polluti,
1430 1420 1543 1472 dum
1569 1418 1849 1474 Nicaenam
1886 1420 2029 1474 fidem
2065 1421 2214 1493 profi-

362 1519 612 1563 terentur.
688 1508 820 1561 Hinc
857 1506 913 1561 S.
954 1506 1220 1574 Meletius,
1261 1508 1345 1580 qui
1383 1518 1487 1560 tam
1532 1517 1759 1581 apertam
1797 1507 2060 1562 Nicaenae
2103 1509 2213 1561 fidei

363 1596 727 1669 professionem
755 1596 905 1650 etiam
934 1596 1090 1650 exilio
1119 1597 1466 1651 confirmatam
1495 1595 1745 1662 ediderat,
1785 1597 1845 1649 ab
1874 1597 2103 1650 omnibus
2131 1616 2211 1650 ca-

364 1685 560 1739 tholicis
598 1686 648 1738 in
697 1686 1091 1740 communionem
1134 1695 1184 1739 et
1220 1686 1294 1738 uti
1333 1684 1683 1739 Antiochenus
1719 1683 1998 1758 Episcopus
2034 1685 2214 1739 fuisset

364 1784 595 1846 receptus
625 1793 732 1826 cum
761 1775 864 1827 suis
881 1816 893 1840 ,
932 1774 1016 1845 qui
1043 1792 1098 1827 se
1125 1775 1304 1845 sejam
1332 1774 1392 1827 ab
1419 1774 1734 1828 Arianorum
1762 1773 2107 1828 communione
2134 1793 2213 1828 sc-

366 1872 702 1934 paraverant,
743 1863 838 1916 nisi
867 1861 1076 1916 Lucifer
1105 1860 1430 1916 Calaritanus
1467 1874 1585 1917 ante
1623 1865 1728 1934 ejus
1768 1862 1957 1916 decreti
1984 1860 2211 1914 notitiam

366 1950 569 2004 nimium
606 1970 875 2024 praecePS,
912 1951 1267 2005 Antiochenae
1307 1951 1414 2004 sedi
1451 1952 1780 2024 praefecisset
1811 1949 2106 2016 Paulinum,
2145 1970 2213 2004 ex

364 2059 463 2109 qua
488 2040 805 2094 ordinatione
834 2040 1112 2094 Orientalis
1150 2038 1363 2093 ecclesia
1389 2039 1443 2092 in
1480 2051 1653 2112 partes
1692 2039 1842 2105 abiit,
1879 2039 2051 2111 paucis
2077 2037 2214 2092 Pau-

362 2129 483 2195 lino,
512 2129 623 2182 aliis
651 2139 817 2181 autem
844 2128 1067 2201 pluribus
1093 2127 1305 2181 Meletio
1333 2128 1740 2182 adhaerentibus.
1779 2125 1925 2195 Quod
1952 2127 1995 2180 si
2023 2127 2213 2180 Roma-

363 2236 456 2269 nus
484 2216 732 2270 Pontifex
758 2236 866 2270 cum
895 2215 1302 2271 Occidentalibus
1330 2227 1381 2271 et
1407 2217 1680 2290 Aegyptiis
1703 2215 1968 2269 Paulinum
1995 2215 2211 2288 recepit3

363 2325 464 2358 nou
491 2316 661 2359 tamen
687 2307 902 2378 pollutae
939 2306 1331 2372 communioniS,
1374 2325 1467 2360 nec
1503 2307 1563 2359 ab
1591 2304 1823 2359 Ecclesia
1862 2304 2122 2377 praecisus
2149 2304 2210 2356 ab

362 2395 537 2448 iisdem
565 2406 643 2449 est
671 2395 868 2448 habitus
897 2392 953 2447 S.
975 2394 1235 2461 Meletius,
1264 2415 1474 2466 quocum
1501 2413 1676 2448 omnes
1703 2396 1809 2448 fere
1838 2392 2064 2446 Orientis
2091 2390 2212 2464 Epi-

362 2484 502 2554 scopi
541 2483 999 2547 communicabant,
1048 2493 1097 2536 et
1131 2484 1184 2535 in
1222 2483 1300 2535 his
1339 2481 1395 2534 S.
1425 2483 1672 2546 Basilius,
1709 2479 1766 2534 S.
1796 2479 2076 2552 Gregorius
2103 2479 2214 2532 Na-

362 2571 668 2635 zianzenus,
709 2569 765 2624 S.
795 2568 1075 2641 Gregorius
1102 2568 1403 2643 NyssenuS,
1443 2580 1491 2623 et
1518 2569 1631 2634 alii,
1660 2569 1743 2639 qui
1767 2569 1992 2641 profecto
2022 2567 2213 2621 Roma-

363 2678 460 2711 nae
496 2659 629 2712 sedis
669 2659 1018 2712 communione
1051 2659 1364 2730 gaudebant:
1405 2677 1566 2728 neque
1605 2658 1790 2710 idcirco
1831 2656 1878 2708 hi
1909 2676 1939 2709 a
1965 2655 2213 2710 Romanis

363 2747 695 2800 Pontificibus
746 2747 1045 2818 Apostolica
1097 2746 1444 2800 communione
1495 2744 1709 2818 privati,
1762 2754 1850 2797 aut
1901 2744 2212 2818 reprehensi,

363 2837 570 2909 perinde
599 2855 656 2889 ac
684 2835 727 2888 si
752 2835 948 2889 Meletii
977 2835 1326 2889 communione
1354 2833 1685 2888 contaminati
1712 2833 1943 2886 fuissent.
1998 2830 2098 2900 Qui
2124 2852 2212 2885 au-

364 2935 465 2979 tem
493 2944 603 2978 cum
628 2924 727 2976 illis
755 2923 1116 2989 communicat,
1145 2923 1229 2994 qui
1254 2922 1540 2977 immediate
1568 2921 1932 2976 communicant
1958 2939 2067 2974 cum
2095 2921 2210 2973 sede

365 3013 692 3085 Apostolica,
731 3013 856 3066 satis
883 3032 973 3085 per
1000 3014 1091 3065 hos
1127 3031 1236 3066 cum
1266 3012 1438 3065 eadem
1477 3010 1594 3064 sede
1621 3008 1982 3073 communicat,
2018 3017 2072 3059 ut
2098 3027 2211 3080 per-

366 3102 537 3174 spicue
565 3101 816 3173 colligitur
843 3120 912 3155 ex
938 3100 1036 3153 illis
1054 3098 1245 3172 Optati,
1273 3098 1451 3168 quibus
1466 3095 1754 3149 Donatistis
1776 3096 1965 3167 ajebat:
2000 3098 2062 3148 Sa·
2086 3099 2211 3149 inde

365 3192 569 3244 habetis
598 3193 829 3260 aliquem
855 3209 1013 3243 mmm
1050 3187 1159 3260 (qui
1190 3186 1518 3241 communicet
1544 3203 1653 3237 cum
1679 3181 1924 3237 Ecclesiis
1950 3184 2210 3256 Apostoli-

365 3278 499 3350 cis)3
537 3299 639 3349 per
675 3298 835 3331 unum
871 3281 1270 3331 communicatis
1310 3282 1362 3328 et
1394 3277 1586 3326 ceteris
1616 3271 1838 3342 Anyelis
1865 3270 2206 3343 (Angelorum

364 3367 565 3420 nominc
591 3365 871 3439 Episcopos
898 3383 968 3419 ex
996 3364 1306 3437 Apocalypsi
1339 3360 1603 3432 intelligit)
1647 3369 1699 3413 et
1727 3381 1834 3430 per
1873 3363 2093 3430 avtyelos
2129 3381 2208 3412 su-

358 3476 468 3525 pra
499 3459 800 3509 memoratis
826 3455 1101 3515 Ecclesiis,
1129 3461 1181 3506 et
1195 3471 1302 3522 per
1329 3455 1476 3521 ipsas
1505 3451 1777 3503 Ecclesias
1804 3450 1953 3502 nobis
1981 3446 2127 3517 (Lib.
2157 3451 2207 3501 Ξῖ.
