2314 3984
718 262 1366 321 ——169—

77 478 83 483 -
139 452 304 497 tmen
327 434 709 492 eonsuetudines
724 474 738 500 ,
765 451 890 504 quae
916 431 1262 504 Apostolicam
1286 428 1533 499 originem
1559 425 1759 492 hahent,
1788 428 1849 480 ad
1864 430 1948 498 jus

138 525 352 580 divinum
377 531 428 577 et
451 522 628 593 dogma
653 520 947 574 catholicum
972 526 1230 591 spectant3
1271 515 1510 586 siquidem
1535 513 1774 583 quaedam
1799 512 1949 566 etiam

138 611 189 664 in
221 617 640 662 sacramentorum
688 604 1119 659 administratione
1156 619 1325 655 merae
1371 609 1489 654 suut
1507 598 1840 670 discipliuae,
1877 598 1950 651 uti

139 695 421 766 disciplinae
457 693 651 763 quidem
690 693 918 747 diversae
953 688 1185 742 tribuitur
1220 689 1380 738 forma
1411 684 1727 737 ministrandi
1760 683 1952 757 ‘baptis-

139 779 285 832 matis
310 780 435 851 apud
461 777 684 832 Graecos
723 788 772 831 et
809 777 935 849 apud
958 773 1174 828 Latinos
1200 772 1423 835 diversa,
1460 788 1519 823 ac
1543 769 1771 823 similiter
1794 771 1952 822 forma

140 865 450 918 ministrandi
488 863 791 918 sacramenti
826 859 1163 935 poenitentiae
1188 876 1276 929 per
1301 855 1723 928 deprecationem,
1760 856 1840 910 vel
1867 856 1953 908 ab·

141 950 452 1004 solutionem.
491 950 705 1019 Aliquae
722 966 844 1003 vero
865 944 1263 1007 consuetudineS,
1286 961 1412 1011 quae
1431 942 1598 1013 reipsa
1615 960 1704 1013 per
1724 960 1779 995 se
1798 942 1953 996 inclu-

141 1035 259 1088 dunt
284 1035 477 1106 aliquod
503 1036 678 1106 dogma
692 1033 824 1104 juris
850 1030 1031 1094 divini,
1057 1029 1130 1082 ita
1155 1047 1303 1082 cursu
1327 1027 1568 1099 temporis
1593 1028 1874 1093 intermitti,
1902 1038 1952 1082 et

140 1120 326 1174 involvi
350 1119 712 1173 difficultatibus
736 1126 1028 1190 potuerunt,
1063 1125 1120 1168 ut
1157 1113 1425 1168 contrariis
1459 1112 1573 1166 hinc
1609 1113 1722 1166 inde
1748 1132 1953 1184 magno-

138 1223 246 1261 rum
271 1214 648 1274 sanctorumque
673 1202 1035 1276 Episcoporum
1075 1199 1338 1255 sententiis
1365 1199 1610 1269 agitatae,
1648 1198 1747 1250 nisi
1783 1199 1954 1251 defini-

138 1290 208 1343 tio
242 1291 443 1344 accedat
475 1288 830 1361 Ecclesiae*),
870 1288 1154 1361 opinionum
1193 1286 1374 1340 limites
1413 1303 1513 1337 uon
1551 1285 1818 1338 excedant.
1871 1285 1952 1336 Ad

140 1375 444 1446 disciplinam
478 1376 670 1446 quidem
705 1385 864 1429 totum
902 1374 995 1428 hoc
1032 1375 1091 1426 de
1117 1373 1260 1424 modo
1287 1370 1555 1442 recipiendi
1582 1371 1865 1442 baptizatos
1893 1371 1954 1423 ab

143 1461 406 1514 haereticis
444 1461 696 1514 dissidium
732 1460 962 1513 retulisse
997 1459 1194 1513 videtur
1219 1455 1262 1509 F
1266 1457 1567 1521 irmilianus,
1605 1457 1716 1508 dum
1741 1455 1794 1508 in
1821 1456 1954 1510 litte-

142 1545 212 1598 ris
240 1547 299 1599 ad
319 1544 374 1599 S.
389 1545 699 1619 Cyprianum
727 1548 855 1600 hanc
882 1545 1221 1616 quaestionem
1248 1552 1501 1615 comparat
1527 1561 1634 1595 cum
1660 1543 1955 1612 quaestione

143 1632 201 1685 de
239 1632 316 1684 die
351 1633 631 1703 paschatiS,
684 1632 890 1702 aliisque
925 1631 1137 1686 diversis
1176 1629 1637 1693 consuetudinibuS,
1677 1647 1804 1698 quae
1840 1648 1956 1701 pro·

139 1717 268 1768 fecto
294 1726 409 1768 sunt
434 1717 745 1788 disciplinae,
774 1736 880 1771 cum
908 1718 1016 1787 quis
1044 1715 1168 1787 (Ep.
1184 1716 1268 1770 75.
1293 1715 1427 1768 inter
1438 1713 1954 1786 Cyprian.col.303.)

66 1860 70 1865 ,
141 1806 286 1854 circa
312 1803 657 1856 celebrandos
683 1806 796 1856 dies
814 1803 1081 1872 paschae,
1123 1809 1175 1853 et
1210 1804 1357 1853 circa
1394 1802 1560 1851 multa
1595 1803 1706 1852 alia
1744 1803 1954 1854 divinae

142 1892 223 1939 rei
246 1896 605 1950 sacramenta,
632 1892 811 1942 videat
834 1909 944 1941 esse
971 1890 1121 1957 apud
1143 1889 1266 1940 illos
1294 1884 1612 1957 (Romanos)
1642 1889 1852 1955 aliquas
1879 1889 1954 1939 di-

141 1978 441 2035 versitates,
476 1993 574 2027 nec
600 1977 872 2027 observari
897 1977 1010 2027 illic
1037 1977 1214 2026 omnia
1240 1975 1558 2042 aequaliter,
1597 1992 1733 2042 quae
1764 1975 1955 2025 Hiero·

142 2061 353 2128 solymis
381 2061 751 2120 observantur,
778 2063 1061 2112 secundum
1086 2061 1232 2128 quod
1256 2062 1310 2109 in
1337 2062 1527 2111 ceteris
1555 2078 1764 2129 quoque
1783 2062 1956 2128 pluri-

147 2148 238 2196 mis
258 2148 551 2212 provinciis
578 2147 741 2196 multa
759 2164 867 2212 pro
897 2147 1134 2196 locorum
1174 2152 1226 2195 et
1247 2148 1514 2196 nominum
1540 2147 1845 2197 diversitate
1872 2166 1955 2198 va-

145 2233 367 2282 riantur.
418 2227 475 2281 S.
502 2227 719 2280 Basilius
746 2247 938 2298 quoque
965 2229 1184 2281 eamdem
1224 2247 1329 2281 rem
1364 2228 1650 2299 disciplinae
1678 2231 1956 2302 adscripsit,

145 2331 252 2366 cum
277 2331 366 2384 pro
391 2313 636 2367 varietate
661 2314 879 2367 locorum
914 2323 965 2367 et
990 2313 1308 2368 oeconomiae
1348 2331 1499 2366 causa
1525 2314 1773 2368 diversam
1799 2315 1850 2367 in
1877 2335 1957 2370 re-

145 2398 380 2469 cipiendis
426 2399 690 2452 haereticis
734 2400 1135 2453 consuetudinem
1183 2400 1410 2454 obtinere
1456 2418 1605 2471 posse
1651 2401 1867 2471 prodidit
1905 2403 1954 2455 in

144 2483 365 2554 epistolis
392 2485 643 2538 canonicis
668 2485 826 2556 prima
852 2495 902 2538 ct
929 2486 1143 2538 secunda
1169 2486 1227 2537 ad
1252 2484 1668 2556 Amphilochium.
1719 2486 1774 2539 In
1801 2488 1959 2558 prima

146 2569 275 2622 enim
301 2569 508 2640 epistola
545 2589 656 2624 can.
688 2571 735 2623 l.
775 2572 834 2624 de
861 2569 1195 2624 Catharorum
1233 2569 1522 2641 receptione
1559 2571 1785 2641 loquenS‚
1826 2576 1956 2644 ejus-

147 2654 349 2723 demque
382 2654 716 2727 Amphilochii
754 2657 1052 2709 sententiam
1091 2658 1370 2727 approbans
1410 2655 1607 2728 (Epist.
1641 2659 1761 2712 188.
1797 2658 1954 2712 Basil.

150 2738 242 2789 col.
271 2738 453 2808 268),
496 2741 659 2792 Recte
685 2735 1030 2803 admonuisti,
1055 2741 1244 2810 inquit,
1278 2746 1686 2812 uniuscujusque
1725 2750 1957 2813 reyiom's

148 2842 343 2875 morem
368 2828 516 2893 sequi
539 2833 816 2893 oportere,
853 2829 998 2894 quod
1021 2830 1087 2885 ii,
1121 2829 1213 2894 qui
1247 2833 1372 2876 tune
1398 2829 1464 2876 de
1499 2829 1608 2878 illis
1645 2836 1958 2891 statuerunt,

147 2912 202 2960 in
227 2912 404 2961 varias
439 2913 504 2962 cle
530 2914 767 2979 ipsoram
801 2911 1111 2979 baptismate
1147 2914 1432 2962 sententias
1471 2912 1713 2965 abierint.
1766 2912 1834 2966 Et
1869 2916 1959 2968 ali-

267 3055 304 3105 ')
337 3055 431 3095 Etsi
463 3055 598 3106 quoad
630 3055 906 3095 characterem
937 3057 1187 3096 sacramenti
1207 3056 1348 3095 eadem
1379 3057 1435 3095 sit
1466 3068 1672 3097 sacrorum
1705 3059 1891 3100 ordinum
1910 3073 1959 3100 ac

148 3113 406 3162 baptismatis
435 3114 566 3162 ratio;
598 3114 649 3153 ob
683 3115 895 3155 nonnullas
924 3118 1062 3155 tamen
1094 3116 1382 3161 auctoritates,
1418 3115 1562 3165 quibus
1583 3118 1765 3167 rejectae
1794 3120 1959 3160 fuerunt

150 3174 351 3222 tamquam
380 3172 523 3211 irritae
555 3173 838 3213 ordinationes
867 3186 1013 3214 sacrae
1045 3174 1192 3213 nedum
1224 3175 1276 3213 ab
1307 3174 1542 3220 haereticis,
1573 3179 1645 3215 aut
1670 3176 1958 3225 schismaticis,

151 3239 290 3268 verum
321 3229 444 3270 etiam
472 3231 523 3270 ab
555 3233 928 3282 excommunicatis,
960 3233 1211 3283 degradatis,
1244 3236 1286 3271 et
1315 3232 1550 3272 simoniacis
1579 3238 1790 3284 peractae.
1824 3237 1958 3278 adhuc

149 3290 243 3338 post
275 3286 455 3327 decisam
483 3288 595 3328 cirea
622 3290 866 3342 baptismum
891 3292 1171 3343 quaestionem
1195 3293 1256 3331 ita
1276 3291 1412 3341 quoad
1430 3291 1712 3333 ordinationes
1731 3307 1872 3335 sacras
1887 3308 1958 3336 ve-

149 3345 251 3384 ritas
277 3345 446 3385 confusa
477 3349 517 3384 et
549 3346 733 3388 involuta
750 3351 935 3390 tenebris
967 3351 1057 3398 fuit,
1091 3354 1134 3389 ut
1165 3350 1279 3389 multi
1312 3350 1470 3388 diutius
1501 3351 1664 3392 easdem
1697 3350 1837 3393 irritas
1870 3356 1956 3407 opi-

151 3404 234 3443 nati
263 3404 367 3450 sint,
401 3407 442 3443 et
474 3416 672 3444 nonnemo
704 3408 827 3448 etiam
856 3410 1068 3448 materiem
1109 3407 1306 3458 eJusmodi
1338 3408 1661 3450 Ecclesiasticae
1693 3412 1957 3463 dispositioni

150 3461 389 3511 anieiens,
419 3462 471 3502 ad
505 3462 747 3513 disciplinae
779 3467 956 3517 speciem
988 3467 1188 3507 retulerit.
1252 3465 1353 3506 vide
1385 3466 1584 3508 Morinum
1627 3469 1690 3510 De
1720 3473 1857 3511 sacris
1887 3484 1952 3511 or-

149 3516 442 3560 dinationibm
473 3520 705 3563 Exercitat.
737 3523 777 3561 5.
