2320 3990
669 282 1275 338 —67-..-

69 464 312 526 quatenus
338 452 578 505 unitatem
612 451 727 505 fidei
760 469 868 505 cum
894 451 988 503 fide
1011 449 1159 504 Petri
1193 457 1245 502 et
1269 465 1612 503 successorum
1647 450 1755 520 ejus
1780 465 1885 500 om-

69 541 185 594 nino
211 538 474 594 tenendam
513 537 821 610 potissimum
866 545 1090 590 statuant
1133 543 1283 604 atque
1331 535 1699 600 demonstrent,
1743 543 1885 587 ante-

69 645 214 696 quam
241 623 527 695 singillatim
554 643 782 697 expono:
818 620 1074 693 egregiam
1097 619 1362 674 clarissimi
1384 619 1622 673 Bossueti
1656 621 1716 674 de
1740 620 1887 674 intel-

68 714 195 767 lectu
219 729 475 765 sacrarum
499 711 776 764 litterarum
803 707 1076 762 doctrinam
1099 707 1422 778 praemittere
1445 705 1706 778 plurimum
1729 707 1887 761 inter-

70 809 163 852 est.
213 797 263 851 Is
290 798 340 851 in
367 797 525 869 prima
548 794 788 869 pastorali
812 794 1019 868 epistola
1043 793 1103 846 de
1128 791 1387 865 promissis
1414 789 1607 846 Christi
1641 809 1762 846 suae
1787 791 1888 846 Ec-

70 886 247 939 clesiae
271 885 417 938 factis
443 882 836 955 distinguendmn
859 889 1003 934 notat
1026 879 1160 933 inter
1185 878 1327 932 fidem
1353 889 1404 931 et
1428 878 1730 933 intellectum
1755 879 1884 933 fidei.

71 971 216 1026 Licet
240 971 370 1026 enim
396 972 514 1024 fides
529 1010 544 1036 ,
581 985 706 1040 quae
731 966 928 1022 divinae
954 965 1250 1021 revelationi
1273 964 1530 1030 innititur,
1566 984 1666 1020 una
1689 985 1887 1038 semper

70 1058 120 1109 in
143 1057 371 1112 Ecclesia
405 1055 580 1120 fuerit,
617 1071 709 1109 nec
743 1054 988 1126 quidpiam
1018 1053 1072 1106 in
1110 1071 1220 1106 eam
1254 1051 1372 1106 novi
1395 1050 1559 1104 induci
1584 1052 1772 1124 possit,
1809 1052 1887 1106 in-

68 1144 289 1197 tellectus
316 1154 480 1196 tamen
506 1140 632 1207 fidei,
661 1159 758 1212 quo
786 1139 973 1194 scilicet
997 1140 1108 1193 fidei
1132 1138 1356 1193 rationes
1382 1148 1434 1191 et
1456 1139 1776 1191 fundamenta
1792 1157 1887 1190 ex-

68 1229 336 1301 plicantur,
374 1228 554 1299 quique
588 1228 746 1283 sacris
771 1226 1076 1280 Doctoribus
1116 1227 1356 1290 debetur,
1400 1244 1508 1279 cmn
1543 1243 1633 1296 per
1670 1243 1886 1278 examen

69 1316 243 1370 subtile
267 1326 318 1370 et
338 1325 618 1370 accuratum
638 1316 923 1386 dogmatum
941 1313 1322 1384 intelligentiam
1343 1322 1663 1384 aperuerunt,
1679 1312 1808 1366 sicut
1828 1312 1888 1364 ad

71 1413 205 1456 recte
225 1402 518 1455 credendum
542 1401 878 1454 necessarium
899 1418 998 1451 uon
1019 1409 1115 1463 est,
1139 1399 1210 1450 ita
1227 1399 1319 1450 fide
1345 1397 1534 1451 intacta
1555 1416 1686 1450 nunc
1706 1398 1886 1462 minor,

73 1506 200 1540 nunc
219 1489 375 1558 major
395 1505 506 1540 esse
526 1485 812 1540 inEcclesia
838 1495 1020 1558 potest.
1058 1484 1307 1538 Doctores
1333 1485 1464 1538 enim
1491 1494 1542 1538 et
1568 1484 1888 1556 expositores

71 1574 202 1627 sacri
240 1573 527 1643 quandoque
563 1572 706 1625 nullis
743 1572 1146 1643 obstrepentibus
1179 1572 1469 1626 haeresibus
1507 1571 1731 1624 contenti
1768 1590 1889 1640 quo-

70 1659 274 1710 rundam
312 1659 590 1727 dogmatum
626 1658 718 1709 fide
754 1659 814 1708 ob
848 1658 1042 1711 divinae
1078 1658 1401 1711 revelationis
1439 1657 1787 1710 auctoritatem
1827 1658 1887 1708 ab

69 1741 292 1796 Ecclesia
315 1742 645 1814 propositam,
684 1742 1041 1795 accuratiorem
1078 1743 1463 1814 explicationem
1499 1741 1886 1814 praeterierunt.

69 1829 143 1881 At
167 1829 402 1881 subortae
427 1828 657 1899 deinceps
683 1827 936 1894 haereseS,
964 1848 1090 1898 quae
1115 1830 1294 1901 dogma
1320 1829 1610 1883 catholicum
1636 1846 1889 1899 oppugna-

70 1925 211 1980 runt,
240 1933 419 1968 acuere
446 1933 702 1968 sacrorum
726 1913 1003 1968 Doctorum
1030 1915 1186 1969 aciem
1203 1956 1216 1981 ,
1256 1926 1309 1967 ut
1335 1916 1395 1968 ob
1423 1915 1777 1969 retundendam
1807 1914 1890 1967 he-

71 2003 428 2055 terodoxorum
467 2001 744 2067 audaciam,
769 1998 905 2056 “fidei
941 2003 1192 2074 impetitae
1235 2002 1478 2056 rationem
1527 2011 1790 2066 eruerent,
1840 2012 1891 2054 et

69 2089 140 2141 ita
174 2088 514 2140 nonnullorum
560 2088 840 2158 dogmatum
887 2089 1187 2142 intellectum
1205 2129 1217 2153 ,
1268 2089 1350 2158 qui
1394 2089 1794 2153 desiderabatur,
1838 2088 1888 2140 in

72 2173 297 2227 Ecclesia
330 2182 645 2243 pepererunt.
709 2172 982 2226 Praeclara
1017 2175 1069 2226 iu
1107 2175 1232 2227 hanc
1268 2194 1373 2226 rem
1409 2174 1497 2227 illa
1529 2174 1801 2244 Augustini
1838 2175 1888 2226 in

74 2259 212 2312 Psal.
242 2259 326 2311 54.
357 2277 490 2310 num.
519 2259 605 2312 22.
659 2261 751 2312 Ex
778 2261 1059 2314 haereticis
1088 2269 1291 2313 asserta
1320 2269 1398 2313 cst
1421 2262 1715 2321 catholica,
1743 2268 1794 2312 et
1819 2280 1888 2312 esc

71 2349 151 2399 his
178 2349 269 2415 qui
294 2347 428 2397 male
454 2349 710 2406 sentiunt,
729 2348 949 2413 probati
985 2356 1108 2400 sunt
1131 2351 1224 2417 qui
1259 2349 1386 2399 bene
1413 2351 1658 2400 sentiunt.
1713 2348 1887 2400 Multa

70 2436 206 2484 enim
250 2433 484 2484 latebant
531 2435 584 2483 in
617 2433 914 2500 Scripturis
951 2440 1003 2484 et
1025 2453 1142 2485 cum
1169 2439 1412 2502 praecisi
1438 2442 1610 2486 essent
1634 2435 1891 2486 haeretici-

72 2519 462 2587 quaestionibus
501 2521 838 2587 ayitaverunt
861 2520 1159 2571 Ecclesiam
1188 2521 1309 2573 Dei.
1365 2519 1570 2588 Aperta
1608 2527 1730 2571 sunt
1754 2540 1888 2588 quae

72 2606 332 2664 latebant,
356 2612 406 2656 et
431 2606 698 2657 intellecta
725 2612 804 2657 est
827 2608 1067 2659 voluntas
1094 2608 1203 2659 Dei
1229 2645 1242 2658 .
1274 2647 1286 2658 .
1320 2646 1332 2658 .
1375 2607 1553 2667 Multi,
1579 2610 1672 2675 qui
1697 2610 1890 2674 optime

65 2697 288 2756 possent
316 2691 628 2758 Scripturas
656 2693 970 2760 diynoscere
999 2700 1052 2744 et
1066 2700 1436 2761 pertractare,
1464 2694 1698 2746 latebant
1719 2696 1773 2743 in
1793 2712 1889 2759 po-

67 2776 201 2842 pulo
229 2775 364 2835 Dei,
387 2795 486 2828 nec
512 2778 818 2829 asserebant
839 2780 1155 2830 solutionem
1181 2782 1545 2845 quaestionum
1571 2780 1889 2845 difficilium,

74 2881 190 2914 cum
217 2862 568 2913 calumniator
590 2863 772 2915 nullus
799 2865 1036 2914 instaret.
1090 2862 1366 2930 Numquid
1390 2864 1524 2912 enim
1552 2865 1798 2929 perfecte
1825 2865 1889 2913 de

82 2947 339 2998 Trinitatc
365 2953 648 2999 tractatum
675 2955 767 3007 cst,
793 2956 1076 3017 antequam
1103 2949 1434 3000 oblatrarent
1457 2943 1684 2998 Ariani?
1730 2948 1890 3008 Num-

75 3035 204 3102 quid
218 3036 463 3105 perfecte
490 3035 556 3085 (Ie
577 3036 906 3101 poenitentia
934 3041 1220 3087 tractatum
1247 3040 1347 3092 est,
1374 3039 1654 3102 antequam
1681 3034 1889 3086 obsiste-

73 3127 193 3172 rent
216 3120 542 3172 Novatiani?
594 3121 685 3172 Sic
721 3139 827 3171 non
858 3124 1102 3188 perfecte
1157 3122 1222 3171 de
1261 3119 1573 3185 baptismate
1607 3127 1889 3172 tractatum

74 3212 178 3266 est,
216 3212 497 3272 antequam
541 3207 972 3259 contradicerent
1010 3210 1153 3275 foris
1203 3205 1646 3272 rebaptizatores:
1691 3224 1788 3258 nec
1823 3208 1889 3258 de

71 3293 192 3358 ipsa
226 3293 427 3343 unitate
470 3290 671 3344 Christi
707 3294 978 3345 enucleate
1027 3295 1171 3344 dicta
1210 3296 1364 3341 erant
1399 3309 1535 3359 quac
1571 3293 1715 3343 dicta
1753 3299 1889 3352 sunt,

74 3380 179 3428 nisi
194 3384 385 3445 postea
425 3395 583 3444 quam
619 3382 892 3446 separatio
932 3380 1031 3431 illa
1068 3395 1260 3446 uryere
1287 3379 1462 3444 coepit
1490 3380 1697 3444 fratres
1736 3381 1887 3445 infir-

75 3478 213 3521 mos,
237 3469 298 3515 ut
304 3467 427 3534 jam
452 3464 559 3523 illi,
586 3466 678 3532 qui
698 3472 960 3517 noverant
983 3466 1114 3516 haee
1140 3469 1373 3515 tractare
1399 3470 1555 3532 atque
1582 3465 1888 3523 dissolvere,

0 3562 1 3591 1
72 3563 138 3596 ne
168 3549 414 3612 perirent
449 3551 646 3617 infirmi
683 3550 959 3601 sollicitati
995 3550 1386 3617 quaestionibus
1425 3553 1733 3617 impiorum,
1785 3567 1888 3602 ser-

1469 3634 1543 3686 5,
