2314 3984
761 216 1405 290 ——263—-'—

188 424 300 459 mun
320 403 447 456 nihil
480 402 778 474 praejudicat
816 400 962 471 (vid.
989 402 1054 455 ih.
1096 420 1148 454 n.
1175 400 1324 469 590,
1359 399 1535 470 quihus
1569 414 1690 452 sane
1723 413 1812 468 per
1845 413 1900 449 se
1931 414 1986 449 se

186 499 325 543 tanta
348 487 424 543 vis
448 487 708 542 tribuenda
743 498 822 541 est
846 506 955 542 cum
978 487 1036 542 S.
1063 487 1302 552 Irenaeo,
1339 495 1394 538 ut
1430 503 1541 539 eum
1565 482 1856 555 Apostolica
1880 480 1986 535 Ro-

185 592 329 628 mana
354 574 446 627 lide
469 574 642 628 iisdem
667 574 845 627 litteris
871 574 1125 647 proposita
1147 590 1321 627 omnes
1346 569 1666 627 Christianos
1689 587 1895 623 necesse
1921 568 1985 620 sit

185 660 478 727 convenire3
503 661 648 731 idque
672 679 820 714 unum
835 701 850 727 ‚
874 670 940 715 ,ιιι
964 678 1033 715 ex
1057 659 1229 714 eodem
1254 656 1592 712 vetustissimo
1617 655 1775 709 Patre
1801 654 1985 708 audivi-

185 765 309 812 muS,
335 766 423 819 per
449 765 502 800 se
528 765 583 800 se
609 748 668 800 ad
694 748 928 801 haereses
953 745 1302 800 discernendas
1328 762 1386 798 ac
1411 742 1735 798 revincendas
1756 741 1982 794 sufficiat.

186 833 267 887 Ne
291 853 413 888 vero
450 843 638 887 tantam
678 834 777 887 vim
814 834 1089 887 tribuentes
1127 830 1493 884 definitionibus
1517 828 1824 901 Apostolicis
1849 827 1984 897 quic—

187 939 331 990 quam
356 921 607 975 videamur
630 920 891 974 detrahere
915 918 1219 990 synodormn
1244 916 1552 987 generalium
1578 914 1878 980 auctoritati,
1905 933 1984 967 re-

186 1007 436 1059 colendum
454 1007 672 1060 maxime
690 1015 768 1060 est
785 1005 1065 1068 discrimen,
1086 1003 1213 1072 quod
1233 1002 1350 1056 alibi
1368 1001 1707 1067 indicavimuS,
1722 1003 1853 1055 inter
1870 1002 1985 1054 desi-

184 1094 396 1146 nitiones
408 1093 746 1146 Romanorum
757 1091 1072 1155 Antistitum,
1084 1108 1142 1144 ac
1159 1088 1291 1142 inter
1309 1087 1617 1141 definitiones
1635 1087 1886 1157 generalis
1906 1106 1985 1158 sy-

182 1178 295 1229 nodi
307 1177 450 1248 (Vid.
467 1196 510 1230 c.
528 1178 611 1231 13.
624 1196 674 1230 n.
694 1177 864 1249 101.)‚
885 1186 968 1230 aut
987 1193 1282 1247 expressum
1295 1171 1650 1245 Episcoporum
1678 1173 1832 1226 totius
1849 1173 1984 1226 orbis

182 1282 488 1317 consensum.
515 1262 632 1317 Illae
653 1283 741 1337 per
760 1282 814 1317 se
833 1263 974 1316 fidem
993 1281 1050 1317 ae
1069 1261 1384 1314 traditionem
1398 1268 1679 1332 proponunt
1698 1258 1859 1312 centri
1880 1260 1983 1330 ejus

180 1348 452 1414 Ecclesiae,
467 1368 593 1419 quae
597 1352 712 1420 jure
727 1350 964 1421 primatus
978 1347 1203 1401 omnibus
1222 1347 1434 1416 undique
1454 1346 1675 1401 fidelibus
1689 1345 1981 1400 convenien—

182 1434 257 1498 di,
283 1453 371 1487 seu
393 1435 617 1499 unitatiS,
643 1445 692 1488 et
717 1452 986 1488 consensus
1016 1432 1366 1485 necessitatem
1396 1431 1617 1504 imponit.
1670 1431 1803 1484 Istae
1823 1441 1983 1485 autem

181 1522 434 1591 proferunt
458 1521 595 1574 fidem
622 1540 679 1575 ae
704 1519 1018 1575 traditionem
1043 1518 1257 1573 omnium
1281 1516 1618 1572 Ecclesiarum
1644 1517 1796 1570 totius
1814 1518 1981 1571 catho—

182 1606 305 1658 licae
324 1605 596 1670 Ecclesiae,
623 1625 749 1676 quae
780 1609 1098 1670 conveniensi,
1127 1614 1181 1656 ut
1201 1622 1407 1658 necesse
1427 1613 1522 1668 est,
1552 1622 1659 1656 cum
1690 1605 1782 1657 fide
1801 1623 1858 1658 ac
1878 1614 1980 1657 tra—

181 1691 360 1743 ditione
372 1691 617 1756 Romana,
633 1692 973 1744 demonstrant
992 1691 1265 1745 evidentius
1284 1691 1426 1742 fidem
1445 1708 1475 1742 a
1488 1689 1719 1743 Romana
1737 1692 1853 1743 sede
1872 1711 1979 1762 pro-

178 1777 385 1847 positam
412 1795 469 1830 ac
493 1777 737 1828 definitam
762 1795 874 1829 esse
901 1777 1046 1829 simul
1070 1776 1211 1828 fidem
1235 1775 1388 1828 totius
1405 1774 1663 1829 Ecclesiae
1690 1776 1979 1840 catholicae,

178 1863 298 1915 adeo
317 1872 371 1914 ut
389 1881 530 1915 nemo
550 1863 611 1914 ab
630 1862 714 1914 illa
731 1862 1007 1916 desciscere
1027 1872 1194 1931 queat,
1220 1862 1337 1931 quin
1357 1861 1500 1913 simul
1519 1862 1760 1915 desciscat
1780 1881 1809 1914 a
1828 1863 1979 1915 totius

178 1947 431 2002 Ecclesiae
457 1948 724 2001 catholicae
750 1949 870 2001 fide:
898 1949 1025 2018 quod
1045 1949 1087 2001 si
1109 1947 1327 2002 maxime
1354 1958 1431 2001 est
1457 1948 1576 2000 utile
1603 1948 1661 2000 ad
1680 1949 1978 2019 persuaden-

178 2034 303 2094 dum,
329 2052 428 2086 non
453 2043 616 2086 tamen
635 2035 856 2088 absolute
875 2034 1210 2089 necessarium
1226 2045 1321 2099 est,
1342 2054 1450 2088 eum
1470 2054 1559 2106 per
1577 2052 1632 2087 se
1651 2035 1876 2087 sufficere
1895 2036 1978 2088 de-

178 2120 291 2171 beat
301 2118 558 2172 Romanae
571 2115 832 2172 cathedrae
846 2121 982 2184 fides,
993 2139 1117 2189 quae
1123 2122 1238 2191 jure
1251 2121 1488 2191 primatus
1501 2120 1740 2172 unitatem
1756 2122 1976 2189 requirit.

306 2204 392 2258 35.
420 2204 596 2274 Neque
615 2205 692 2258 hic
711 2206 951 2277 quispiam
971 2206 1245 2271 existimet,
1265 2206 1680 2260 indefinitionihus
1700 2204 1976 2259 Pontifieiis

178 2291 238 2341 ad
263 2290 373 2343 fidei
396 2291 632 2345 unitatem
665 2292 715 2346 vi
748 2293 973 2347 coactiva
1009 2293 1306 2362 exigendam
1342 2302 1531 2346 certum
1555 2292 1731 2344 saltem
1757 2311 1868 2346 esse
1894 2294 1975 2346 de-

177 2377 294 2429 bere
328 2375 588 2432 Romanae
623 2379 824 2449 synodi,
865 2388 948 2432 aut
994 2378 1211 2432 Romani
1248 2376 1387 2432 Cleri
1434 2396 1746 2432 eonsensum.
1821 2378 1974 2431 Ratio

175 2463 332 2527 enim,
368 2463 431 2515 ob
469 2482 611 2532 quam
648 2465 855 2534 cogendi
890 2465 989 2518 vim
1015 2464 1071 2517 S.
1098 2464 1335 2518 Irenaeus
1372 2483 1479 2517 cum
1506 2466 1687 2518 ceteris
1714 2465 1974 2518 Romanae

175 2547 283 2600 fidei
314 2548 511 2613 tribuit,
550 2549 601 2603 in
631 2555 923 2618 potentiori
956 2550 1111 2622 ipsius
1150 2550 1279 2604 sedis
1310 2553 1719 2620 principalitate
1754 2552 1972 2614 fundata,

175 2634 307 2684 illum
341 2643 527 2685 tantum
552 2635 780 2705 respicit,
816 2636 869 2689 in
905 2655 1000 2704 quo
1037 2637 1276 2707 primatus
1314 2637 1514 2691 residet.
1565 2636 1660 2690 Hic
1685 2647 1850 2691 autem
1876 2639 1973 2709 pri-

179 2727 337 2769 matus
387 2736 627 2788 personae
674 2721 818 2773 unius
854 2719 996 2774 Petri
1045 2740 1102 2774 ac
1139 2739 1479 2775 successorum
1528 2725 1632 2792 ejus
1677 2723 1906 2792 alligatus
1944 2743 1972 2776 a

179 2801 408 2867 Christo,
442 2814 496 2856 ut
520 2805 678 2875 capite
703 2806 969 2859 constituto
995 2806 1274 2859 schismatis
1298 2807 1500 2858 tollatur
1526 2808 1748 2872 occasi0,
1787 2819 1838 2862 et
1862 2810 1968 2862 fidei

177 2890 478 2960 potissimum
513 2890 677 2943 unitas
715 2892 774 2944 ab
810 2910 868 2944 eo
914 2891 1218 2956 vindicetur3
1266 2891 1366 2945 vim
1412 2893 1682 2946 coactivam
1733 2894 1970 2964 primatus

178 2976 422 3047 propriam
442 2977 535 3047 ipsi
555 2976 638 3028 uni
657 2976 727 3029 ita
753 2978 1009 3048 adjudicat,
1036 2988 1091 3030 ut
1116 2978 1176 3030 ad
1203 2997 1309 3031 eam
1335 2979 1638 3032 exerendam
1663 2979 1713 3031 in
1740 2990 1845 3032 tota
1869 2979 1967 3034 Ec—

177 3062 326 3114 clesia
351 3063 527 3115 nullius
553 3062 853 3116 consortium
879 3074 963 3116 aut
988 3082 1282 3117 consensum
1308 3064 1562 3134 efflagitet.
1601 3064 1708 3119 Hac
1734 3067 1792 3120 de
1817 3085 1967 3121 causa

178 3147 480 3200 definitiones
506 3149 830 3218 dogmaticae,
857 3170 982 3220 quae
1007 3169 1076 3203 ex
1102 3151 1260 3203 veteri
1287 3151 1635 3205 consuetudine
1660 3152 1711 3204 iu
1738 3152 1965 3207 Romana

178 3232 367 3302 synodo
392 3234 534 3285 condi
568 3236 822 3301 solebant,
859 3255 965 3289 cum
1001 3238 1264 3289 ederentur
1303 3237 1351 3288 in
1380 3235 1665 3302 publicum,
1701 3257 1798 3291 non
1834 3242 1963 3311 ejus-

176 3318 281 3370 dem
309 3318 511 3388 synodi,
549 3320 633 3371 sed
656 3321 806 3374 solius
831 3323 1006 3375 summi
1033 3321 1288 3375 Pontifieis
1322 3322 1519 3375 nomine
1544 3323 1961 3384 inscribebantur:‚

178 3404 289 3471 quia
322 3404 508 3458 scilicet
542 3423 710 3458 earum
746 3415 853 3460 tota
884 3409 961 3462 vis
1001 3409 1224 3462 coactiva
1261 3409 1311 3461 in
1352 3410 1634 3464 universam
1669 3409 1961 3465 Ecclesiam.

177 3506 273 3540 non
299 3508 367 3542 ex
392 3488 650 3544 Romanae
674 3491 982 3562 particularis
1008 3495 1185 3565 synodi
1212 3495 1502 3549 auctoritate
1528 3507 1674 3567 atque
1700 3516 1960 3553 consensu.
