2320 3990
665 252 1275 318 ——-···89——

68 442 361 508 potestatem
378 471 392 497 ‚
432 449 521 485 seu
552 430 951 503 jurisdictionem
977 428 1390 485 Ecclesiasticam
1429 426 1692 499 significat.
1736 419 1885 480 'Haec

67 519 275 574 clavium
309 526 535 591 potestas
559 534 660 571 non
686 517 771 569 uni
797 516 853 570 S.
881 515 1068 582 Petro,
1107 515 1194 569 sed
1231 513 1342 567 aliis
1379 513 1531 568 etiam
1562 513 1822 591 Apostolis
1857 532 1886 566 a

69 605 272 661 Christo
309 604 668 659 communicata
706 603 796 655 fuit
832 601 1087 656 iis‘verbis
1111 598 1295 652 Matth.
1325 599 1411 654 18.
1465 598 1631 652 Amen
1656 602 1885 654 dicovo-

68 695 161 753 bis,
189 693 557 762 Quaecumque
585 689 934 760 alliyabert'tt‘s
958 705 1121 756 super
1147 693 1362 746 terram,
1390 693 1546 738 erunt
1570 688 1738 756 liyata
1761 695 1814 740 et
1834 690 1887 739 in

0 827 1 834 ,
68 780 247 839 caelo‚·
285 785 337 830 et
361 795 714 847 quaecumque
740 776 1003 848 solveritis
1028 791 1189 840 super
1214 779 1430 833 terram,
1457 779 1614 824 erunt
1636 775 1811 825 soluta
1838 781 1890 826 et

69 869 121 915 in
149 865 313 916 caelo.
364 861 500 914 Num
525 862 709 915 idcirco
732 857 964 931 Apostoli
989 867 1241 930 potestate
1267 875 1415 928 pares
1436 855 1492 909 S.
1510 856 1667 911 Petro
1694 858 1885 914 dicendi

70 952 217 1002 sunt?
268 947 366 1016 Qui
404 949 665 1020 primatum
679 943 1085 1018 jurisdictionis„
1125 953 1174 996 et
1213 962 1313 995 nou
1350 943 1475 996 meri
1513 944 1699 1023 ordinis
1739 963 1887 1017 super

73 1038 208 1106 ipsos
234 1035 509 1107 Apostolos
534 1031 590 1085 S.
619 1031 776 1084 Petro
806 1040 1039 1083 asserunt
1064 1030 1231 1084 divino
1251 1033 1367 1102 jure
1393 1030 1704 1095 concessum,
1730 1041 1783 1083 ut
1809 1033 1889 1085 vel

70 1121 344 1173 adversarii
370 1136 477 1172 cum
501 1117 725 1170 omnibus
753 1117 1006 1170 catholicis
1034 1126 1290 1182 asseruut3
1318 1116 1354 1168 ii
1368 1116 1762 1187 jurisdictionem
1788 1119 1890 1189 pri-

70 1216 230 1258 matus
254 1205 505 1276 propriam
544 1213 848 1275 agnoscunt,
889 1222 1016 1274 quae
1045 1203 1153 1256 aliis
1180 1203 1439 1275 Apostolis
1479 1203 1750 1256 communis
1789 1222 1888 1255 non

74 1293 192 1344 suit:
231 1291 360 1343 unde
397 1291 544 1343 iidem
583 1290 858 1344 adversarii
897 1291 1118 1343 fatentur
1151 1290 1428 1362 Apostolos
1466 1287 1622 1342 Petro
1658 1291 1889 1359 aequales

71 1379 220 1430 fuisse
246 1378 298 1429 in
324 1377 549 1429 omuibus
578 1385 802 1446 esec-epto
834 1380 1094 1443 primatu,
1132 1376 1258 1428 idest
1298 1385 1513 1446 excepta
1542 1376 1890 1444 jurisdictione

72 1463 274 1534 propria
298 1463 555 1534 primatus,
584 1479 706 1530 quae
734 1479 840 1513 cum
866 1461 997 1513 inter
1022 1460 1296 1533 Apostolos
1325 1465 1673 1514 omnimodam
1702 1481 1891 1532 aequa·

73 1553 269 1601 litatem
297 1547 532 1611 excludit,
559 1557 661 1599 tum
687 1565 808 1601 vero
836 1545 1174 1601 necessariam
1203 1548 1413 1605 adstruit
1435 1548 1628 1600 illorum
1656 1551 1892 1602 subordi-

72 1639 334 1687 nationem
363 1642 414 1686 et
438 1635 810 1704 subjectione-m
837 1637 911 1686 ad
940 1636 993 1685 S.
1015 1635 1236 1687 Petrum
1262 1638 1315 1686 in
1336 1642 1603 1703 potestate
1630 1655 1893 1704 suprema,

73 1729 122 1772 et
139 1724 390 1789 reyc'mine
415 1721 732 1770 universalis
749 1720 1042 1779 Ecclesiae,
1067 1728 1120 1769 ut
1143 1719 1292 1787 liquet
1312 1737 1379 1771 ex
1408 1720 1690 1772 constitutis
1716 1739 1822 1791 cap.
1840 1721 1889 1773 3.

73 1805 154 1858 ubi
179 1804 564 1876 propositionem
594 1804 896 1856 contrariam
925 1823 952 1856 a
982 1805 1098 1857 sede
1125 1804 1422 1875 Apostolica
1448 1800 1603 1857 Gallis
1630 1804 1892 1878 Episcopis

19 1926 30 1942 .
74 1891 459 1963 approbantibus
487 1891 769 1943 damnatam
804 1891 1149 1963 expendimus.
1201 1889 1490 1944 Jurisdictio
1521 1902 1684 1945 autem
1709 1894 1893 1965 prima-

73 1987 150 2028 tus
177 1977 394 2047 propria,
423 1977 502 2030 cui
528 1987 577 2030 et
591 1977 824 2048 Apostoli
851 1979 1106 2042 subc-rant.
1123 1977 1176 2049 *)
1204 1977 1444 2030 unitatem
1470 1979 1620 2032 totius
1636 1978 1893 2034 Ecclesiae

75 2072 304 2133 spectans
325 2103 337 2126 ‚
376 2063 422 2114 id
449 2062 757 2134 potissinuun
785 2073 831 2116 ct
860 2063 1096 2134 primario
1125 2064 1392 2134 exigebat,
1433 2074 1484 2115 ut
1511 2066 1742 2137 Apostoli
1780 2086 1895 2138 pos-

77 2158 187 2200 sent
222 2149 414 2217 quidem
450 2149 614 2200 onmia
638 2189 651 2213 ‚
679 2167 804 2216 quae
843 2159 1038 2218 poterat
1067 2147 1123 2200 S.
1155 2148 1369 2213 Petrus,
1409 2151 1494 2202 sed
1532 2153 1673 2205 salva
1699 2171 1895 2223 semper

78 2253 185 2286 cum
212 2252 270 2285 eo
298 2234 488 2286 unitate
523 2234 881 2287 communionis
909 2244 958 2286 et
986 2233 1121 2298 fidei,
1163 2236 1297 2305 cujus
1324 2235 1430 2306 ipse
1471 2246 1694 2289 centrum
1735 2240 1896 2291 fuerat

79 2338 107 2371 a
134 2317 336 2372 Christo
365 2319 690 2384 constitutus,
730 2320 872 2390 idque.
897 2319 968 2371 ita
994 2329 1047 2370 ut
1079 2338 1179 2371 non
1219 2321 1373 2372 solum
1410 2321 1505 2392 ipsi
1543 2323 1594 2374 in
1622 2325 1895 2377 futurorum

76 2415 349 2477 temporum
376 2424 599 2459 normam
626 2416 885 2476 utramque
911 2406 1151 2458 unitatem
1178 2408 1492 2477 praeferrent
1515 2418 1564 2459 ct
1591 2411 1897 2463 custodirent.

77 2510 183 2544 cum
211 2493 380 2545 eodem
408 2490 464 2544 S.
494 2491 680 2558 Petro,
708 2511 882 2546 verum
910 2491 1060 2544 etiam
1088 2493 1326 2545 ecclesias
1353 2502 1458 2545 toto
1488 2495 1607 2547 orbe
1635 2497 1897 2548 aedifican-

77 2580 162 2630 das
190 2579 248 2630 de
274 2579 442 2630 eadem
479 2579 671 2633 unitate
711 2599 818 2633 cum
846 2578 1001 2631 Petro
1030 2588 1078 2631 et
1106 2578 1476 2632 successorihus
1516 2583 1621 2651 ejus
1650 2584 1896 2636 servanda

82 2663 403 2715 instruerent.
458 2663 588 2717 Vide
616 2683 740 2733 quae
766 2665 817 2717 in
843 2665 967 2717 hanc
994 2683 1100 2716 rem
1127 2665 1184 2716 de
1210 2664 1401 2716 unitate
1438 2663 1748 2735 potissimum
1787 2665 1896 2717 fidei

84 2748 517 2801 animadvertimus
543 2769 674 2800 num.
699 2751 786 2803 49.
817 2761 866 2803 et
892 2751 943 2802 in
971 2751 1193 2820 sth‘ecta
1220 2751 1554 2802 adnotatione.
1605 2748 1778 2802 Verba
1805 2750 1899 2819 igi-

81 2845 160 2885 tur
186 2833 479 2904 Evangelici
507 2843 710 2887 textus:
739 2838 811 2887 Et
834 2837 931 2886 tibi
954 2837 1092 2886 dabo
1121 2836 1294 2885 elaces
1323 2842 1417 2884 etc.
1447 2833 1574 2884 hanc
1592 2833 1898 2903 jurisdictio-

81 2938 190 2972 nem
231 2921 468 2991 primatus
502 2921 749 2992 propriam
789 2921 1070 2984 ineludunt‚
1113 2937 1238 2988 quae
1266 2917 1551 2970 necessaria
1581 2917 1734 2971 Petro
1772 2932 1898 2973 erat.

199 3113 236 3164 ⁸)
261 3114 352 3151 Hac
370 3112 421 3152 de
439 3123 562 3151 causa
590 3111 712 3153 iidem
735 3112 843 3153 Galli
860 3111 1061 3164 primatus
1072 3109 1407 3160 jurisdictionem
1425 3120 1512 3148 cum
1533 3104 1702 3150 nnit'atis
1722 3112 1900 3150 necessi-

81 3177 171 3212 tate
190 3173 413 3222 jungentes
424 3200 438 3220 ,
466 3172 526 3210 ita
539 3171 648 3211 illam
667 3172 875 3223 explicant
891 3183 979 3211 cum
996 3170 1157 3209 Habert
1174 3173 1279 3221 part.
1296 3170 1339 3207 2.
1358 3169 1410 3208 de
1426 3168 1673 3208 nien-archia
1689 3170 1899 3210 Ecclesia-

81 3232 186 3272 stica
202 3244 238 3270 c.
249 3231 292 3270 5.
310 3226 346 3280 §.
362 3230 405 3268 5.
423 3234 582 3280 quaest.
596 3231 638 3273 2.
672 3232 726 3272 c’t
739 3234 931 3271 servetur
945 3230 1159 3270 Ecclesiae
1174 3229 1321 3268 unitas
1338 3231 1378 3268 et
1394 3229 1607 3279 primatus
1621 3230 1776 3269 summi
1786 3229 1899 3270 Pon-

85 3287 230 3340 tfficis,
257 3290 364 3330 satis
383 3291 468 3336 est,
501 3290 612 3340 quod
634 3290 829 3331 Christus
856 3290 1084 3341 Apostolos
1110 3292 1309 3328 eteorum
1335 3299 1598 3327 successores
1621 3287 1900 3341 (Episcopos)

82 3349 321 3389 instituerit
336 3360 431 3388 cum
447 3347 814 3404 mbo-rdinatione‚
832 3350 929 3390 illos
946 3349 1002 3389 ad
1022 3347 1203 3396 Petrum,
1220 3347 1327 3386 istos
1340 3346 1397 3386 ad
1416 3347 1634 3387 Summum
1652 3346 1897 3398 Pontificem

85 3407 201 3449 Petri
213 3419 510 3457 successorem.
539 3407 596 3447 Et
613 3412 707 3459 post
724 3420 876 3461 pauca:
896 3408 1087 3449 Potestas
1106 3406 1286 3447 clavium
1304 3405 1407 3446 data
1421 3410 1484 3446 est
1494 3405 1725 3457 Ecclesiae,
1742 3408 1819 3448 hoc
1837 3412 1899 3448 est

87 3465 286 3516 Pontifici
302 3471 343 3508 et
358 3465 589 3519 Episcope's
603 3498 612 3515 ‚
643 3470 682 3508 et
699 3467 765 3507 his
781 3468 947 3519 quidem
966 3479 1057 3508 cum
1077 3465 1424 3508 subordinatione
1443 3465 1500 3507 ad
1520 3464 1762 3517 Pontificem
1789 3467 1900 3506 Petri

87 3535 378 3566 successorem.
