2314 3984
742 249 1381 308 *ma—-

156 423 314 486 sediS,
338 426 395 476 iu
419 441 526 493 qua
557 422 797 476 Christus
822 422 997 473 claves
1014 420 1203 488 posuit
1218 416 1351 487 fidei
1373 412 1495 467 haee
1521 411 1681 466 addit:
1706 411 1960 467 adversus

153 530 312 582 quam
335 508 504 580 (fidem
530 508 582 559 in
607 524 667 559 ea
691 505 991 577 depositam)
1009 524 1117 558 non
1131 503 1551 573 praevaluerunt
1573 500 1840 561 hacteuus,
1862 519 1962 553 nec

148 596 533 666 praevalebunt
565 612 729 662 usque
765 595 839 644 ad
875 592 1368 644 consummationem
1398 593 1594 655 portae
1635 587 1826 656 inferi,
1862 605 1962 640 ora

153 685 354 735 scilicet
377 683 792 740 haereticorum,
817 681 953 731 sicut
967 677 1246 745 pollicitus
1272 680 1352 725 est
1373 674 1494 733 ille,
1537 674 1630 741 qui
1651 691 1758 724 non
1783 675 1961 725 menti-

153 778 256 822 tur.
307 766 436 820 Hinc
462 765 581 818 nihil
618 765 791 816 mirum
830 763 974 816 debet
1011 760 1263 824 accidere,
1302 757 1347 810 si
1370 757 1499 810 idem
1536 755 1752 810 Sanctus
1778 775 1844 811 ex
1873 757 1964 811 hac

157 854 389 907 Romana
414 853 505 906 fide
526 849 714 905 Christi
733 848 992 921 promissis
1010 848 1203 899 firmata
1226 845 1279 897 in
1303 843 1616 915 gravissimis
1642 843 1964 898 dissensioni-

151 941 292 992 nibus
330 940 462 991 inter
489 937 755 991 catholicos
791 934 1110 988 derivandam
1145 930 1403 1002 scripserit
1438 930 1785 983 certitudinem
1828 930 1958 983 fidei.

152 1025 338 1079 Eodem
365 1025 594 1078 nimirum
619 1023 744 1075 libro
760 1022 810 1073 2.
838 1019 982 1090 epist.
1002 1019 1121 1072 1⁶29.
1151 1017 1211 1069 ad
1235 1015 1459 1069 Leonem
1486 1013 1813 1068 Sacellarium
1838 1017 1963 1069 scri-

152 1114 274 1166 bens
300 1113 359 1165 de
383 1108 673 1180 quaestione
699 1105 832 1158 circa
855 1106 1035 1158 cultum
1061 1120 1316 1157 sacrarum
1340 1101 1630 1172 imaginum,
1658 1119 1785 1170 quae
1805 1099 1966 1154 Grae-

155 1215 239 1251 cos
265 1197 520 1259 diviserat,
547 1193 591 1246 si
616 1193 676 1245 ad
700 1201 868 1262 partes
895 1190 1229 1244 conciliandas
1255 1187 1505 1259 generalis
1533 1188 1754 1257 synodus
1780 1205 1965 1241 convo-

152 1283 257 1336 cari
282 1301 381 1335 non
407 1290 604 1353 posset,
635 1280 902 1330 Mittenda
941 1285 1046 1338 est,
1079 1275 1264 1346 inquit,
1304 1275 1380 1326 ad
1405 1274 1702 1326 Romanum
1729 1293 1799 1326 ex
1823 1282 1965 1327 utra-

154 1390 252 1439 que
272 1377 432 1438 parte
461 1370 683 1436 leyatio,
722 1372 773 1416 et
807 1366 932 1415 inde
963 1366 1096 1431 fidei
1133 1362 1448 1428 accipienda
1474 1367 1553 1411 est
1575 1362 1865 1411 certitudo:
1905 1378 1963 1412 ea

155 1455 340 1508 scilicet
375 1471 492 1524 pars
529 1461 667 1505 certa
692 1450 787 1502 erit
813 1467 868 1500 se
892 1459 1066 1501 tenere
1090 1465 1262 1501 veram
1288 1445 1459 1509 fidem,
1506 1463 1630 1514 quae
1657 1461 1798 1496 suam
1824 1444 1964 1497 fidem

158 1559 266 1592 cum
301 1538 530 1591 Romana
565 1535 987 1599 consentientem,
1036 1543 1120 1586 aut
1156 1551 1186 1585 a
1223 1530 1455 1584 Romana
1492 1532 1608 1584 sede
1648 1532 1967 1603 approbatam

156 1623 394 1677 inveniet.

297 1707 349 1760 N
352 1726 379 1760 e
404 1707 651 1778 prolixior
676 1708 794 1771 sim,
822 1706 995 1758 omitto
1022 1705 1309 1758 testimonia
1327 1702 1519 1756 Leonis
1538 1702 1634 1754 lx,
1656 1721 1725 1756 ex
1745 1705 1890 1775 epist.
1912 1705 1964 1758 9.

154 1795 212 1846 ad
237 1793 531 1845 Michaelem
559 1791 868 1846 Cerularium
895 1809 1003 1862 cap.
1032 1792 1081 1845 7.
1103 1789 1378 1842 Innocentii
1402 1788 1507 1853 111„
1534 1788 1590 1842 S.
1611 1788 1842 1841 Anselmi
1861 1788 1965 1842 Lu-

153 1878 348 1942 censis,
388 1877 665 1948 Menologii
698 1876 936 1939 Armeni,
974 1874 1031 1929 S.
1072 1875 1326 1928 Brunonis
1366 1875 1634 1940 AstensiS,
1685 1872 1966 1929 Cardinalis

154 1962 470 2016 Bessarionis
487 2003 500 2027 ,
529 1974 579 2016 et
604 1963 835 2027 aliorum,
864 1963 945 2031 qui
970 1964 1139 2015 eadem
1167 1959 1355 2015 Christi
1379 1964 1562 2028 verba,
1603 1969 1654 2013 et
1670 1969 1866 2031 portae
1892 1967 1965 2014 iu-

149 2054 261 2118 feri
285 2058 379 2101 etc.
410 2050 470 2101 ad
494 2048 550 2102 S.
580 2047 785 2101 Petrum
802 2088 815 2112 ,
843 2048 921 2101 vel
949 2049 1008 2099 ad
1034 2050 1138 2118 ejus
1164 2049 1335 2112 fidem,
1386 2059 1470 2100 aut
1497 2050 1556 2100 ad
1583 2046 1862 2100 Romanam
1889 2067 1967 2102 se-

155 2137 262 2188 dem
302 2135 537 2186 referunt.
601 2131 742 2201 Quae
779 2134 1018 2186 hactenus
1054 2152 1123 2186 ex
1162 2134 1379 2203 antiquis
1418 2134 1703 2198 retulimuS,
1743 2135 1967 2187 sufficere

156 2222 350 2274 debent.

301 2308 351 2361 7.
391 2304 478 2356 Ex
504 2303 594 2356 hac
618 2303 777 2373 prima
803 2299 994 2355 Christi
1019 2304 1350 2375 promissione
1378 2314 1619 2374 quatenus
1644 2303 1966 2358 infallibilitas

159 2392 496 2445 Romanorum
522 2389 816 2442 Pontificum
842 2389 1204 2442 definitionibus
1231 2392 1498 2444 asserenda
1523 2391 1605 2455 sit,
1633 2392 1740 2460 quis
1766 2410 1865 2444 non
1891 2393 1969 2444 in-

155 2480 383 2549 telligat?
411 2477 469 2530 Si
494 2477 623 2529 enim
647 2473 907 2528 Ecclesiae
933 2475 1327 2529 infallibilitatem
1354 2477 1449 2548 ipsi
1475 2495 1668 2546 quoque
1695 2478 1967 2531 adversarii

158 2583 225 2618 ex
251 2585 308 2618 eo
335 2564 595 2633 colligunt,
623 2563 736 2631 quia
762 2558 992 2614 Christus
1018 2560 1246 2632 promisit
1281 2563 1418 2628 fore,
1463 2581 1526 2615 ne
1553 2572 1729 2615 contra
1756 2580 1863 2616 eam
1890 2564 1967 2616 in-

161 2650 252 2702 feri
275 2658 448 2719 portae
471 2649 820 2718 praevaleant,
846 2664 1011 2698 nonne
1037 2646 1218 2699 exinde
1243 2648 1432 2717 pariter
1457 2648 1737 2701 deducenda
1775 2659 1854 2701 est
1891 2651 1967 2702 in-

163 2733 428 2785 fallibilitas
453 2732 564 2784 fidei
590 2750 621 2782 a
646 2730 878 2782 Romana
902 2729 1031 2783 Sede
1066 2733 1380 2801 propositae,
1421 2751 1528 2784 cum
1567 2734 1735 2786 eadem
1776 2733 1966 2788 Christi

165 2818 425 2889 promissio
453 2835 521 2870 ex
546 2816 752 2868 Patrum
774 2816 1041 2868 traditione
1068 2825 1119 2867 et
1145 2825 1383 2868 contextu
1407 2817 1514 2887 ipso
1539 2815 1848 2889 Evangelico
1889 2840 1967 2874 re-

163 2906 362 2956 ferenda
388 2903 454 2955 sit
479 2903 539 2954 ad
574 2921 683 2955 eam
721 2901 830 2953 fidei
865 2910 1084 2972 petram,
1123 2901 1198 2954 cui
1236 2911 1341 2954 tota
1375 2899 1602 2955 Ecclesia
1627 2915 1967 2976 superstructa

164 2991 277 3041 est?
326 2987 597 3040 Praeclare
632 2987 682 3039 in
720 2987 843 3040 hanc
883 2987 1179 3040 sententiam
1228 2985 1284 3039 S.
1318 2987 1361 3040 F
1365 2989 1617 3041 ranciscus
1655 2989 1878 3046 Salesius
1916 2994 1967 3046 in

166 3093 313 3144 opere
337 3092 428 3126 ms.
458 3084 633 3126 eontra
658 3074 932 3126 haereticos
960 3071 1151 3126 Gallica
1176 3073 1343 3144 lingua
1369 3085 1583 3126 exarato
1600 3115 1613 3140 ,
1642 3078 1767 3146 quod
1792 3078 1843 3130 in
1871 3079 1965 3150 (ibi

169 3159 329 3229 pluteo
356 3159 423 3210 A.
450 3177 540 3211 ms.
570 3159 686 3229 71.)
713 3159 1020 3213 Bibliotheca
1047 3158 1294 3229 Chigiana
1328 3161 1617 3212 custoditum
1654 3162 1965 3218 inscribitur:
2011 3195 2027 3213 .

172 3245 254 3295 De
282 3246 574 3296 l’auctoritc'
598 3254 647 3297 et
664 3250 934 3314 primautc'
951 3250 1016 3299 cle
1043 3248 1095 3298 S.
1114 3247 1306 3297 Pierre
1326 3254 1377 3297 et
1393 3249 1485 3299 des
1506 3253 1810 3302 souverains
1826 3252 1965 3304 Pon-

167 3333 290 3397 tifcs
316 3348 395 3381 ses
421 3349 763 3383 successeur&
811 3331 1042 3385 Recitato
1071 3331 1199 3384 enim
1237 3340 1414 3396 textu,
1464 3333 1541 3385 Tu
1566 3350 1620 3386 es
1647 3335 1842 3390 Petrus
1869 3348 1966 3391 etc.

169 3415 334 3467 verbis
362 3414 458 3465 illis
486 3422 536 3467 et
557 3423 747 3486 portae
772 3421 936 3485 inferi
960 3429 1054 3471 etc.
1083 3435 1208 3486 quae
1228 3417 1287 3468 ad
1303 3426 1494 3488 petram
1519 3421 1689 3486 refert,
1717 3423 1808 3476 hoc
1834 3442 1967 3476 com-

173 3499 460 3552 mentarium
487 3500 696 3571 subjicit.
741 3503 852 3555 Par
877 3523 961 3556 ces
982 3505 1201 3573 paroles
1228 3503 1426 3556 Nostre
1457 3505 1714 3575 Seiyneur
1738 3517 1967 3562 monstro

233 3606 277 3642 P.
295 3606 441 3642 Bauer.
460 3606 507 3642 de
524 3607 697 3644 Primam
714 3611 787 3643 etc.
1595 3606 1664 3660 18
