2320 3990
923 171 1542 232 —62-ss

267 399 269 401 a
303 353 664 437 cen-troucum
691 358 788 412 quo
816 357 996 395 omnes
1024 340 1496 410 communicent,2a
1520 343 1731 401 Christo
1755 345 2014 419 provisum
2042 345 2164 412 fuit-⁰,

301 452 419 487 num
445 431 555 486 sine
582 437 724 484 certo
751 426 934 482 visibili
963 437 1159 494 centro,
1187 426 1267 482 cui
1297 427 1352 482 in
1374 430 1470 486 fide
1489 431 1558 487 sit
1573 433 1961 500 adhaerendum,
1988 433 2166 489 relicta

300 519 547 576 credenda
573 526 653 571 est
678 515 848 571 unitas
875 516 1005 584 fidei,
1034 536 1163 588 quae
1187 527 1266 572 est
1284 517 1454 572 unitas
1473 517 1738 577 Ecclesiae
1762 521 1970 596 potior?
2008 519 2164 575 Immo

301 609 344 663 si
395 605 626 662 caritatis
674 614 726 658 et
773 605 1138 660 communionis
1199 606 1367 661 unitas
1415 605 1680 664 Ecclesiae
1737 609 2034 664 necessaria
2086 619 2165 663 est

299 698 362 751 ob
389 695 637 750 unitatem
663 692 794 760 fidei,
823 693 885 746 ad
911 712 1061 765 quam
1086 694 1170 748 illa
1197 696 1438 763 refertur,
1465 696 1540 749 uti
1565 690 1833 752 statuimus
1860 698 2026 772 capite
2043 697 2163 765 10.;

301 805 413 840 cum
441 803 500 839 eo
528 783 784 857 profecto,
826 801 1040 853 quocum
1065 784 1363 838 necessaria
1391 792 1471 839 est
1496 783 1666 838 unitas
1694 785 1924 840 caritatis
1951 796 2002 841 et
2029 804 2165 840 com-

300 871 553 926 munionis
569 911 583 938 ,
619 869 916 924 necessaria
942 870 1064 924 item
1090 871 1300 926 dicenda
1325 883 1406 927 est
1430 872 1598 926 unitas
1625 872 1766 940 fidei,
1794 874 1867 928 ita
1892 884 1949 928 ut
1974 873 2164 928 discre-

298 979 419 1034 pare
445 978 549 1014 non
576 959 727 1013 liceat
752 978 782 1012 a
808 959 902 1014 fide
927 978 1020 1032 per
1045 979 1160 1014 eum
1186 959 1375 1014 tradita
1404 963 1520 1034 jure
1545 962 1793 1035 primatus
1809 1002 1823 1028 ,
1864 980 2075 1033 quocum
2103 961 2165 1014 ob

298 1049 543 1104 unitatem
567 1047 681 1102 fidei
707 1048 1172 1103 communicandum
1200 1059 1296 1104 est.
1337 1048 1585 1122 Equidem
1611 1050 1977 1105 communionis
1997 1049 2166 1103 unitas

300 1158 409 1193 cum
437 1136 583 1211 Papa
607 1135 795 1191 idcirco
821 1136 1138 1209 potissimum
1163 1136 1432 1193 Ecclesiae
1470 1147 1549 1192 est
1575 1139 1899 1206 necessaria,
1936 1149 1991 1191 ut
2016 1157 2165 1211 prae-

299 1233 540 1285 caveatur
568 1224 926 1280 schismatibus
945 1267 959 1293 ,
1001 1245 1133 1298 quae
1160 1227 1273 1281 fidei
1300 1227 1599 1283 divisionem
1627 1237 1678 1281 et
1703 1228 1944 1282 haereses
1972 1231 2166 1298 saepis-

298 1315 423 1369 sime
449 1314 682 1387 pa1²iunt3
711 1324 862 1384 atque
882 1324 937 1367 ut
955 1315 1312 1369 schismatibus
1341 1315 1541 1369 exortis
1568 1314 1903 1384 discernatur,
1930 1320 2015 1372 ubi
2040 1338 2166 1374 vera

300 1397 496 1454 Christi
520 1399 758 1455 Ecclesia
797 1402 864 1455 sit
902 1402 1039 1456 inter
1065 1403 1265 1475 plures,
1306 1422 1436 1473 quae
1476 1421 1532 1456 se
1557 1421 1650 1475 pro
1679 1402 1874 1458 Christi
1911 1404 2164 1474 Ecclesia,

298 1489 577 1544 venditant.
658 1489 971 1545 Discernere
1026 1501 1194 1545 autem
1243 1492 1328 1544 ubi
1380 1490 1448 1544 sit
1509 1510 1635 1546 vera
1682 1489 1879 1546 Christi
1931 1492 2165 1550 Ecclesia

297 1579 426 1632 idem
454 1589 533 1633 est
559 1597 618 1633 ac
640 1579 948 1645 discernere,
977 1579 1182 1633 ubinam
1207 1599 1344 1655 vera
1361 1580 1606 1635 revelatio
1634 1591 1684 1634 et
1706 1582 1846 1649 fides,
1876 1583 1955 1636 cui
1983 1583 2166 1639 adhae-

297 1668 503 1721 rendum
526 1667 610 1734 sit,
638 1668 943 1740 reperiatur.
995 1666 1171 1738 Itaque
1193 1678 1445 1722 externae
1467 1669 1832 1723 communionis
1859 1671 2028 1724 unitas
2056 1691 2166 1725 cum

304 1755 535 1809 Romana
562 1756 680 1810 sede
706 1755 892 1810 idcirco
919 1754 1186 1811 Ecclesiae
1212 1756 1510 1811 necessaria
1536 1766 1634 1824 est,
1662 1766 1717 1810 ut
1744 1777 1847 1812 non
1873 1769 1978 1812 tam
2006 1759 2166 1813 schis-

298 1853 435 1897 mata
461 1843 816 1916 impediantur,
845 1863 994 1916 quam
1022 1845 1368 1901 dissensiones
1395 1846 1526 1913 fidei,
1553 1847 1637 1901 vel
1662 1846 1726 1900 iis
1754 1847 1948 1901 obortis
1975 1848 2028 1901 in
2055 1850 2164 1902 solo

298 1941 445 1986 coetu
470 1931 543 1985 illi
580 1932 687 1986 sedi
727 1931 1037 1988 adhaerente
1065 1944 1115 1988 et
1142 1953 1252 1988 cum
1278 1934 1365 1988 illa
1393 1935 1796 1990 communicante
1834 1956 1960 1992 vera
1985 1935 2165 1991 Eccle-

297 2021 391 2087 sia,
420 2039 641 2091 veraque
681 2020 928 2075 revelatio
956 2040 1015 2075 ac
1042 2023 1163 2077 fides
1203 2023 1549 2090 discernatur,
1590 2024 1670 2078 cui
1696 2024 2065 2079 adhaerendum
2094 2026 2164 2079 illi

297 2110 382 2176 sit,
410 2109 495 2180 qui
521 2109 574 2162 in
595 2127 721 2163 vera
740 2107 1185 2164 ChristiEcclesia
1213 2130 1329 2165 esse
1355 2113 1496 2167 velit.
1549 2110 1853 2166 Necessitas
1878 2132 2003 2185 ergo
2031 2132 2167 2167 com-

295 2197 550 2251 munionis
579 2216 689 2251 cum
716 2195 955 2249 Romano
983 2195 1236 2254 Pontifice
1263 2200 1376 2254 fidei
1415 2199 1610 2272 pariter
1636 2201 1784 2254 unius
1813 2220 1922 2256 cum
1952 2221 2013 2256 eo
2041 2202 2166 2255 reti-

296 2287 490 2341 nendae
516 2284 875 2341 necessitatem
901 2285 1134 2342 involvit.

449 2376 537 2429 10.
590 2374 735 2428 Adde
762 2374 910 2446 quod,
939 2375 984 2428 si
1010 2394 1113 2429 non
1141 2386 1376 2431 servetur
1405 2395 1515 2430 cum
1542 2375 1690 2450 Papa
1715 2378 1886 2431 unitas
1914 2378 2045 2445 fidei,
2073 2397 2166 2432 nec

294 2463 662 2518 communionis
691 2483 800 2518 cum
826 2463 936 2535 ipso
958 2464 1128 2517 unitas
1156 2464 1453 2518 necessaria
1479 2466 1797 2520 servabitur:
1827 2484 2004 2520 omnes
2033 2466 2164 2519 enim

296 2552 646 2624 discrepantes
687 2570 717 2604 a
754 2552 849 2606 fide
876 2550 1053 2624 Papae
1091 2552 1222 2606 idem
1249 2551 1500 2606 Pontifex
1527 2571 1636 2606 cum
1663 2563 1772 2607 tota
1808 2553 2044 2609 Ecclesia
2071 2554 2166 2608 sibi

296 2640 604 2695 adhaerente
632 2660 662 2694 a
690 2659 782 2693 sua
809 2641 1162 2695 communione
1188 2641 1463 2714 praecidit,
1502 2661 1653 2712 quam
1680 2642 2017 2716 praecisionis
2047 2661 2165 2696 sen-

295 2729 509 2784 tentiam
547 2730 752 2784 inanem
791 2728 918 2782 haud
957 2748 1110 2802 posse
1137 2731 1388 2802 praeferri
1413 2730 1606 2804 patebit
1633 2750 1703 2784 ex
1729 2732 1951 2786 dicendis
1978 2731 2031 2784 in
2055 2730 2166 2804 Ap-

296 2818 504 2890 pendice
531 2837 668 2871 num.
694 2817 781 2872 13.
809 2828 860 2872 et
891 2817 979 2871 14.
1008 2817 1111 2874 Vel
1137 2837 1260 2890 ergo
1290 2820 1657 2873 communionis
1686 2820 1855 2873 unitas
1884 2839 1993 2873 cum
2020 2818 2166 2892 Papa

295 2906 591 2960 necessaria
629 2906 725 2960 dici
762 2906 968 2977 nequit3
1009 2907 1091 2962 vel
1133 2906 1178 2960 si
1212 2908 1509 2962 necessaria
1548 2909 1759 2962 dicenda
1798 2918 1907 2973 est,
1947 2918 2002 2960 ut
2040 2907 2164 2978 ipsis

297 2993 607 3050 adversariis
634 2995 910 3053 fatentibus
937 2993 1294 3068 probavimuS,
1333 2995 1628 3048 necessaria
1664 3014 1862 3065 quoque
1899 2994 1995 3048 dici
2021 2994 2167 3048 debet

297 3101 407 3136 cum
436 3083 610 3137 eodem
638 3084 808 3138 unitas
835 3083 950 3138 fidei
967 3124 980 3150 ,
1009 3083 1120 3138 sine
1147 3101 1246 3153 qua
1273 3082 1638 3136 communionis
1664 3083 1833 3136 unitas
1862 3082 2037 3136 haberi
2063 3101 2165 3136 non

295 3181 480 3243 potest.
537 3169 1026 3230 Communicandum.
1058 3171 1256 3243 quidem
1296 3189 1411 3225 esse
1439 3190 1549 3225 cum
1574 3169 1814 3225 Ecclesia
1842 3171 2087 3226 catholica
2112 3170 2164 3224 in

296 3260 490 3317 unitate
517 3263 741 3333 ejusdem
765 3262 880 3317 fidei
906 3279 1054 3317 nemo
1092 3259 1366 3314 catholicus
1393 3258 1680 3329 negaverit.
1735 3258 2000 3328 Quaenam
2038 3278 2163 3315 vero

297 3358 376 3402 est
401 3346 636 3402 Ecclesia
663 3350 927 3418 catholica,
955 3349 1056 3405 nisi
1082 3367 1213 3421 quae
1240 3367 1350 3403 cum
1378 3346 1646 3401 Romanae
1675 3347 1808 3404 sedis
1836 3347 2087 3403 Pontifice
2113 3347 2164 3400 in

296 3437 492 3491 unitate
532 3437 646 3491 fidei
673 3438 1010 3493 communicat
1022 3439 1054 3492 ‘fx
1105 3434 1572 3508 Quicumquessenim
1600 3437 1662 3490 ab
1684 3436 1784 3493 isto
1812 3436 2164 3507 discreparunt

296 3527 348 3580 in
376 3526 487 3593 fide,
517 3536 604 3581 aut
629 3526 950 3599 discrepant,
979 3526 1110 3582 sicut
1135 3525 1196 3580 ab
1224 3526 1331 3598 ejus
1358 3524 1709 3579 communione
1735 3542 1935 3596 semper
1962 3523 2163 3577 fuerunt

2299 2419 2320 2908 i

2299 2944 2320 3065 ’ἒ

2304 3078 2320 3121 ξ
