2314 3984
715 230 1364 319 ...αξη-...-

131 426 584 500 wammam
600 425 844 481 limnaeus
876 424 1138 496 loquitur)
1152 426 1943 492 ,necessitatemaeaffl'mimpm

129 521 249 569 κοῦ.-
261 511 606 583 Proantnm
629 509 681 563 in
707 522 975 581 sequentes
994 519 1197 568 aetates
1209 511 1337 582 apud
1349 508 1531 568 Gallos
1549 507 1944 579 hfflewrifflis

129 607 348 671 sportam
381 596 741 669 professionem
776 616 848 652 ex
861 597 1046 654 -Atvitoz
1059 596 1353 657 confirmae
1395 594 1519 679 Alia
1548 594 1697 666 plura
1721 594 1946 664 ejusaem

127 683 269 740 Betri
293 685 354 739 da
363 682 546 737 Merca
571 684 863 738 testimonia
882 691 1152 755 suppetiae
1164 679 1626 737 exuisset-tatione
1640 681 1946 737 occisos-s«

128 774 261 822 mine
286 772 602 823 clericorum
639 778 689 822 et
727 767 1228 837 laieorum,²·quibus
1264 763 1612 838 primatum-S.
1641 763 1797 823 Petro
1823 784 1946 837 pcata

129 855 308 907 ceteris
342 854 601 926 Apostolis
638 873 927 908 concessum
962 855 1033 915 ads
1057 852 1450 906 conservandam
1486 848 1747 904 Ecclesiae
1783 851 1944 904 unita-

127 949 252 1004 tem,
291 959 496 1010 eumque
521 940 573 994 vi
599 939 825 1004 coactiva
846 931 1123 1012 praeditum
1148 938 1385 990 declarat.
1437 934 1812 995 Sententiarum
1838 939 1943 1009 ejus

129 1044 365 1078 summam
401 1025 640 1079 indicabo.
716 1021 943 1079 Cluvium
991 1032 1291 1094 potestatem
1326 1020 1383 1078 S.
1415 1019 1584 1078 -Petro
1631 1040 1784 1093 supra
1817 1023 1943 1076 alios

125 1111 400 1183 Apostolos
437 1130 468 1164 a
505 1106 709 1162 Christo
746 1108 980 1161 traditam
1018 1106 1235 1161 affirmat
1264 1127 1374 1176 pro
1415 1108 1615 1162 tuenda
1649 1112 1849 1160 unitate
1889 1113 1943 1160 in

125 1182 437 1247 uniuersalis
464 1195 738 1247 Ecclesiae
764 1197 1045 1263 reyimine,
1081 1203 1131 1246 et
1156 1192 1227 1244 ita
1253 1192 1449 1262 quidem
1474 1190 1705 1244 traditam
1723 1233 1736 1257 ,
1762 1202 1817 1244 ut
1842 1212 1941 1245 non

127 1280 282 1332 solum
309 1280 370 1331 ad
395 1279 523 1333 hanc
547 1279 786 1333 unitatem
813 1280 1110 1333 servandam
1144 1278 1304 1350 possit
1329 1296 1502 1331 omnes
1529 1295 1741 1348 cogere,
1769 1296 1942 1331 verum

126 1365 276 1418 etiam
301 1364 482 1416 nullam
506 1365 558 1418 in
584 1365 696 1418 aliis
722 1367 829 1418 fore
855 1365 1140 1437 pronuntiet
1166 1364 1375 1417 clavium
1402 1371 1695 1434 potestatem
1713 1402 1726 1427 ,
1768 1364 1866 1415 nisi
1891 1365 1943 1416 in

123 1449 320 1510 unitate
353 1468 462 1502 cum
497 1448 672 1503 Petro.
725 1448 850 1504 Cum
888 1451 1122 1519 aequales
1158 1449 1312 1503 ruisse
1352 1448 1422 1501 ait
1459 1467 1632 1501 omnes
1667 1447 1943 1519 Apostolos

127 1543 373 1605 potestate
397 1534 519 1604 ipsis
543 1536 727 1588 tradita
761 1536 812 1588 in
837 1535 1124 1589 universum
1149 1536 1407 1599 mundum,
1445 1543 1615 1586 monet
1652 1543 1943 1587 constanter

128 1617 468 1690 excipiendam
494 1638 607 1675 csse
631 1631 958 1692 potestatem,
997 1640 1086 1674 seu
1113 1623 1198 1692 jus
1236 1621 1446 1692 cogendi
1479 1629 1636 1672 totam
1662 1617 1940 1672 Ecclesiam

125 1703 185 1755 ad
210 1703 452 1757 unitatem
479 1723 587 1758 cum
607 1705 782 1772 Petro,
803 1710 887 1779 jus
912 1707 983 1758 ita
1007 1707 1261 1778 proprium
1287 1707 1431 1758 istius
1458 1706 1655 1758 ratione
1681 1706 1939 1776 primatus,

125 1797 178 1839 ut
202 1789 283 1841 vel
308 1788 402 1859 ipsi
426 1788 658 1861 Apostoli
687 1791 739 1845 in
768 1792 1113 1846 construendis
1138 1791 1508 1863 praedicatione
1544 1791 1656 1843 fidei
1679 1791 1833 1845 totius
1860 1809 1942 1843 or-

125 1873 200 1926 bis
235 1871 501 1940 Ecclesiis,
553 1877 642 1929 has
681 1896 854 1930 omnes
890 1878 1132 1948 subjicere
1167 1878 1406 1930 deberent
1442 1876 1648 1941 unitati,
1685 1887 1735 1929 et
1769 1886 1941 1948 pet-rac

126 1959 389 2030 primariae
415 1962 711 2032 adjungere,
748 1963 879 2016 idest
912 1963 958 2016 ei
981 1963 1120 2027 fidei,
1163 1981 1308 2033 quam
1335 1961 1391 2015 S.
1419 1962 1605 2016 Petrus
1632 1962 1682 2014 in
1710 1961 1940 2015 Romana

127 2044 384 2115 principali
410 2047 524 2098 sede
551 2047 805 2117 deposuit3
833 2068 895 2102 ne
925 2049 1143 2118 alioquin
1169 2050 1514 2102 schismaticae
1540 2059 1740 2112 essent,
1774 2059 1828 2100 ut
1854 2050 1940 2100 do-

129 2128 227 2180 cuit
252 2126 482 2199 Optatus,
533 2131 654 2183 Alia
679 2143 825 2202 atque
852 2133 950 2185 alia
976 2133 1158 2186 similia
1183 2135 1511 2205 praeterienS,
1539 2135 1722 2187 selecta
1748 2144 1938 2186 tantum

129 2216 234 2284 ejus
273 2214 493 2282 verba*)
532 2216 583 2267 in
619 2218 875 2271 notatione
914 2219 1162 2290 descripta
1202 2221 1489 2291 appendam.
1566 2219 1617 2270 A
1654 2219 1938 2272 testimonio

244 2401 282 2453 ⁴)
316 2405 389 2443 Sic
419 2405 607 2444 nimirum
638 2407 696 2445 ait
728 2407 769 2446 in
803 2407 968 2447 laudato
1002 2420 1128 2459 opere
1161 2409 1221 2448 De
1241 2411 1485 2450 discrimine
1515 2411 1761 2451 clericorum
1784 2423 1875 2462 cap.
1897 2413 1939 2450 3.

129 2474 168 2500 n.
200 2462 243 2500 2.
278 2462 471 2503 Christus
507 2463 714 2504 Dominus
744 2469 887 2506 noster
918 2468 1138 2517 Apostolis
1168 2470 1361 2509 omnibus
1394 2472 1434 2508 rt
1462 2470 1650 2518 singulis
1682 2471 1725 2508 ίη
1758 2471 1941 2510 solidum

131 2519 359 2560 Ecclesiam
391 2533 513 2561 suam
537 2522 836 2574 fundandam,
876 2525 1104 2565 docendam
1117 2523 1141 2574 ,l
1171 2534 1210 2567 et
1243 2528 1470 2577 regendam
1502 2529 1732 2576 commisit,
1778 2541 1827 2568 ea
1874 2533 1940 2568 ta-

125 2590 218 2618 men
250 2581 340 2629 lege
371 2578 560 2630 adjecta,
597 2585 643 2622 ut
678 2582 826 2623 Petrus
866 2585 976 2623 inter
1006 2597 1075 2624 eos
1106 2586 1334 2635 primatum
1369 2589 1555 2637 gereret,
1597 2591 1637 2629 et
1669 2591 1800 2638 caput
1833 2592 1940 2628 esset

127 2638 294 2686 calcegii
321 2638 441 2678 iltius
466 2640 716 2688 ‚apostolice
747 2654 794 2680 eo
816 2640 910 2691 fine
939 2643 1114 2695 scilicet,
1146 2648 1194 2684 ut
1224 2649 1392 2695 praete-r
1425 2658 1684 2686 communem
1716 2659 1807 2687 cum
1842 2648 1941 2688 aliis

127 2707 285 2743 curam,
317 2697 500 2735 unitatis
524 2699 834 2740 conservandae
861 2702 907 2740 in
935 2701 1164 2742 exercendo
1196 2705 1400 2752 regimine
1429 2705 1670 2744 sollicitudo
1701 2707 1939 2756 praecipua

128 2758 171 2793 et
201 2754 445 2802 specialiter
475 2754 540 2794 illa·
572 2760 836 2807 competeret.
896 2759 984 2798 Vim
1015 2763 1152 2799 autem
1183 2763 1411 2801 coactivam
1445 2763 1630 2802 declarat
1669 2768 1762 2814 post
1791 2775 1937 2814 pauca,

128 2812 195 2850 ubi
238 2811 378 2851 claves
409 2812 626 2855 Ecclesiae
667 2827 754 2855 cum
797 2819 1007 2866 potestate
1051 2818 1206 2867 ligandi
1247 2822 1370 2868 atque
1412 2821 1601 2860 solvendi
1643 2822 1736 2861 ideo
1768 2824 1939 2873 primum

130 2870 353 2920 promissas
393 2870 470 2908 soli
502 2872 627 2911 Petro
667 2873 844 2915 affirmat
884 2875 1003 2925 (licet
1043 2876 1138 2915 aliis
1178 2881 1323 2928 postea
1366 2878 1509 2918 eadem
1551 2882 1742 2930 potestas
1783 2881 1941 2920 tradita

129 2928 294 2979 fuerit),
329 2931 376 2967 ut
408 2929 564 2970 scirent
596 2943 738 2972 omnes
773 2931 1011 2983 Pontifices,
1042 2938 1294 2984 potestatem
1323 2948 1489 2986 semper
1519 2949 1614 2977 cum
1649 2938 1762 2978 Petri
1794 2938 1940 2980 Eccle-

126 2987 217 3026 siae
250 2987 407 3037 capitis
439 2991 729 3030 communione
760 2994 799 3030 et
829 2992 996 3032 unitate
1025 2994 1315 3045 retinendam,
1356 2996 1412 3035 ad
1443 2997 1554 3047 quod
1584 2997 1676 3047 ipse
1706 3000 1940 3050 praecipue.

127 3056 221 3084 cum
254 3048 462 3096 potestate
494 3048 660 3097 ligandi
691 3053 958 3093 contumaces
987 3050 1086 3092 huic
1115 3054 1276 3093 unitati
1308 3066 1454 3103 cogere
1482 3059 1637 3105 posset.
1682 3057 1738 3096 Et
1769 3069 1874 3099 num.
1895 3059 1936 3098 3.

128 3103 397 3148 considerans
437 3106 668 3148 mandatum
709 3112 773 3148 ter
803 3110 1022 3160 repetitum
1062 3113 1256 3162 pascendi
1289 3113 1543 3162 Ecclesiam,
1587 3115 1747 3161 Quibus
1786 3117 1936 3167 verbis,

129 3161 212 3205 ait,
255 3163 463 3211 promissa
495 3165 617 3207 Petro
661 3168 817 3218 capitis
862 3172 1050 3219 potestas
1088 3182 1167 3221 pro
1210 3172 1368 3212 tuenda
1407 3174 1573 3213 unitate
1603 3175 1649 3214 in
1681 3175 1938 3216 universalis

130 3218 349 3260 Ecclesiae
379 3222 595 3272 regimine,
626 3226 691 3266 itti
722 3238 830 3278 prae
859 3228 1008 3268 ceteris
1041 3229 1207 3270 indulta
1241 3234 1326 3278 est;
1359 3232 1525 3283 aliquid
1557 3233 1664 3272 enim
1696 3235 1940 3284 specialiter

133 3278 280 3317 datum
315 3290 478 3319 necesse
521 3286 581 3322 est
618 3284 804 3335 intellig-i
845 3298 921 3337 per
958 3290 1211 3328 sententiam
1245 3289 1417 3330 Domini
1460 3293 1524 3330 ter
1553 3294 1798 3342 repetitam,
1841 3298 1938 3345 post

132 3339 348 3387 acceptam
381 3341 654 3381 communiter
682 3345 866 3384 eamdem
897 3357 988 3386 cum
1023 3347 1122 3387 aliis
1150 3351 1414 3398 potestatem.
1461 3349 1598 3390 Cetera·
1629 3351 1788 3404 quippe
1819 3354 1938 3405 Apo-

132 3395 233 3438 stoli
260 3396 325 3436 sic
351 3406 441 3438 una
473 3401 679 3448 potestate
709 3403 907 3446 instructi
937 3409 1039 3445 sunt
1073 3407 1113 3445 in
1145 3407 1354 3457 solidum,
1394 3411 1442 3448 ut
1471 3405 1564 3456 ejus
1601 3410 1716 3453 inter
1750 3424 1796 3452 se
1827 3412 1933 3452 divi-

134 3453 294 3494 se'onem
316 3454 560 3504 faciendam
696 3471 783 3501 non
811 3462 1157 3513 ignorarent....
1186 3465 1336 3506 Petrus
1366 3478 1530 3520 quoque
1558 3473 1724 3520 partem
1755 3471 1839 3511 sibi
1870 3484 1938 3511 es-

139 3512 348 3553 colendam
382 3517 602 3565 assumsit,
645 3519 986 3569 quemadmodum
1019 3527 1059 3565 et
1092 3524 1275 3578 Paulus,
1314 3529 1354 3566 et
1396 3527 1550 3580 reliqui
1582 3529 1779 3581 Apostoli
1807 3541 1936 3580 pra<-
