2314 3984
0 279 2 368 l

723 231 1107 298 ——4-253
1203 268 1370 279 ——-

146 415 406 470 tatianus
437 411 555 476 fuit,
593 409 772 463 nullius
798 407 1092 462 conditionis
1127 405 1489 470 memineruntr,
1526 411 1579 456 et
1602 401 1958 474 ·A·postolicani

142 499 458 554 traditionem
475 496 528 549 iu
550 494 782 548 Romana
796 493 1021 546 doctrina
1041 491 1333 546 custoditam
1357 507 1556 562 semper
1580 496 1957 560 praesumentes

143 583 296 639 veluti
328 583 529 636 omnino
564 591 752 634 certum
768 620 782 645 ‚
821 580 981 634 eidem
1007 577 1371 633 adhaerendum
1396 576 1710 629 affirmarunt
1734 574 1958 628 absolute

144 671 251 724 sine
276 669 558 723 conditione
598 669 725 732 ulla,
766 676 819 718 ut
854 674 993 738 patet
1026 664 1160 716 inter
1195 671 1393 716 ceteros
1418 678 1488 715 ex
1512 659 1569 714 S.
1599 659 1838 725 Irenaeo,
1878 660 1961 730 qui

143 755 490 809 necessitatem
516 753 792 806 absolutam
817 748 1141 805 conveniendi
1166 766 1275 800 cum
1300 747 1392 800 fide
1418 745 1680 800 Romanae
1703 744 1963 800 Ecclesiae

145 840 473 912 apertissimis
510 839 676 894 verbis
711 839 966 910 professus
993 842 1225 903 propter
1246 836 1604 901 potentiorem
1629 838 1742 904 ejm
1759 836 1961 902 prinei-

139 930 446 995 palantem,
471 943 586 977 num
611 922 908 995 Apostolica
932 918 1135 972 traditio
1162 918 1213 970 in
1240 937 1299 972 ea
1325 927 1527 972 servata
1554 929 1718 984 esset,
1744 937 1846 972 non
1872 937 1961 972 vo-

145 1012 276 1067 cavit
300 1012 352 1064 in
377 1010 571 1063 dubium
579 1029 597 1071 ,·
622 1008 710 1063 sed
735 1016 924 1060 certum
949 1005 999 1057 id
1023 1004 1224 1058 omnino
1251 1022 1576 1076 praesumens
1602 1004 1772 1056 statim
1798 1003 1963 1056 subdi-

146 1099 242 1151 dit:
295 1099 356 1150 In
406 1116 511 1165 qua
556 1112 760 1162 semper
797 1098 1112 1145 conservata
1134 1091 1226 1142 'est
1272 1110 1364 1151 ea,
1410 1110 1546 1160 quae
1586 1092 1650 1142 ab
1688 1088 1963 1160 Apostolis

144 1191 222 1236 est
252 1184 490 1235 traditio.
564 1178 779 1250 Idipsuni
824 1195 1017 1247 quoque
1062 1185 1473 1248 praesumserunt
1519 1176 1669 1228 etiam
1709 1175 1963 1246 generalia

144 1267 367 1331 eoncilia,
396 1266 575 1336 aliique
602 1263 1005 1332 subsequentium
1033 1271 1307 1334 temporiun
1333 1261 1537 1326 PatreS‚
1564 1262 1676 1313 dum
1703 1262 1962 1330 loquentes

146 1354 203 1406 de
253 1352 541 1422 dogmaticis
578 1349 923 1403 Romanorum
962 1347 1262 1401 Pontificum
1312 1347 1678 1401 definitionibus
1728 1347 1965 1399 dixerunt

147 1437 304 1508 (Vide
331 1455 480 1507 supra
505 1454 548 1488 c.
580 1436 661 1488 13.
689 1435 736 1502 §-
768 1435 851 1486 14.
881 1453 930 1485 11.
961 1433 1105 1505 72),
1132 1453 1222 1505 per
1248 1452 1305 1486 os
1332 1452 1502 1486 eorum
1529 1434 1783 1503 loquutum
1809 1433 1964 1486 fuisse

147 1521 202 1576 S.
243 1521 480 1586 Petrum,
533 1521 617 1590 qui
651 1521 702 1572 in
741 1520 862 1591 ipsis
902 1519 1006 1572 suis
1046 1520 1418 1573 successoribus
1455 1519 1612 1584 vivit,
1663 1529 1714 1572 et
1739 1530 1965 1591 praestat

146 1608 497 1678 quaerentibus
522 1607 633 1659 fidei
652 1606 942 1671 veritatem3
971 1615 1021 1658 et
1047 1606 1118 1658 ita
1145 1624 1340 1677 semper
1365 1606 1636 1677 praestitit,
1662 1615 1718 1657 ut
1733 1604 1964 1659 Romana

147 1695 265 1747 fides
289 1695 394 1763 ejus
421 1691 552 1745 sedis
579 1709 775 1762 semper
808 1691 1100 1762 incorrupta
1135 1693 1496 1762 permanserit,
1533 1701 1588 1743 ut
1622 1692 1869 1744 constabit
1894 1710 1963 1745 ex

146 1779 458 1848 antiquorum
483 1776 780 1829 testimoniis
807 1776 1074 1828 recitandis
1101 1795 1208 1847 cap.
1241 1777 1324 1828 15.
1363 1778 1409 1844 ἕ.
1437 1778 1488 1829 4.
1540 1776 1679 1830 Haec
1705 1778 1837 1830 enim
1862 1797 1963 1830 non

147 1863 424 1933 potuissent
449 1862 723 1926 affirmare,
751 1861 848 1913 nisi
874 1862 1178 1931 dogmaticas
1204 1863 1400 1915 illorum
1427 1863 1737 1916 definitiones
1764 1881 1833 1915 ex
1859 1873 1965 1917 tra-

147 1948 331 2000 ditione
357 1946 412 2000 S.
441 1946 586 1999 Petri
611 1948 871 2011 deductaS,
912 1957 961 1999 et
999 1947 1050 1999 in
1085 1947 1206 2018 ipsis
1235 1949 1450 2018 ejusdem
1476 1948 1622 2002 Petri
1648 1950 1963 2003 traditionem

148 2052 205 2086 ac
243 2033 352 2086 fidei
390 2032 664 2085 doctrinam
700 2042 1050 2086 conservatam
1089 2033 1433 2086 credidissent.
1500 2033 1688 2088 Confer
1727 2037 1965 2089 adnotata

150 2136 254 2189 cap.
285 2119 368 2170 12.
397 2137 446 2169 n.
475 2119 562 2169 5⁵2.
590 2128 694 2170 not.
726 2118 772 2169 1.
822 2115 948 2170 Cum
974 2137 1123 2188 porro
1152 2119 1360 2171 alioruin
1386 2119 1742 2190 Apostolorum
1769 2132 1819 2174 et
1845 2122 1965 2174 alia-

151 2221 255 2254 rtnn
290 2202 641 2255 catholicarum
677 2201 1019 2256 Ecclesiarum
1057 2204 1258 2256 traditio
1295 2205 1492 2258 diversa
1529 2224 1628 2258 non
1668 2208 1764 2271 sit,
1804 2226 1964 2277 neque

150 2288 324 2351 fuerit,
366 2307 523 2357 neque
559 2290 723 2340 futura
761 2289 827 2341 sit
865 2308 895 2341 a
920 2289 1187 2343 traditione
1221 2299 1271 2342 et
1306 2291 1398 2343 fide
1437 2291 1492 2343 S.
1522 2291 1694 2357 Petri,
1734 2311 1842 2346 cum
1870 2311 1966 2363 qua

150 2383 395 2442 tamquam
432 2392 539 2426 cum
566 2375 809 2428 communi
843 2385 1016 2428 centro
1052 2375 1260 2428 unitatis
1287 2394 1460 2429 omnes
1488 2379 1761 2432 catholicae
1787 2378 1966 2432 Eccle-

148 2458 252 2510 siae
279 2459 605 2523 conveniunt‚
642 2470 692 2512 et
720 2461 1020 2513 conveniant
1047 2472 1273 2532 oportet3
1315 2461 1534 2514 Romani
1561 2465 1728 2533 utique
1754 2463 1966 2516 Pontifi-

148 2560 256 2606 ces,
295 2542 405 2594 dum
442 2543 752 2597 definitiones
789 2546 1095 2615 dogmaticas
1133 2548 1282 2600 edunt
1309 2566 1377 2600 ex
1404 2547 1460 2600 S.
1491 2547 1637 2602 Petri
1663 2550 1714 2601 in
1740 2550 1864 2621 ipsis
1892 2552 1964 2603 lo-

149 2627 343 2695 quentis
379 2629 646 2682 traditione
681 2649 738 2683 ac
772 2631 892 2694 fide,
932 2651 1238 2686 communem
1274 2633 1416 2685 simul
1453 2636 1670 2687 omnium
1697 2637 1965 2689 catholica-

150 2730 256 2762 rum
280 2709 618 2766 Ecclesiarum
644 2715 786 2767 fidem
811 2733 880 2767 ex
907 2717 1151 2769 communi
1175 2718 1442 2771 traditione
1467 2721 1820 2790 pronuntiant3
1857 2722 1965 2773 ina-

151 2796 323 2866 nisque
349 2799 668 2867 cognoscitur
694 2799 928 2852 Bossueti
955 2802 1195 2866 conditi0,
1225 2807 1427 2870 quoties
1453 2823 1782 2858 successores
1812 2808 1968 2859 Petri

149 2901 468 2935 communem
505 2886 870 2939 Ecclesiarum
915 2889 1074 2955 fidem
1122 2906 1192 2938 ex
1227 2892 1488 2939 communi
1536 2893 1826 2944 traditione
1856 2913 1965 2962 pro

149 2972 331 3038 officio
360 2979 701 3036 promerent,
746 2989 803 3023 ac
837 2971 882 3023 si
932 2971 1193 3040 aliquando
1242 2972 1388 3024 aliter
1434 2984 1604 3044 posset
1651 2977 1960 3048 contingere.

147 3052 277 3106 Idem
301 3053 578 3107 Bossuetus
613 3056 696 3108 lib.
728 3056 812 3109 10.
842 3056 905 3109 al.
935 3058 1020 3110 15.
1073 3055 1394 3110 Defensionis
1421 3077 1529 3130 cap.
1562 3061 1646 3113 14.
1675 3064 1965 3132 expendens

149 3136 205 3189 S.
232 3137 428 3192 Irenaei
450 3141 786 3194 testimonium
825 3142 975 3195 toties
1003 3161 1032 3195 a
1057 3143 1201 3195 nobis
1227 3143 1476 3196 laudatum
1503 3146 1792 3212 affirmavit,
1829 3167 1964 3202 eum-

149 3223 256 3276 dem
294 3221 350 3275 S.
377 3222 647 3278 Ductorem
684 3231 871 3279 merito
897 3231 1188 3281 universali
1213 3229 1458 3298 (omnium
1484 3232 1673 3285 scilicet
1695 3234 1964 3288 catholica-

151 3327 256 3360 rum
282 3306 648 3379 Ecclesiarum)
692 3316 982 3366 traditione
1013 3317 1323 3382 proposita,
1353 3325 1567 3383 partem
1592 3324 1703 3389 ejus
1728 3338 1963 3373 necessa-

147 3399 282 3447 riam
309 3396 582 3447 Ecclesiae
599 3395 872 3451 Romanae
896 3402 1235 3452 traditionem
1261 3406 1666 3465 commendasse,
1699 3425 1816 3458 cum
1833 3426 1961 3475 pro-

142 3484 286 3546 fecto
331 3480 662 3533 CERTUM
694 3483 946 3536 ESSET
970 3486 1140 3537 NON
1163 3485 1557 3540 POTUISSE
1579 3491 1821 3553 FIERI,
1864 3491 1969 3544 UT
