2320 3990
921 193 1546 255 ——56—

445 367 498 421 3.
552 365 642 420 Ex
669 373 950 418 memorata
985 381 1141 428 vero,
1182 380 1312 433 quae
1337 363 1645 420 institutioni
1673 365 1871 422 Christi
1911 366 2163 439 congruit,

301 454 359 509 S.
387 453 651 508 Ambrosii
678 451 934 505 sententia
952 492 966 518 ,
1026 452 1128 504 Ubi
1153 471 1284 522 erqo
1317 452 1549 516 Petrus«,
1573 457 1650 507 ibi
1674 457 1943 517 Ecclesia,
1970 455 2166 527 perspi-

303 562 447 598 cuum
474 543 546 608 fit,
575 540 826 613 quodnam
854 540 923 593 sit
947 557 1123 595 verum
1150 549 1201 592 et
1223 539 1428 612 proprie
1455 539 1640 595 dictum
1666 542 1901 609 schisma,
1929 561 2027 614 quo
2055 542 2167 613 quis

301 629 534 684 caritatis
562 639 614 683 et
641 627 1008 683 communionis
1036 627 1316 682 catholicae
1343 628 1540 682 unitate
1581 629 1815 697 deserta,
1853 630 1906 683 in
1932 628 2168 684 Ecclesia

301 736 415 772 esse
443 716 647 771 desinit.
701 714 825 768 Illud
844 716 1080 770 nimirum
1103 727 1219 783 est,
1261 735 1358 788 quo
1387 716 1636 789 quispiam
1673 729 1940 789 separatus
1968 719 2030 772 ab
2057 718 2168 771 uni-

299 816 407 860 tate
429 815 480 859 et
501 803 852 859 communione
880 804 1061 858 summi
1087 803 1374 872 Pontificis,
1402 805 1638 860 desciscit
1659 805 1720 858 ab
1741 823 1800 858 eo
1821 806 2167 872 fundamento,

300 894 350 946 in
380 913 477 964 quo
504 891 741 947 Ecclesia
768 891 976 946 Christo
1005 893 1305 948 instituente
1332 902 1683 967 superstructa
1710 893 1962 947 consistit.
2015 892 2168 947 Licet

301 982 436 1035 enim
461 981 827 1048 dissensiones,
858 992 909 1035 et
936 981 1209 1049 scissurae,
1239 1002 1367 1054 quae
1395 983 1513 1036 olim
1539 981 1827 1034 inciderunt
1853 981 1989 1035 inter
2014 979 2169 1054 Epis-

302 1089 455 1142 copos
474 1111 487 1135 ,
524 1070 627 1123 late
654 1069 750 1123 diei
776 1070 1037 1143 potuerint
1064 1071 1368 1139 schismata3
1398 1071 1442 1124 si
1468 1080 1639 1124 tamen
1665 1079 1848 1124 neutra
1873 1088 1993 1142 pars
2022 1087 2170 1142 sepa-

302 1167 417 1210 rata
443 1158 536 1210 fuit
564 1158 625 1210 ab
652 1157 851 1212 unitate
880 1169 930 1212 et
959 1159 1309 1213 communione
1346 1158 1616 1213 Romanae
1652 1159 1786 1212 sedis
1804 1199 1817 1224 ,
1857 1176 1948 1211 seu
1976 1157 2168 1210 Roma-

302 1264 483 1299 norum
511 1243 818 1299 Pontificum
847 1266 1200 1301 successorum
1216 1246 1274 1301 S.
1291 1247 1470 1313 Petri,
1499 1256 1682 1301 neutra
1709 1247 1806 1300 dici
1831 1246 1995 1319 potuit
2022 1265 2169 1318 sepa-

301 1343 415 1386 rata
441 1331 747 1386 ahEcclesia
774 1335 1040 1400 catholica,
1069 1354 1198 1404 quae
1224 1336 1294 1389 ibi
1321 1345 1419 1400 est,
1447 1336 1538 1387 ubi
1555 1336 1771 1396 Petram,
1799 1334 1956 1388 seuin
1970 1335 2169 1386 unitate

302 1431 353 1474 et
382 1420 734 1474 communione
763 1419 912 1474 Petri
940 1424 1149 1494 ejusque
1176 1441 1556 1488 successorum,
1599 1431 1650 1474 et
1676 1431 1859 1475 neutra
1887 1421 1983 1474 dici
2009 1421 2172 1494 potuit

299 1510 352 1562 in
380 1509 599 1563 schisma
627 1508 832 1582 proprie
860 1509 1046 1562 dictum
1082 1509 1340 1564 incidisse.
1393 1510 1570 1581 Itaque
1596 1510 1650 1562 in
1675 1507 2044 1582 Episcoporum
2071 1509 2171 1561 dis-

303 1598 632 1652 sensionibus
673 1608 825 1669 atque
854 1597 1093 1652 scissuris
1121 1599 1345 1653 Romani
1373 1598 1639 1652 Pontificis
1679 1598 1812 1650 ratio
1852 1597 2169 1669 potissimum

300 1687 528 1740 habenda
566 1697 675 1751 est,
719 1697 775 1738 ut
817 1687 1179 1758 dignoscatur,
1220 1706 1338 1739 num
1379 1695 1430 1739 et
1457 1686 1509 1738 in
1551 1705 1649 1756 qua
1688 1694 1835 1758 parte
1875 1686 1941 1738 sit
1966 1685 2170 1758 proprie

301 1774 484 1828 dictum
512 1773 749 1828 schisma.
805 1771 933 1828 Cum
974 1775 1167 1829 scilicet
1193 1775 1328 1829 inter
1354 1772 1639 1847 Episcopos
1667 1784 1717 1827 et
1746 1793 1920 1827 eorum
1947 1773 2172 1845 particu-

300 1864 437 1916 lares
478 1863 721 1916 ecclesias
761 1864 1007 1935 ejusmodi
1045 1863 1272 1917 scissura
1310 1863 1616 1929 intervenit,
1667 1873 1723 1914 ut
1759 1881 1862 1914 una
1901 1880 2019 1933 pars
2061 1880 2170 1914 cum

303 1951 540 2005 Romano
569 1951 825 2004 Antistite
863 1952 1114 2005 unitatem
1155 1963 1206 2005 et
1245 1951 1648 2005 communionem
1689 1950 1968 2014 custodiat,
2010 1950 2169 2002 altera

300 2060 403 2094 non
429 2042 580 2108 item,
624 2052 727 2093 tum
767 2059 945 2094 verum
974 2039 1157 2094 existit
1197 2038 1448 2104 schisma,
1490 2039 1619 2110 quod
1647 2058 1677 2091 a
1704 2037 1951 2092 catholica
1976 2038 2172 2091 unitate

300 2149 412 2182 eam
450 2140 647 2201 partem
688 2128 904 2194 dividit,
947 2147 1075 2199 quae
1116 2138 1385 2200 separatur
1412 2128 1473 2179 ab
1510 2127 1707 2179 unitate
1744 2136 1795 2179 et
1823 2126 2171 2178 communione

299 2215 495 2289 Papae.
562 2215 704 2270 Haec
744 2217 876 2270 enim
917 2235 1038 2290 pars
1079 2217 1283 2270 deserto
1325 2234 1415 2279 e0,
1458 2215 1589 2284 quod
1618 2210 1856 2267 Christus
1897 2214 2173 2267 catholicae

300 2304 669 2359 communionis
699 2315 927 2358 centrum
945 2345 958 2370 ,
1003 2314 1055 2358 et
1083 2321 1205 2356 suae
1231 2301 1500 2355 Ecclesiae
1527 2302 1905 2354 filndamentum
1931 2301 2171 2367 instituit,

300 2413 402 2447 non
431 2404 569 2446 esset
597 2393 808 2465 amplius
835 2392 887 2445 in
901 2391 1155 2456 Ecclesia,
1185 2409 1312 2461 quae
1339 2390 1392 2443 in
1419 2409 1479 2444 ea
1507 2391 1618 2443 sola
1645 2390 2015 2454 connnunione,
2045 2401 2095 2443 et
2121 2390 2172 2441 in

302 2501 361 2534 eo
388 2482 713 2533 fundamento
742 2499 813 2533 ex
841 2478 1037 2534 Christi
1062 2479 1382 2532 institutione
1421 2478 1637 2550 reperiri
1662 2487 1851 2550 potest.
1917 2476 1963 2529 E
1993 2488 2172 2531 contra

302 2569 493 2622 veroin
507 2578 704 2641 partem
726 2568 958 2635 alteram,
987 2587 1115 2639 quae
1145 2586 1254 2620 cum
1271 2566 1507 2620 Romano
1524 2565 1776 2620 Pontifice
1798 2566 1989 2631 unitur,
2021 2577 2172 2637 atque

303 2657 668 2722 communicat,
711 2667 762 2711 et
788 2658 944 2710 multo
982 2657 1146 2711 minus
1185 2655 1239 2708 in
1274 2656 1437 2728 ipsum
1477 2654 1810 2721 Pontificem,
1851 2674 1881 2708 a
1923 2675 2020 2726 quo
2048 2675 2170 2728 pars

304 2747 471 2817 aliqua
498 2747 729 2818 sejuncta
758 2745 854 2812 sit,
883 2745 1102 2799 schisma
1128 2765 1306 2799 verum
1335 2755 1385 2798 et
1412 2743 1698 2817 proprium,
1739 2762 1770 2796 a
1797 2743 2045 2797 catholiea
2073 2742 2174 2797 Ec-

303 2836 459 2890 clesia
487 2845 538 2888 et
563 2834 760 2885 unitate
789 2832 1105 2899 discindenS,
1135 2834 1318 2888 cadere
1345 2832 1538 2904 nequit,
1570 2850 1680 2884 cum
1707 2830 1817 2904 ipse
1845 2831 1918 2884 ita
1946 2843 2172 2886 centrum

304 2935 355 2978 et
390 2924 769 2976 fundamentum
807 2921 875 2974 sit
912 2921 1120 2975 unitatis
1159 2921 1460 2986 catholicae,
1515 2939 1544 2972 a
1583 2938 1680 2988 quo
1714 2920 1873 2972 totius
1912 2918 2174 2972 Ecclesiae

305 3012 476 3064 unitas
503 3012 715 3082 pendet,
751 3020 809 3062 ut
836 3029 865 3063 a
893 3009 1138 3064 catholica
1163 3009 1362 3060 unitate
1389 3017 1440 3060 et
1467 3007 1527 3058 ab
1555 3003 1787 3058 Ecclesia
1813 3006 2045 3078 separari
2073 3026 2174 3060 non

306 3099 483 3173 possit,
513 3098 632 3169 quin
659 3099 799 3170 prius
828 3119 859 3153 a
886 3097 1158 3170 semetipso
1186 3105 1482 3168 separetur:
1522 3112 1640 3166 pars
1681 3103 1852 3147 autem
1879 3093 1993 3148 huic
2020 3095 2178 3156 unita,

307 3188 398 3241 hac
423 3187 609 3240 unione
637 3187 929 3240 catholicam
955 3186 1203 3240 unitatem
1231 3182 1514 3239 certissime
1539 3191 1700 3248 tenet,
1729 3203 1758 3235 a
1781 3202 1879 3254 qua
1907 3182 2057 3237 dividi
2085 3202 2175 3237 ne-

306 3276 440 3347 quit,
487 3275 606 3346 quin
643 3274 780 3347 prius
809 3276 870 3327 ab
899 3275 993 3328 hoc
1030 3273 1241 3327 unitatis
1281 3283 1456 3327 centro
1497 3280 1547 3325 et
1583 3271 1908 3324 fundamento
1949 3272 2171 3325 recedat.

304 3363 438 3418 Hinc
455 3364 509 3416 in
531 3362 825 3418 Constituto
847 3362 1026 3435 Vigilii
1039 3365 1158 3435 jure
1182 3361 1419 3422 traditur,
1446 3378 1533 3413 eos
1557 3360 1616 3412 ab
1641 3358 1873 3414 Ecclesia
1894 3377 1996 3412 non
2018 3378 2166 3430 posse

308 3451 559 3516 abscindi,
601 3450 700 3522 (T.
731 3451 781 3503 5.
813 3449 1008 3505 Concil.
1038 3449 1174 3506 Ven.
1203 3448 1323 3502 edit.
1354 3448 1446 3502 eol.
1479 3447 1640 3502 1348.
1672 3447 1746 3520 c.)
1790 3467 1922 3517 quos
1964 3449 2066 3499 sibi
2091 3451 2166 3499 in-

309 3542 562 3593 convulse
601 3543 779 3593 unitos
818 3538 1137 3611 Apostolica
1155 3539 1436 3618 judicavit
1472 3541 1796 3591 auctoritas:
1841 3544 1891 3588 et
1930 3555 1957 3588 e
1995 3544 2179 3590 contra
