2320 3990
650 259 1298 323 *129—

57 444 539 509 percunctatusque
574 454 645 488 ex
671 454 732 488 eo
761 443 866 496 est,
903 442 1083 487 tetrum
1118 450 1235 485 cum
1263 431 1548 500 Episcopis
1584 431 1883 497 catholicis,

67 527 169 578 hoc
191 531 295 586 est,
331 543 447 577 cum
475 522 719 574 Romana
757 523 880 573 sede
905 521 1234 572 conveniret.-
1271 516 1352 568 ubi
1377 520 1684 570 conveniret
1715 517 1788 570 ita
1812 518 1884 570 di-

65 620 219 675 ctum,
245 609 316 662 uti
344 610 468 682 apud
492 607 754 661 Irenaeum
781 606 830 659 in
859 606 1029 659 eadem
1054 604 1148 657 fide
1175 601 1474 667 convenire,
1501 601 1599 655 nisi
1623 603 1754 656 forte
1778 621 1884 656 ma-

64 697 122 749 lis
148 714 177 748 a
196 693 383 767 Satyro
413 704 667 766 acceptum
694 710 784 764 pro
810 693 1214 750 communicare,
1241 705 1300 741 ea
1325 697 1493 741 tamen
1520 689 1883 753 communione,

71 801 198 852 quae
225 783 443 853 ejusdem
466 781 578 833 fidei
602 778 848 834 vinculum
874 786 925 830 et
950 784 1294 846 argumentum
1321 783 1416 828 est.
1467 771 1523 826 ln
1549 771 1607 827 S.
1636 771 1884 846 Cypriani

67 869 211 940 epist.
227 870 312 921 5⁶2.
343 869 402 921 ad
428 866 790 929 Antoniamun,
814 872 869 915 ut
893 861 1061 916 monui
1086 879 1220 913 mun.
1252 861 1357 926 ll„
1384 859 1750 913 communicare
1775 878 1882 913 cum

66 954 206 1026 Papa
243 955 552 1027 explicatur,
591 955 808 1005 hoc-est
843 969 962 1002 cum
1007 949 1275 1002 catholica
1313 949 1560 1000 Ecclesia
1606 950 1883 1000 commum·-

64 1060 214 1093 care:
241 1041 317 1094 hic
346 1051 509 1094 autem
534 1053 777 1092 conversa
802 1034 1144 1106 propositione
1171 1033 1441 1086 convenire
1457 1072 1471 1097 ,
1500 1050 1588 1084 seu
1614 1033 1883 1085 communi-

64 1145 180 1179 care
206 1145 312 1179 cum
338 1124 602 1197 Episcopis
629 1121 884 1176 catholicis
923 1120 1223 1192 exponitur,
1262 1121 1364 1172 hoc
1390 1127 1468 1172 est
1491 1137 1609 1172 cum
1638 1119 1883 1171 Romana

63 1214 184 1265 sede
211 1214 508 1265 convenire.
561 1206 693 1277 Quid
718 1209 824 1261 ita?
854 1205 984 1275 Quia
1010 1225 1187 1279 nempe
1213 1223 1451 1259 connexa
1477 1215 1593 1257 sunt
1621 1205 1742 1258 haec
1769 1205 1882 1270 duo,

0 1343 1 1346 ,
62 1297 131 1350 ita
154 1306 208 1349 ut
235 1297 502 1350 catholicus
537 1306 587 1349 et
625 1295 894 1348 catholicae
933 1293 1291 1346 communionis
1328 1293 1420 1357 sit,
1458 1292 1540 1362 qui
1577 1290 1808 1343 convenit
1835 1301 1882 1343 et

64 1383 389 1436 communicat
428 1401 536 1435 cum
575 1381 809 1434 Romana
844 1381 983 1443 sede,
1022 1389 1072 1430 et
1112 1399 1138 1431 e
1178 1389 1352 1430 contra
1391 1379 1473 1448 qui
1513 1396 1619 1430 cum
1655 1375 1747 1428 hac
1782 1395 1881 1428 non

0 1468 1 1523 l
66 1469 327 1533 convenit,
367 1478 450 1520 aut
484 1487 585 1520 non
623 1466 974 1529 communicat,
1015 1483 1115 1517 non
1142 1464 1206 1517 sit
1233 1464 1527 1528 catholicuS,
1565 1481 1723 1531 neque
1751 1481 1883 1514 com-

63 1555 311 1607 munionis
339 1554 642 1619 catholicae3
684 1551 852 1622 sicque
880 1553 1089 1604 alterum
1127 1570 1196 1604 ex
1223 1551 1380 1604 altero
1406 1550 1594 1603 inferre
1621 1559 1672 1602 et
1698 1567 1883 1619 cogno-

65 1658 206 1692 scere
231 1639 362 1691 lieet.
416 1638 606 1692 Confer
631 1640 790 1691 locum
816 1637 1115 1708 Hieronymi
1140 1637 1348 1690 inferius
1376 1635 1677 1688 afferendum
1714 1653 1764 1686 n.
1793 1634 1881 1688 36.

65 1725 206 1778 Adeo
233 1724 588 1778 communionis
615 1734 664 1777 et
703 1722 813 1776 fidei
839 1722 1006 1774 unitas
1047 1741 1154 1773 cum
1182 1722 1414 1775 Romana
1450 1723 1567 1774 sede
1594 1721 1884 1773 necessaria

0 1870 1 1873 Ἴ
65 1820 165 1875 est,
192 1820 247 1862 ut
272 1809 540 1864 catholicus
569 1810 663 1875 sit,
691 1810 775 1879 qui
802 1828 911 1862 eam
937 1816 1103 1873 tenetg
1132 1808 1214 1877 qui
1241 1818 1403 1861 autem
1432 1826 1492 1861 ea
1519 1817 1685 1872 caret,
1713 1806 1883 1860 catho-

0 1933 2 1948 .
64 1897 184 1950 licus
211 1887 325 1949 esse
349 1915 447 1948 non
474 1897 648 1968 possit.

207 1983 294 2036 26.
334 1982 603 2035 Rationem
642 1982 844 2053 hujusce
883 1983 957 2036 rei
995 1993 1270 2054 opportune
1309 1982 1535 2053 suggerit
1573 1981 1679 2053 ip'se
1706 1980 1882 2053 Satyri

64 2071 220 2122 frater
246 2067 302 2121 S.
330 2069 628 2121 Ambrosius
665 2071 716 2120 in
741 2070 864 2140 psal.
894 2069 980 2122 50.
1010 2088 1142 2121 num.
1171 2069 1259 2123 30.
1288 2069 1371 2121 ubi
1397 2069 1492 2121 ait:
1531 2071 1652 2137 Ipse
1680 2077 1757 2120 est
1785 2069 1883 2120 Pe-

67 2164 206 2216 trus,
242 2159 329 2206 cui
354 2157 495 2206 ‹lia-it
529 2155 789 2207 Christus:
842 2155 918 2206 Tu
946 2174 998 2206 es
1028 2156 1223 2208 Petrus
1253 2164 1302 2207 et
1326 2174 1486 2222 super
1515 2157 1652 2206 lianc
1672 2163 1885 2222 petram.

66 2242 356 2311 aedificabo
386 2242 681 2292 Ecclesiam
719 2259 900 2292 meam.
966 2241 1067 2291 Ubi
1103 2261 1230 2311 erqo
1262 2242 1483 2301 Petrus,
1521 2242 1594 2291 ibi
1621 2241 1881 2292 Ecclesia.

67 2326 334 2378 Rationem
361 2344 428 2377 ex
454 2326 560 2396 ipsa
588 2323 778 2378 Christi
803 2326 1114 2379 institutione
1141 2327 1363 2392 derivat,
1392 2345 1489 2396 qua
1514 2324 1729 2390 PetruS,
1759 2336 1808 2379 et
1835 2326 1883 2377 in

63 2411 222 2464 Petro
261 2430 578 2464 successores
616 2413 719 2482 ejus
748 2411 966 2465 Romani
993 2411 1290 2478 PontificeS,
1330 2423 1474 2485 petra
1509 2421 1560 2465 et
1597 2413 1885 2464 fundamen-

65 2508 168 2550 tum
192 2496 452 2551 Ecclesiae
488 2498 548 2550 ab
588 2499 759 2550 eodem
788 2495 992 2551 Christo
1029 2510 1144 2551 sunt
1179 2499 1462 2563 constituti,
1502 2498 1576 2550 cui
1603 2508 1759 2550 totum
1787 2497 1885 2550 Ec-

66 2584 245 2637 clesiae
284 2583 554 2636 aedificium
591 2584 889 2651 adhaereat,
929 2596 978 2639 et
1010 2585 1260 2638 incumbat
1294 2604 1503 2639 necesse
1530 2594 1636 2649 est,
1675 2585 1747 2636 uti
1776 2604 1882 2656 cap.

67 2671 152 2722 12.
188 2670 234 2737 §.
264 2670 312 2721 1.
350 2671 570 2740 pluribus
607 2671 928 2723 ostendimus.
1004 2672 1133 2725 Hinc
1172 2691 1293 2742 ergo
1323 2674 1438 2742 jure
1474 2670 1530 2724 S.
1567 2671 1885 2735 AmbrosiuS,

68 2758 268 2826 ejusque
301 2756 459 2807 frater
494 2753 713 2826 Satyrus
752 2775 851 2808 non
897 2758 1042 2809 aliam
1079 2767 1326 2811 noverunt
1363 2756 1655 2810 catholicam
1693 2754 1884 2809 Christi

67 2839 371 2904 Ecclesiam,
411 2840 507 2891 nisi
545 2859 651 2893 eam
679 2859 804 2910 quae
838 2861 944 2894 cum
974 2842 1204 2894 Romano
1232 2840 1482 2912 Episcopo
1508 2841 1750 2892 unitatem
1778 2860 1886 2894 ser-

67 2937 180 2991 vat,
221 2927 341 2978 adeo
380 2936 433 2976 ut
471 2926 761 2995 quicumque
799 2927 922 2979 alius
949 2937 1118 2980 coetus
1159 2927 1296 2997 hujus
1325 2925 1527 2978 unitatis
1555 2945 1740 2998 expers
1768 2928 1883 2980 alibi

69 3013 158 3075 sit,
199 3021 248 3065 et
275 3030 374 3064 non
401 3012 494 3077 ibi,
534 3012 615 3064 ubi
642 3011 828 3065 Petrus
855 3023 905 3066 et
933 3032 1251 3067 successores
1278 3011 1453 3076 Petri,
1491 3031 1591 3065 non
1618 3013 1683 3065 sit
1707 3011 1884 3068 Eccle-

69 3099 144 3150 sia
169 3097 427 3162 catholica,
455 3118 598 3169 quam
627 3097 860 3153 Christus
888 3100 933 3153 ci
961 3101 1279 3152 fundamento
1307 3099 1671 3152 incumbentem
1698 3109 1749 3152 et
1775 3101 1886 3152 uni-

70 3193 168 3234 tam
195 3183 428 3235 instituit.
481 3181 624 3251 Quod
663 3185 706 3237 si
744 3186 1032 3239 consideres
1069 3205 1137 3238 ex
1170 3185 1324 3257 ipsius
1351 3184 1606 3237 Ambrosii
1636 3186 1886 3240 sententia

69 3269 279 3321 recitata
306 3288 348 3322 c.
379 3270 462 3321 1·2.
492 3289 541 3321 n.
571 3272 620 3324 7.
659 3269 714 3323 S.
744 3270 951 3326 Petrum
994 3291 1091 3324 non
1119 3271 1272 3324 fuisse
1307 3271 1675 3324 fundamentum
1707 3269 1885 3325 Eccle-

70 3354 171 3407 siae
207 3355 305 3407 nisi
341 3373 430 3426 per
466 3355 631 3419 fidem,
671 3375 813 3426 quam
850 3357 1110 3412 Ecclesiae
1149 3357 1479 3410 aedificandae
1516 3357 1884 3411 fundamentum

68 3439 259 3509 posuit,
297 3440 456 3511 palam
484 3440 708 3510 sequitur
733 3445 1020 3514 praemissis
1059 3446 1164 3514 ejus
1190 3442 1357 3497 verbis
1384 3443 1511 3496 hanc
1538 3445 1744 3498 subesse
1771 3463 1885 3497 sen-

69 3523 299 3577 tentiam:
351 3527 452 3578 Ubi
487 3547 612 3595 erqo
646 3531 779 3597 fides
819 3532 998 3592 Petri,
1050 3533 1122 3581 ihi
1160 3531 1430 3590 Ecclesia,
1481 3531 1606 3599 quod
1643 3531 1883 3583 unitatem

129 3616 174 3650 Ρ.
207 3616 355 3651 Butler.
394 3617 440 3651 ‹lc
473 3617 647 3651 Primam
681 3620 756 3652 etc.
1465 3616 1500 3666 9
