2314 3984
947 181 1611 242 *ὥρῃ*-

351 353 611 422 majorem
647 349 762 403 Dee·-
778 350 1032 418 -910oe2'am
1054 353 1505 423 ΝΜ
1527 355 1822 412 examinis,
1868 356 2089 423 quaudo
2136 357 2214 407 ad

351 437 455 490 Ιιοο
479 455 536 488 se
563 437 766 504 accipit
788 437 1056 488 exerendi
1073 437 2007 507 fidudafmaeadversitas,
2033 459 2209 495 comm

351 522 568 584 scilicet,
595 520 924 592 quidefinitis
948 522 1287 578 obsistebant.
1341 521 1798 581 Cmmhunc
1823 527 1974 582 finem
2008 533 2206 596 tantum

350 607 594 680 ejusmodi
620 609 843 680 libertas
869 620 923 664 et
946 631 1176 666 examen
1204 621 1433 684 spectent
1449 650 1464 677 ,
1491 621 1559 665 «ut
1576 614 1958 683 quaedefimvit
1985 633 2208 670 summus

349 692 625 762 Pontifex,
667 693 910 770 Episcopi
936 698 1236 754 confirment
1260 699 1315 752 in
1343 698 1556 754 concilio
1572 739 1587 765 ‚
1624 708 1677 754 et
1704 713 2063 774 oppugnantes
2089 703 2209 756 edo-

351 793 527 849 ceant,
568 793 621 836 et
659 784 722 837 ab
762 784 942 839 errore
971 786 1255 854 deducant,
1297 786 1444 841 facile
1478 773 1818 860 intelligitur,¹
1846 799 2094 860 quatenus
2130 794 2208 844 sic

348 890 673 925 summorum
698 881 940 928 servetur
960 880 1276 938 auctoritas,
1301 884 1363 928 ut
1386 880 1440 929 in
1467 877 1620 929 nullo
1640 879 1968 946 inferiorum
1987 884 2208 946 putetur

348 963 622 1014 irnvninuta
649 962 884 1016 libertas.
915 958 1017 1030 Qui
1043 962 1167 1017 haec
1193 963 1254 1017 de
1280 963 1516 1017 libertate
1537 963 1792 1017 examinis
1818 981 1928 1017 cum
1954 973 2208 1037 potestate

348 1046 678 1101 dissentiendi
704 1048 1133 1122 interpretantur,
1162 1050 1547 1123 praecedentia,
1575 1070 1794 1122 quaese,
1822 1061 2018 1106 attente
2043 1051 2210 1106 consi-

349 1135 544 1189 derent.
596 1135 681 1189 Ad
714 1135 909 1192 Leonis
954 1139 1296 1194 definitionem
1335 1141 1627 1194 referuntur
1652 1141 1878 1212 profecto
1906 1141 2017 1206 illa,
2056 1143 2208 1202 Quae

343 1226 482 1293 fides
504 1229 662 1295 prius
689 1228 969 1290 docuerat,
995 1247 1090 1282 nec
1114 1247 1219 1282 non
1245 1237 1297 1282 et
1322 1228 1425 1289 illa,
1449 1229 1599 1289 Quae
1615 1226 1816 1299 (Deus)
1843 1235 2029 1281 nostro
2050 1232 2208 1298 prius

348 1315 642 1364 ministerio
669 1315 970 1383 definierat.
1022 1314 1161 1367 Num
1188 1316 1250 1368 ab
1276 1315 1366 1380 iis,
1395 1333 1526 1384 quae
1549 1315 1673 1368 fides
1698 1315 1884 1380 docuit,
1910 1332 2040 1384 quae
2064 1313 2206 1369 Deus

347 1396 588 1463 definivit,
614 1417 706 1470 per
732 1400 1074 1470 quodcumque
1101 1419 1322 1455 examen
1347 1400 1618 1454 dissentire
1644 1401 1857 1473 cuipiam
1882 1400 2036 1454 licet?
2075 1398 2209 1468 Quid

348 1485 479 1554 quod
506 1482 938 1541 Calchedonensis
966 1489 1165 1543 concilii
1188 1500 1418 1562 tempore
1447 1489 1694 1559 agebatur
1720 1507 1823 1542 non
1849 1489 2012 1542 solum
2037 1488 2098 1541 de
2124 1489 2210 1541 de-

347 1572 576 1627 finitione
602 1573 795 1646 primae
823 1587 874 1630 et
899 1576 1230 1650 Apostolicae
1257 1577 1418 1643 sediS,
1447 1595 1624 1631 verum
1651 1576 1804 1630 etiam
1832 1578 1891 1631 de
1918 1576 2209 1632 definitione

347 1659 715 1734 Episcoporum
743 1665 1196 1737 subscriptionibus
1225 1667 1286 1719 ab
1323 1665 1566 1720 universa
1589 1663 1827 1718 Ecclesia
1861 1675 2095 1738 recepta,
2134 1666 2208 1718 uti

346 1750 564 1803 traditur
590 1749 786 1804 Leonis
815 1753 1028 1825 epistola
1054 1753 1142 1807 88.
1174 1770 1217 1805 c.
1250 1752 1299 1804 1.
1331 1762 1381 1805 et
1406 1751 1458 1805 3.
1489 1771 1547 1806 ac
1575 1752 1723 1825 epist.
1751 1753 1842 1807 91.
1896 1749 2026 1820 Quis
2055 1754 2206 1807 etiam

348 1838 400 1890 in
427 1838 654 1891 liberiori
681 1850 961 1912 systemate
989 1840 1265 1894 definitioni
1291 1840 1535 1912 ejusmodi
1569 1841 1879 1894 contrarium
1908 1841 2128 1907 sentire,
2157 1852 2209 1895 et

347 1926 658 1980 contrariam
683 1929 989 1982 sententiam
1016 1930 1152 1982 ferre
1171 1928 1359 1982 licitum
1380 1928 1655 2001 opinetur?
1679 1929 1982 1983 Adversarii
2010 1930 2206 2000 quidem

346 2014 483 2068 Galli
521 2034 631 2069 cum
668 2017 978 2088 dogmaticas
1016 2016 1343 2089 Apostolicas
1389 2016 1704 2071 definitiones
1742 2016 2003 2071 Ecclesiae
2053 2016 2206 2070 etiam

346 2104 607 2175 dispersae
634 2105 790 2157 tacito
819 2124 1017 2175 quoque
1045 2122 1259 2158 assensu
1286 2113 1518 2176 receptas
1546 2104 1861 2158 certissimae
1890 2104 2207 2157 auctoritatis

348 2191 811 2246 etirretormabiles
833 2211 948 2247 esse
968 2195 1242 2267 fateantur,
1259 2210 1288 2245 a
1301 2191 1479 2262 quibus
1499 2191 1625 2244 citra
1640 2191 1753 2244 fidei
1766 2191 2041 2246 laesionem
2061 2211 2208 2246 nemo

348 2280 604 2346 recedere,
633 2298 691 2333 ac
719 2282 778 2334 de
805 2281 929 2353 ipsis
956 2299 1104 2335 nemo
1130 2280 1264 2334 licite
1286 2280 1543 2352 ambigere
1558 2289 1733 2350 queat,
1762 2279 1972 2333 liberum
1999 2280 2059 2333 de
2070 2277 2209 2334 Leo-

345 2368 423 2422 nis
452 2367 666 2440 epistola
691 2386 912 2423 examen
938 2369 992 2422 in
1020 2367 1423 2423 Calchedonensi
1458 2387 1568 2422 cum
1606 2368 1844 2422 facultate
1881 2355 2209 2422 dissentiendi

347 2456 613 2510 admittere
641 2468 929 2526 nequeunt,
968 2457 1214 2527 siquidem
1252 2466 1370 2508 ante
1409 2456 1571 2526 ipsum
1610 2456 1877 2509 concilium
1926 2474 2028 2508 non
2061 2456 2206 2508 modo

345 2544 547 2607 tacitus,
577 2544 666 2595 sed
693 2561 973 2614 expressus
998 2540 1263 2595 Ecclesiae
1291 2559 1572 2595 consensus
1591 2540 1960 2614 Episcoporum
1988 2541 2208 2596 subscri·-

345 2631 599 2704 ptionibus
626 2631 851 2683 firmatus
878 2639 1185 2683 accesserat.
1238 2627 1410 2682 Inanis
1450 2649 1573 2701 ergo
1602 2638 1654 2683 et
1677 2629 1918 2682 inefficax
1956 2630 2208 2701 detegitur

344 2720 542 2773 illorum
569 2720 731 2783 labor,
759 2717 842 2788 qui
867 2718 1092 2790 pluribus
1119 2717 1318 2790 paginis
1347 2736 1416 2771 ex
1439 2715 1872 2772 Calchedonensis
1893 2717 2092 2771 concilii
2119 2736 2209 2789 ge-

346 2809 439 2862 stis
469 2827 579 2861 eam
607 2807 892 2859 libertatem
922 2823 1023 2857 non
1051 2806 1210 2858 solum
1239 2805 1512 2871 examiniS,
1541 2806 1628 2859 sed
1655 2805 1807 2858 etiam
1828 2804 2088 2858 dissensus
2102 2803 2208 2858 Pa-

346 2897 508 2950 tribus
547 2911 840 2950 concessam
878 2894 1097 2965 probare
1134 2892 1393 2959 nituntur,
1433 2913 1582 2965 quam
1615 2893 1671 2946 in
1707 2893 1825 2946 data
1851 2891 2086 2964 hypotesi
2111 2892 2207 2964 ipsi

346 3003 542 3057 quoquc
581 2980 865 3036 adversarii
902 2981 1084 3035 debent
1111 2982 1402 3034 excludere.
1457 2981 1596 3034 Tota
1634 2980 1843 3032 libertas
1880 2979 2133 3032 examinis
2175 2998 2205 3031 a

350 3072 529 3127 Leone
555 3071 746 3124 tributa
774 3068 975 3123 concilii
1001 3067 1263 3133 PatribuS,
1292 3086 1403 3120 cum
1430 3067 1479 3119 id
1505 3086 1656 3119 unum
1700 3066 2002 3138 respiceret,
2039 3077 2095 3121 ut
2121 3068 2207 3121 de-

350 3161 481 3235 cepti
508 3158 633 3233 (Ep.
662 3157 784 3228 89.)
813 3160 889 3211 ad
911 3160 1165 3210 unitatem
1184 3159 1343 3226 pacis
1371 3162 1424 3207 et
1440 3157 1575 3224 fidei
1598 3173 1909 3225 compressa
1935 3158 2080 3207 omni
2105 3156 2207 3207 dis-

349 3254 593 3303 sensione
619 3254 1009 3301 revocarentur
1021 3265 1039 3307 ,·
1077 3261 1341 3298 assensum
1379 3242 1696 3312 requirebat,
1737 3261 1840 3295 non
1879 3241 2204 3314 permittebat

350 3337 638 3392 dissentire.
658 3336 848 3390 Nonne
875 3334 1027 3388 etiam
1053 3342 1170 3406 post
1194 3329 1565 3386 oecumenicam
1587 3327 2050 3384 Calchedonensem
2079 3346 2206 3399 syn-

349 3421 494 3474 odum
523 3422 584 3473 ad
610 3422 1018 3494 compescendaS,
1046 3439 1137 3476 seu
1170 3418 1508 3474 retundendas
1530 3418 1744 3490 injustas
1771 3415 2208 3489 Eutychianorum

348 3509 407 3563 de
448 3509 669 3581 ejusdem
705 3509 887 3581 synodi
925 3508 1214 3565 defiuitione
1253 3508 1488 3578 querelas
1522 3523 1708 3560 novum
1756 3522 1977 3559 examen
2026 3501 2205 3556 Leone
