2314 3984
754 299 926 311 --
1011 266 1134 324 297
1199 236 1398 306 *—

178 443 230 495 in
251 438 581 510 Evangelium
601 435 679 490 die
706 434 791 489 72.
818 434 966 487 fateri
994 433 1185 499 debuit,
1211 434 1344 486 facta
1368 447 1595 484 errorum
1618 428 1832 501 potiora,
1858 448 1984 500 quae

175 527 227 580 in
249 535 356 580 tota
378 524 512 579 serie
536 541 595 576 ac
621 519 938 575 successione
963 536 1263 572 summorum
1288 517 1587 572 Pontificum
1622 516 1907 570 molestiam
1931 526 1983 570 et

175 611 427 682 negotium
452 611 703 663 facessere
728 616 933 678 queunt,
958 622 1072 658 esse
1095 613 1285 657 tantum
1311 604 1423 670 duo,
1447 603 1530 658 vel
1552 602 1669 656 tria.
1708 601 1983 673 Postquam

177 697 307 751 enim
333 694 525 751 Christi
550 692 960 767 promissionibus
983 708 1053 744 ex
1076 687 1356 761 Evangelio
1379 689 1637 762 perpensis
1662 699 1714 743 et
1738 690 1985 762 expositis

178 785 228 836 in
253 802 362 837 eam
387 782 711 846 sententiam,
749 798 847 850 qua
868 779 984 831 illae
1009 776 1070 829 ad
1107 794 1423 830 successores
1460 794 1653 846 quoque
1677 774 1734 829 S.
1760 775 1908 830 Petri
1931 776 1983 830 in

179 869 382 922 imitatis
418 870 598 922 honum
636 863 980 920 extendendae
1014 871 1130 917 sunt
1153 861 1514 933 Romanaeque
1552 862 1815 933 cathedrae
1848 863 1985 916 iner-

180 955 391 1008 rantiam
415 954 696 1019 insinuant,
720 960 976 1024 postquam
990 987 1005 1013 ,
1030 947 1258 1017 inquam,
1284 949 1564 1014 affirmavit,
1588 945 1646 1002 S.
1672 947 1819 1002 Petri
1843 949 1984 1003 fidem

178 1041 230 1094 in
255 1041 485 1094 Romana
510 1039 740 1094 cathedra
762 1047 813 1090 et
829 1033 1058 1088 Ecclesia
1082 1034 1353 1106 depositam
1377 1054 1584 1104 semper
1608 1037 1985 1089 inviolabiliter

178 1133 536 1180 conservatam
554 1127 753 1194 fuisse,
790 1129 843 1175 et
858 1124 1029 1190 fuisse
1054 1140 1260 1190 semper
1279 1124 1685 1191 fundamentum
1711 1122 1986 1175 Ecclesiae

176 1213 495 1272 catholicae,
528 1229 626 1263 nec
649 1227 895 1279 umquam
925 1211 1095 1277 fuisse
1121 1215 1458 1278 corruptam3
1496 1225 1647 1273 mOX,
1685 1225 1749 1260 ne
1775 1226 1884 1261 cmn
1909 1207 1986 1261 his

175 1315 396 1368 pugnare
420 1297 683 1350 credantur
706 1294 1026 1367 praesumpti,
1053 1313 1141 1347 seu
1165 1294 1345 1366 objecti
1370 1295 1675 1364 quorundam
1689 1292 1986 1347 Pontificum

180 1400 404 1447 erroreS,
430 1382 552 1435 haec
576 1383 730 1436 verba
753 1380 988 1451 subjecit:
1026 1382 1170 1440 Quid
1192 1384 1390 1448 refert,
1416 1385 1463 1432 si
1485 1385 1540 1432 in
1569 1388 1680 1433 tota
1707 1382 1809 1433 hac
1827 1401 1986 1450 prae-

179 1472 331 1522 clara
356 1466 747 1538 successione*)
787 1469 892 1519 duo
929 1474 1021 1518 aut
1055 1470 1165 1519 tria
1203 1469 1323 1519 loca
1347 1468 1568 1518 molesta
1586 1470 1824 1535 forsitan
1851 1470 1986 1519 inve-

179 1558 427 1607 niantur?
494 1555 653 1606 Fides
697 1554 754 1604 S.
796 1553 951 1604 Petri
985 1573 1091 1604 non
1130 1555 1352 1622 defecit,
1391 1555 1595 1605 etiamsi
1630 1554 1868 1620 eclipsim
1893 1554 1988 1605 ali·

181 1660 337 1710 quam
352 1660 522 1709 passa
544 1643 616 1692 sit
637 1643 832 1692 iterata
854 1642 1134 1708 neyatione
1162 1680 1173 1690 .
1201 1680 1212 1690 .
1240 1681 1252 1690 .
1280 1681 1291 1691 .
1344 1640 1488 1691 Idem
1513 1646 1593 1692 est
1614 1641 1679 1691 de
1709 1639 1905 1700 Petro,
1942 1643 1990 1691 si

180 1732 234 1779 in
271 1730 378 1779 suis
414 1726 801 1779 successoribus
839 1727 1222 1778 consideretur.
1282 1725 1472 1778 Omnes
1511 1731 1621 1798 ejus
1659 1745 1987 1778 successores

179 1820 300 1866 sunt
321 1832 453 1865 unus
482 1813 693 1864 Petrus.
741 1811 1063 1880 Quicumque
1089 1814 1327 1880 defectus
1351 1814 1406 1862 in
1434 1813 1615 1880 aliquo
1639 1815 1879 1881 ipsorum
1904 1813 1988 1863 de-

174 1900 440 1967 prehendi
461 1900 730 1958 credatur,
754 1900 884 1949 satis
911 1899 1374 1967 estEvanyelicam
1400 1901 1671 1950 veritatem
1689 1901 1990 1967 perstitisse

180 1988 417 2046 omnino,
453 2003 550 2036 nec
575 1986 740 2036 ullum
765 1986 957 2053 doyma
981 2003 1258 2036 erroneum
1278 1988 1465 2053 fixisse
1491 1987 1755 2045 radicem,
1788 1992 1882 2038 aut
1905 1987 1988 2036 ob-

180 2075 393 2124 tinuisse
418 2075 472 2122 in
498 2073 824 2122 successione
851 2077 903 2122 et
923 2071 1182 2122 cathedra
1213 2072 1270 2122 S.
1302 2072 1472 2131 Petri,
1498 2074 1632 2123 adeo
1658 2079 1718 2123 ut
1744 2071 1990 2124 Romana
2021 2109 2031 2122 .

176 2159 340 2227 fides,
376 2159 512 2208 idest
549 2156 648 2207 illa
677 2158 840 2225 fides,
878 2175 1035 2224 quam
1075 2156 1269 2208 Petrus
1299 2160 1668 2224 praedicavit,
1708 2165 1760 2209 et
1786 2159 1989 2210 Romae

181 2245 463 2302 constituit,
487 2260 686 2310 suoque
711 2245 966 2310 sanquine
992 2243 1300 2311 obsiynavit,
1325 2263 1607 2313 numquam
1624 2248 1868 2312 perierit,
1894 2264 1991 2298 nec

178 2332 425 2398 peritura
448 2347 692 2396 umquam
718 2331 802 2380 sit.
853 2326 947 2380 His
973 2328 1175 2399 respicit
1200 2347 1289 2392 ea,
1317 2348 1443 2398 quae
1469 2330 1520 2381 in
1546 2332 1878 2399 Defensione
1904 2334 1989 2384 de-

183 2436 210 2466 ‹-
214 2417 312 2467 lar.
338 2413 422 2464 lib.
453 2413 538 2464 10.
566 2413 628 2464 al.
659 2413 743 2464 15.
771 2412 927 2465 fusius
954 2414 1204 2485 explicat,
1231 2415 1312 2466 ubi
1338 2435 1401 2468 ne
1428 2427 1673 2487 iepugnet
1699 2416 1989 2489 Sc11ptu1ae

181 2519 238 2554 uc
262 2474 515 2551 traditioni
540 2498 919 2551 indeficientiam
944 2499 1274 2553 tribuentibus
1301 2502 1439 2567 fidei,
1468 2521 1613 2571 quam
1639 2501 1695 2555 S.
1724 2503 1910 2557 Petrus
1936 2504 1988 2556 in

183 2586 411 2638 Romana
435 2583 664 2638 Ecclesia
701 2585 972 2656 depositam
1010 2586 1069 2638 ad
1095 2605 1411 2640 successores
1437 2597 1486 2639 tr
1489 2588 1746 2653 insmisit,
1786 2589 1950 2642 hanc
1936 2609 1987 2641 111

184 2672 389 2722 istorum
416 2670 545 2722 serie
569 2671 905 2741 incorruptam
940 2673 1219 2736 contendit,
1255 2674 1368 2741 quia
1408 2675 1502 2726 etsi
1542 2675 1735 2743 quidam
1772 2676 1989 2747 ipsorum

185 2757 236 2808 in
260 2756 380 2820 fide,
417 2765 472 2806 ut
506 2764 674 2826 putat,
713 2755 971 2824 aliquando
1010 2758 1305 2821 defecerint,
1351 2758 1494 2811 citius
1529 2770 1696 2813 tamen
1730 2763 1990 2814 emendato

185 2860 357 2895 errore
380 2842 580 2911 integra
604 2841 721 2893 fides
747 2841 798 2892 in
824 2860 884 2894 ea
910 2841 1039 2894 serie
1065 2842 1312 2912 perstitit:
1353 2863 1497 2912 quam
1531 2845 1990 2917 interpretationem

185 2926 375 2980 Christi
398 2926 655 2998 promissis
682 2928 742 2979 ab
769 2927 937 2980 eodeni
963 2926 1210 2980 Bossueto
1238 2929 1488 2982 concessis
1526 2943 1882 3003 repugnantem
1909 2952 1990 2987 su-

185 3014 346 3085 perius
373 3012 686 3084 probavimus
723 3031 854 3065 uum.
887 3014 972 3068 18.
1001 3024 1050 3066 et
1076 3033 1213 3084 seqq.
1266 3013 1454 3068 Eodem
1487 3037 1638 3088 porro
1665 3018 1714 3071 in
1744 3019 1867 3073 libro
1896 3039 1989 3073 ex-

305 3187 343 3235 ⁰)
384 3188 518 3228 Unum
550 3191 722 3236 tantum,
753 3192 825 3227 aut
857 3189 938 3230 duo
973 3189 1082 3228 faeta
1113 3190 1282 3230 molesta
1316 3191 1423 3231 idem
1454 3193 1704 3233 clarissimus
1731 3196 1882 3235 Auctor
1919 3209 1990 3236 no-

185 3248 291 3286 tavit
323 3247 364 3286 in
396 3258 580 3286 sermone
610 3246 750 3286 habito
783 3248 823 3286 in
858 3249 1032 3288 comitiis
1063 3250 1171 3288 Cleri
1205 3250 1408 3289 Gallicani
1441 3263 1508 3290 an.
1542 3253 1670 3293 1681.
1714 3255 1870 3295 Contra
1900 3269 1987 3296 mo-

188 3319 269 3346 rem
300 3306 485 3346 omnium
515 3306 878 3357 praedecessorum
916 3320 1048 3347 unum
1089 3311 1163 3347 aut
1203 3309 1308 3349 duos
1336 3322 1518 3350 surnmos
1550 3311 1778 3362 Pontifices
1807 3319 1883 3356 aut
1913 3327 1990 3367 per

186 3366 291 3414 vim,
331 3368 406 3405 aut
445 3376 522 3415 peu·
561 3366 872 3416 subreptionem
920 3379 1005 3407 non
1049 3367 1284 3417 defendisse
1324 3374 1589 3421 constanter,
1639 3375 1717 3413 aut
1754 3385 1840 3415 non
1879 3377 1988 3415 satis

188 3427 331 3474 aperte
363 3425 596 3474 explicasse
627 3424 861 3466 doctrinam
883 3425 1015 3475 fidei,
1049 3426 1240 3477 (quorum
1271 3428 1444 3468 alterum
1475 3430 1527 3468 ad
1558 3431 1782 3479 Liberium,
1816 3434 1988 3474 alterum

188 3482 240 3522 ad
270 3484 494 3522 Honorium
538 3482 678 3522 referri
716 3484 963 3529 videbimus)
1006 3487 1050 3525 hi
1091 3488 1379 3536 particulares
1417 3490 1566 3540 lapsus
1604 3491 1651 3531 in
1691 3493 1841 3534 Sancti
1879 3494 1988 3534 Petri,

190 3541 386 3584 cathedra
415 3543 573 3584 nudam
606 3541 670 3591 (ut
700 3545 888 3596 vocavit)
917 3546 1226 3598 impressionem
1252 3547 1396 3597 facere
1424 3552 1669 3599 potuerunt.
