2314 3984
497 367 622 422 257.
659 361 1166 434 ltaquocaelastiua
1180 365 1601 442 atq-§iwan
1615 409 1631 435 ,
1671 369 1756 440 qui
1782 367 2070 425 Romanam
2093 370 2242 424 fidem

387 464 620 510 tenentes
654 469 749 524 pro
785 451 1044 507 catholicis
1083 452 1748 520 habebantum‚1·,uttaoeteris
1782 475 2008 528 quoque,
2054 457 2240 528 quibus

385 543 514 596 idem
540 556 838 613 persuasum
864 549 1005 607 erat,
1032 558 1090 595 se
1115 541 1401 614 probarent
1416 540 1747 618 catbQ2
1760 546 1986 599 eamdem
2011 544 2159 600 fidem
2182 563 2241 600 se

383 639 562 682 tenere
587 637 640 682 et
679 627 825 699 sequi
857 628 1075 701 professi
1113 639 1251 684 sunt.
1298 628 1432 683 Hinc
1468 625 1757 685 Caelestius
1769 670 1798 697 ,.
1813 649 2124 703 quamquam
2150 631 2241 686 ob-

375 719 543 788 jectos
570 714 668 769 sibi
688 734 719 768 a
737 712 958 771 Paulino
979 735 1185 773 errores
1205 718 1448 772 damnare
1466 716 1648 783 noluit,
1673 719 2032 774 tamwBeati
2046 720 2241 789 Papae

383 805 687 857 Innocentii
724 805 921 858 litteris
958 824 1067 858 uon
1107 814 1189 860 est
1211 826 1374 860 ausus
1401 807 1659 860 obsistere
1696 803 1866 877 (Aug.
1894 806 1929 859 l.
1957 806 2010 860 2.
2038 807 2100 860 de
2123 825 2242 878 pec-

384 902 497 945 cato
525 891 657 963 orig.
687 909 730 946 c.
762 890 876 960 7.)=
909 896 1066 947 immo
1101 913 1157 948 se
1196 899 1405 956 omnia,
1445 913 1582 965 quae
1620 894 1774 948 sedes
1813 895 1914 948 illa
1938 896 2240 955 damnaret,

382 982 760 1033 damnaturum
793 985 1072 1050 promisit,
1110 992 1165 1035 ut
1197 981 1524 1054 Augustinus
1559 991 1796 1036 testatur.
1848 980 1903 1034 Id
1930 999 2127 1052 quoque
2154 1000 2242 1054 ap-

380 1078 528 1140 paret
554 1086 624 1121 ex
649 1066 815 1121 libello
853 1069 996 1135 fidei,
1033 1088 1181 1140 quem
1209 1069 1406 1123 Romae
1428 1067 1640 1124 Zosimo
1669 1069 1881 1135 obtulit,
1915 1068 2241 1142 Apostolico-

382 1175 477 1227 que
494 1155 681 1227 judicio
716 1155 788 1208 ita
824 1156 1063 1228 subjecit,
1102 1165 1160 1211 ut
1198 1161 1246 1210 si
1263 1162 1442 1227 forte,
1479 1165 1542 1211 ut
1572 1158 1899 1219 hominibus,
1938 1156 2102 1228 inquit
2129 1156 2240 1228 (Ibi

381 1261 425 1296 c.
455 1242 577 1315 23.)
606 1247 874 1314 quispiam
899 1248 1243 1315 iquorantiae
1276 1265 1435 1299 error
1461 1247 1727 1316 obrepsit,
1761 1252 1941 1299 vestra
1977 1249 2241 1298 sententia

380 1333 711 1400 corriyatur.
763 1328 920 1383 Immo
960 1349 1069 1384 cum
1107 1351 1137 1384 a
1172 1331 1382 1386 Zosimo
1417 1332 1910 1404 interrogationibus
1947 1342 2239 1404 urgeretur,

381 1435 470 1470 eas
507 1415 870 1489 responsiones
909 1417 1160 1484 adhibuit,
1203 1417 1370 1491 (Aug.
1399 1419 1434 1472 1².
1463 1420 1515 1472 2.
1553 1427 1690 1473 cont.
1728 1419 1852 1471 duas
1879 1417 2027 1490 epist.
2056 1416 2238 1492 Pelag.

381 1523 431 1557 n.
460 1503 547 1575 6.)
576 1506 766 1576 quibus
806 1524 861 1558 se
889 1506 966 1558 B.
998 1506 1193 1576 Papae
1224 1508 1525 1561 Innocentii
1561 1509 1757 1560 litteris
1784 1510 2090 1560 consentire
2110 1526 2240 1577 pro·

374 1597 553 1663 fessus
592 1601 687 1646 est.
740 1590 985 1665 Pelagius
1024 1613 1223 1665 quoque
1258 1594 1309 1648 in
1346 1595 1513 1650 libello
1553 1595 1694 1661 fidei,
1731 1613 1878 1666 quem
1918 1613 2028 1649 cum
2054 1594 2240 1649 litteris

383 1679 597 1734 Romam
627 1680 688 1734 ad
714 1679 772 1734 S.
801 1679 1149 1736 Innocentium
1174 1683 1341 1749 misit,
1370 1683 1442 1736 ita
1469 1684 1613 1736 fidem
1641 1700 1785 1734 suam
1812 1684 1920 1754 ejus
1949 1683 2239 1736 sententiae

381 1767 623 1834 subdidit,
661 1769 795 1822 utin
836 1768 1103 1823 Romanae
1141 1769 1277 1823 sedis
1314 1770 1408 1824 fide
1451 1772 1510 1824 S.
1542 1771 1702 1822 Petri
1731 1771 1898 1840 fidem
1934 1788 2240 1842 agnoscenS,

378 1858 729 1919 catholicum,
757 1856 840 1928 qui
866 1857 1010 1911 fidem
1040 1858 1100 1911 ab
1130 1876 1191 1912 ea
1218 1859 1336 1912 sede
1362 1859 1627 1931 probatam
1654 1867 1884 1924 teneret,
1915 1858 1999 1928 qui
2025 1877 2149 1912 vero
2177 1859 2238 1911 ab

379 1964 439 1999 eo
467 1945 790 2013 dissentiret,
828 1966 937 2000 non
973 1947 1326 2009 catholicum,
1369 1965 1460 2000 seu
1497 1946 1807 2000 haereticum
1844 1964 1900 1999 se
1937 1946 2239 2000 existimare

379 2034 671 2106 prodiderit.
714 2035 870 2088 Haec
897 2042 979 2088 est
995 2037 1135 2105 fides
1164 2035 1425 2107 (Append.
1456 2034 1595 2106 Aug.
1624 2044 1662 2087 t.
1688 2033 1826 2103 10.),
1855 2034 2035 2104 inquit,
2067 2035 2238 2087 Pater

379 2123 734 2183 Beatissime,
762 2142 922 2192 quam
948 2126 1002 2174 in
1032 2123 1283 2175 Ecclesia
1309 2124 1582 2176 catholica
1607 2124 1893 2175 didicimus
1923 2162 1934 2173 .
1967 2162 1979 2173 .
2010 2163 2020 2174 .
2049 2126 2104 2174 in
2132 2141 2239 2192 qua

378 2214 426 2262 si
449 2214 622 2262 minus
642 2213 855 2279 perite,
893 2217 989 2263 aut
1015 2229 1219 2279 parum
1257 2218 1412 2263 caute
1451 2212 1664 2280 aliquid
1681 2214 1832 2280 forte
1863 2212 2106 2279 positum
2133 2217 2238 2270 est,

379 2300 658 2351 emendari
682 2301 923 2368 cupimus
951 2318 986 2351 a
1011 2305 1087 2360 te,
1125 2302 1220 2369 qui
1247 2299 1406 2352 Petri
1439 2301 1605 2370 fidem
1633 2306 1686 2352 et
1709 2301 1887 2352 sedem
1913 2306 2077 2351 tene&
2139 2300 2237 2350 Sin

377 2394 552 2439 autem
579 2387 714 2440 haec
739 2393 929 2439 nostra
955 2390 1228 2456 confessio
1258 2386 1613 2457 Apostolatus
1653 2390 1734 2440 tui
1749 2388 1968 2460 judicio
1997 2404 2238 2456 compro-

376 2474 565 2535 batur,
593 2478 913 2544 quicumque
938 2494 1020 2526 me
1046 2477 1323 2527 maculare
1353 2474 1449 2545 (al.
1481 2473 1737 2546 culpare)
1765 2476 2026 2535 voluerit,
2064 2492 2120 2526 se
2147 2476 2237 2525 im-

370 2563 634 2628 peritum,
672 2562 759 2613 vel
780 2562 1128 2621 malevolum,
1165 2562 1253 2613 vel
1286 2564 1446 2612 etiam
1481 2581 1590 2614 non
1627 2563 1983 2622 catholicum,
2021 2580 2130 2614 non
2156 2580 2237 2613 me

377 2647 706 2700 haereticum
731 2649 1118 2717 comprobabit.
1172 2645 1357 2713 Felix,
1393 2647 1438 2700 si
1473 2648 1526 2701 in
1561 2649 1654 2702 hac
1691 2648 1947 2703 sententia
1986 2647 2238 2720 perstitis-

375 2743 476 2799 tet,
504 2733 557 2786 in
586 2753 682 2805 qua
709 2735 904 2805 quidem
933 2735 1203 2808 perstitere
1221 2776 1234 2801 ,
1264 2745 1508 2806 quotquot
1534 2735 1767 2790 catholici
1793 2754 1935 2789 suam
1961 2735 2238 2808 professio-

375 2840 490 2875 nem
517 2820 754 2875 Romano
781 2821 1021 2876 Pontifici
1058 2823 1410 2894 subjicienteS,
1451 2843 1482 2876 a
1520 2824 1768 2878 catholica
1791 2821 2026 2878 Ecclesia
2064 2824 2237 2877 nolue-

377 2919 495 2961 runt
520 2909 787 2963 rebellare.
840 2907 963 2963 Non
991 2910 1150 2981 igitur
1175 2911 1403 2965 officiosa
1429 2913 1614 2979 verba,
1654 2923 1705 2965 et
1739 2912 1894 2964 multo
1922 2912 2087 2964 minus
2115 2911 2237 2964 adu-

376 2997 610 3050 latorium
651 2998 881 3068 quiddam
919 2997 1095 3051 haberi
1122 2999 1214 3052 hoc
1241 2999 1415 3064 debet,
1457 3017 1550 3052 nec
1576 2997 1848 3070 postremis
1875 3007 2068 3050 tantum
2098 2997 2235 3051 hisce

376 3085 683 3158 temporibus
710 3085 991 3151 invectum,
1031 3095 1087 3137 ut
1111 3103 1268 3156 opera
1293 3085 1596 3156 praesertim
1633 3085 1694 3137 ad
1735 3085 1877 3138 fidem
1906 3083 2233 3157 pertinentia,

377 3171 641 3226 Romanae
667 3173 802 3227 sedis
819 3173 1010 3245 judicio
1037 3171 1349 3248 potissimum
1379 3172 1726 3244 subjiciantur.
1781 3169 2159 3226 Catholicorum
2186 3160 2235 3225 id

375 3278 575 3334 semper
600 3261 857 3334 proprium
882 3261 1001 3326 fuit,
1030 3270 1082 3314 et
1108 3260 1280 3314 eodem
1307 3259 1504 3330 quidem
1531 3258 1768 3326 consilio,
1808 3278 1904 3330 quo
1930 3260 1985 3313 in
2012 3259 2231 3332 negotiis

374 3347 488 3400 fidei
527 3349 589 3400 ad
629 3350 853 3403 eamdem
893 3349 1063 3403 sedem
1097 3348 1256 3402 fuisse
1297 3348 1510 3402 relatum
1550 3347 1918 3419 explicavimus
1956 3348 2003 3416 §.
2031 3345 2128 3400 IX.
2171 3366 2232 3400 ea

374 3433 607 3487 nimirum
634 3437 1026 3509 praeparatione
1053 3435 1225 3502 animi,
1250 3445 1306 3488 ut
1331 3436 1552 3507 ejusdem
1580 3435 1713 3489 sedis
1726 3435 1967 3507 judicium
1988 3434 2231 3504 fidemque

372 3531 732 3592 sequerentur,
769 3543 827 3577 eo
868 3525 997 3595 quod
1034 3524 1145 3579 fidei
1179 3523 1422 3577 unitatem
1460 3542 1568 3578 cum
1595 3523 1706 3595 ipsa
1733 3523 1850 3576 sede
1892 3522 2233 3576 necessariam
