2320 3990
954 272 1076 277 ,Ψ
1092 272 1126 276 Ψ
1217 237 1304 295 46
1396 273 1566 280 -.ΨΨ

334 405 392 463 S.
421 406 582 463 Petro
620 418 672 462 et
696 405 944 460 Romanis
979 403 1315 461 Pontificibus
1344 409 1464 480 jure
1496 410 1835 482 successionis
1874 410 2112 484 competit
2137 410 2189 464 in

334 496 578 552 unitatem
614 492 908 560 Ecclesiae,
946 513 1056 548 cum
1095 513 1163 550 ex
1203 494 1450 568 primatus
1486 496 1685 552 ratione
1721 517 1779 552 ac
1815 499 1914 552 fine
1942 508 2192 571 competat

336 595 388 640 et
413 586 560 650 fluat,
599 582 653 636 in
679 583 798 650 hac,
839 583 1043 654 inquam
1061 625 1074 650 ,
1113 593 1367 658 potestate
1402 582 1565 656 ipsum
1590 583 1836 656 primatus
1861 586 2115 659 peculiare
2141 595 2192 640 et

335 672 603 746 personale
622 673 704 744 jus
732 671 1012 738 contineri,
1053 673 1177 727 adeo
1215 682 1271 725 ut
1295 681 1522 746 potestas
1561 679 1611 725 et
1645 671 1726 726 vis
1763 675 1993 730 coactiva
2019 676 2080 729 ad
2107 694 2191 730 ca-

335 760 569 814 tholicam
597 760 844 814 unitatem
880 760 933 813 in
970 769 1081 814 tota
1105 758 1339 815 Ecclesia
1365 759 1764 814 conservandam
1797 779 1855 815 ac
1879 761 2191 818 vidieandam

337 848 503 922 potior
529 848 598 902 sit
624 847 865 920 primatus
893 848 1025 902 ratio
1054 859 1204 920 atque
1230 850 1464 903 facultas.
1515 847 1648 902 Hinc
1676 847 1880 903 Natalis
1892 849 2193 905 Alexander

338 947 460 990 tom.
489 937 542 990 3.
583 936 784 991 dissert.
813 936 866 990 4.
908 936 961 990 in
998 939 1220 992 seculum
1259 938 1472 1011 primum
1508 936 1555 1006 ἕ.
1588 938 1636 989 l.
1666 955 1716 990 n.
1749 938 1798 992 7.
1837 949 1953 1010 post
1977 939 2192 993 recitata

338 1024 529 1095 aliquot
555 1022 769 1078 Patr-um
805 1026 1124 1092 testimonia,
1165 1045 1235 1081 cx
1270 1025 1449 1098 quibus
1488 1034 1707 1080 constat·
1731 1028 1788 1079 S.
1822 1027 1991 1080 Petro
2019 1033 2191 1099 sinqu-

340 1115 508 1167 larem
544 1115 890 1176 cathedram,
936 1123 988 1168 et
1024 1121 1215 1170 ceteris
1255 1118 1590 1185 superiorem
1628 1119 1969 1168 constitutam
2001 1120 2193 1185 fuisse,

339 1222 477 1273 quae
514 1206 736 1256 unitatis
771 1205 1170 1257 ecclesiastieae
1209 1211 1452 1258 centrum
1491 1211 1653 1264 esset,
1704 1206 1985 1274 ipsumque
2018 1208 2191 1273 fuisse

339 1298 505 1359 caput
528 1291 652 1344 haic
677 1295 872 1344 unitati
905 1295 1205 1345 servandae
1245 1312 1278 1344 a
1314 1293 1526 1345 Christo
1557 1295 1956 1360 praepositum,
1993 1293 2194 1346 conclu·

338 1376 409 1429 dit
434 1377 487 1429 iu
515 1396 620 1431 rem
647 1387 969 1450 praesentem
995 1378 1122 1431 satis
1149 1387 1431 1449 opportune
1456 1378 1534 1430 his
1561 1379 1729 1432 verbis
1746 1419 1760 1444 ‚
1796 1398 1925 1450 quae
1951 1381 2195 1452 primatus

339 1464 589 1519 rationem
630 1475 681 1519 et
712 1467 799 1538 jus
839 1466 1160 1539 praecipuum
1199 1483 1257 1518 ac
1293 1465 1550 1537 proprium
1577 1465 1820 1518 innuunt:
1859 1468 1978 1527 Quo
2005 1471 2060 1520 in
2087 1489 2193 1522 mu·

338 1574 465 1606 nere
511 1558 781 1623 primatus
831 1557 974 1607 ratio
1014 1557 1351 1624 potissimam
1396 1556 1735 1624 splendescit.
1818 1551 2058 1609 Concinit
2093 1576 2196 1611 non

340 1642 551 1695 obscure
577 1641 879 1707 Bossuetus,
909 1661 1015 1695 eum
1043 1642 1095 1694 in
1123 1639 1446 1695 Catechismo
1477 1643 1535 1694 de
1562 1641 1706 1694 festis
1735 1642 1794 1694 ad
1822 1641 1950 1694 diem
1971 1641 2071 1695 SS.
2094 1643 2197 1697 Pe-

340 1731 408 1783 tri
436 1740 487 1783 et
514 1729 664 1783 Pauli
702 1730 963 1802 proposita
998 1728 1430 1800 interrogatione,
1469 1730 1553 1780 En
1583 1733 1712 1799 quoi
1736 1735 1965 1783 consiste
2006 1734 2061 1784 la
2078 1736 2197 1800 pri·

344 1821 520 1873 maute'
559 1822 625 1872 cle
666 1820 867 1888 l'eylc‘se
898 1819 1196 1870 Romame?
1240 1816 1368 1870 hanc
1408 1817 1791 1889 responsionem
1830 1818 2046 1871 secundo
2085 1818 2194 1871 loco

340 1907 532 1979 posuit:
588 1909 672 1959 En
709 1927 767 1960 ce
805 1927 906 1977 que
946 1914 1115 1959 tontes
1166 1907 1242 1957 les
1283 1907 1473 1975 eylises
1514 1908 1730 1958 doivent
1762 1908 1968 1976 garder
2017 1908 2199 1959 l’unite'

343 2016 471 2049 avec
500 1997 616 2049 elle.
657 1995 792 2049 Idest
818 1994 999 2048 latine:
1030 1995 1092 2046 In
1121 2013 1225 2064 quo
1247 1997 1492 2046 consistit
1510 1999 1780 2063 primatus
1803 1997 2061 2047 ecclesiae
2090 1996 2196 2047 Ro-

343 2089 572 2139 manae?
607 2082 676 2136 R.
721 2085 783 2136 In
825 2085 951 2144 hoc,
991 2084 1140 2154 quod
1175 2102 1355 2135 omnes
1391 2084 1652 2135 ecclesiae
1691 2084 1882 2135 debent
1919 2102 2035 2136 cum
2075 2087 2197 2152 ipsa

346 2176 602 2225 unitatem
629 2191 872 2226 servare:
901 2171 963 2223 oh
991 2169 1092 2223 vim
1118 2168 1289 2239 utique
1316 2179 1581 2240 cogentem
1610 2170 1670 2222 ad
1697 2169 1958 2223 unitatem.

493 2259 543 2314 7.
586 2256 712 2314 Cum
753 2259 954 2312 tandem
991 2248 1306 2328 Evangelica
1339 2256 1632 2310 testimonia
1670 2257 1833 2330 capite
1876 2257 2049 2327 quinto
2089 2259 2198 2311 lau-

345 2348 491 2412 data,
545 2347 720 2417 quibus
764 2347 1079 2420 potissimum
1124 2343 1180 2399 S.
1219 2343 1368 2398 Petri
1413 2345 1656 2417 primatus
1694 2345 1954 2411 inuititur,
2003 2346 2201 2416 aliquod

344 2435 668 2507 praecipuum
707 2444 756 2488 et
793 2435 1060 2505 personale
1097 2433 1254 2506 ipsius
1285 2435 1371 2504 jus
1399 2433 1660 2486 continere
1699 2433 1912 2487 debeant
1939 2452 2008 2486 cx
2036 2434 2199 2506 capite

347 2532 531 2588 sext-03
571 2523 665 2575 hoc
702 2531 869 2575 autem
898 2522 980 2592 jus
1019 2521 1176 2593 ipsius
1214 2520 1535 2593 praecipuum
1574 2530 1625 2573 et
1652 2522 1918 2592 personale
1954 2521 2199 2593 primatus

347 2629 502 2668 causa
528 2610 623 2682 ipsi
649 2620 936 2683 competens
953 2651 966 2675 ,
998 2612 1083 2682 jus
1111 2609 1178 2663 sit
1205 2609 1459 2680 cogendae
1488 2618 1539 2661 et
1564 2607 1896 2663 vindicandae
1925 2610 2200 2664 catholicae

347 2698 584 2764 unitatiS‚
619 2710 674 2752 ut
700 2718 771 2754 ex
808 2699 1080 2752 traditione
1107 2697 1321 2752 Patrum
1359 2707 1410 2751 et
1437 2716 1507 2751 ex
1542 2695 1765 2768 ipsorum
1794 2696 2200 2751 adversariorum

347 2786 590 2840 doctrinis
611 2788 988 2841 demonstrasse
1009 2787 1127 2840 mihi
1145 2787 1320 2841 videor
1339 2786 1432 2839 hoc
1447 2784 1610 2858 capite
1631 2803 1731 2837 non
1747 2784 1994 2857 disjuncto
2013 2805 2042 2839 a
2055 2804 2202 2858 prae-

349 2875 572 2941 cedenti3
611 2895 672 2930 ea
709 2878 934 2948 profecto
971 2886 1361 2929 memoratorum
1389 2873 1793 2928 testimoniorum
1830 2871 2202 2945 interpretatio,

349 2983 475 3034 quae
502 2964 819 3036 praecipuum
850 2974 900 3018 et
915 2963 1193 3035 personale
1218 2963 1376 3034 ipsius
1396 2964 1479 3033 jus
1508 2961 1569 3012 ad
1595 2961 1723 3012 hanc
1748 2960 1992 3013 unitatem
2015 2959 2203 3012 consti-

350 3051 583 3105 tuendam
611 3061 662 3105 et
689 3051 1086 3106 conservandam
1113 3049 1372 3114 exhibeat,
1399 3067 1503 3102 non
1521 3047 1760 3111 violenta,
1789 3065 1882 3100 nec
1900 3048 2113 3100 conficta
2133 3066 2202 3100 ex

351 3139 581 3206 arbitrio,
610 3142 698 3194 sed
723 3159 968 3213 germana
995 3148 1045 3192 et
1072 3138 1134 3191 ad
1160 3137 1431 3208 genuinam
1458 3135 1700 3208 primatus
1728 3144 1957 3187 naturam
1987 3154 2178 3208 cognos

351 3229 557 3280 cendam
583 3239 635 3282 et
655 3229 1003 3302 explicandam
1024 3245 1267 3298 congrua,
1293 3223 1650 3294 traditionique
1672 3221 1885 3276 Patrum
1908 3233 1957 3277 et
1977 3223 2199 3296 ipsorum

349 3316 753 3369 adversariorum
804 3315 1062 3389 principiis
1113 3314 1469 3377 consentienS,
1535 3312 1809 3381 eademque
1859 3311 2006 3365 unius
2055 3309 2202 3366 Petri

350 3423 410 3458 ac
448 3422 795 3457 successorum
831 3407 938 3477 ejus
975 3403 1180 3477 propria
1218 3401 1449 3456 habenda
1485 3400 1609 3464 erit,
1649 3399 1778 3452 sicut
1813 3399 2056 3472 primatus
2080 3399 2200 3471 ipse.

347 3491 577 3564 proprius
604 3491 816 3546 istorum
843 3503 938 3546 est.
991 3491 1044 3545 Id
1081 3510 1204 3547 sane
1242 3509 1353 3545 cum
1389 3498 1563 3561 aperte
1602 3498 1838 3558 sequatur
1865 3504 1934 3540 ex
1962 3487 2203 3539 hactenus

347 3580 653 3646 constitutis,
690 3581 847 3634 nostri
878 3580 1155 3636 adversarii
1185 3578 1393 3635 inficiari
1422 3596 1520 3631 non
1551 3586 1799 3648 poterunt.
1854 3573 2204 3644 Maimburgus
