2320 3990
703 238 1352 297 —121—

113 427 289 472 tmere
314 414 601 473 contendit,
625 429 788 480 snper
813 427 964 480 quem
984 408 1340 477 fundamenta
1365 407 1651 460 Ecclesiae.
1666 408 1937 461 collocata

114 509 256 566 sunt,
282 501 474 552 multas
513 499 649 553 alias
683 504 870 566 petras
907 496 1156 554 inducat,
1195 499 1248 545 et
1269 494 1614 546 ecclesiarum
1639 494 1936 546 multa-rum

112 606 249 641 nova
274 587 520 655 aedificia
544 586 847 643 constituat,
873 584 998 634 dum
1022 598 1134 633 csse
1158 580 1275 631 illic
1298 580 1683 659 baptisma-sua
1707 580 1935 632 auctori-

114 681 218 726 tate
243 673 498 740 defendit.
551 670 693 721 Nam
716 671 809 738 qui
831 668 1195 736 baptizantur,
1221 665 1489 732 complent
1509 667 1809 719 sine'dubio
1835 669 1934 720 Ee-

113 761 306 812 elesiae
353 775 639 809 nnmerum.
721 755 827 814 Qui
875 759 1050 805 autem
1093 751 1354 818 baptisma
1395 754 1576 801 eoru-m
1604 753 1832 819 probat,
1869 756 1937 806 dc.

113 847 389 913 baptizatis
417 851 467 894 et
492 843 788 895 Ecclesiam
813 840 927 891 illic
952 855 1063 889 esse
1089 839 1394 904 confirmat:
1431 854 1530 888 nec
1566 839 1815 908 intelligit
1852 841 1935 891 ob-

109 933 320 1000 fuscari
345 950 378 982 a
404 948 460 981 sc
487 936 540 980 et
562 925 950 997 quodammodo
977 923 1184 974 aboleri
1215 921 1558 974 Christianae
1588 931 1780 991 petrae
1806 930 1935 978 veri-

115 1025 288 1077 tatem,
314 1019 406 1085 qui
429 1018 510 1067 sie
527 1013 720 1083 prodit
742 1017 796 1062 et
817 1011 1019 1061 deserit
1053 1010 1324 1060 unitatem.
1377 1005 1519 1061 Vidit
1545 1025 1614 1060 ex
1639 1008 1715 1061 his
1741 1012 1936 1080 procul-

114 1102 256 1154 dubio
282 1099 601 1152 Firmilianus
628 1094 828 1148 nonnisi
852 1112 1003 1146 unam
1028 1111 1142 1146 esse
1167 1110 1315 1163 posse
1339 1103 1564 1164 petram,
1603 1113 1751 1166 super
1790 1115 1936 1165 quam

113 1188 258 1239 unius
282 1183 543 1238 Ecclesiae
562 1182 931 1235 fundamenttun
958 1179 1248 1232 collocatum
1275 1189 1368 1243 est,
1397 1188 1448 1232 et
1470 1178 1524 1231 in
1550 1180 1642 1233 hac
1668 1200 1766 1233 una
1791 1192 1937 1253 petra

115 1271 375 1326 Ecclesiae
401 1269 641 1323 unitatem
679 1266 942 1321 contineri.
1005 1263 1150 1318 Hanc
1176 1283 1323 1317 unam
1350 1275 1541 1336 petram
1567 1268 1937 1322 fundamentum

113 1357 372 1412 Ecclesiae
397 1375 452 1410 36
478 1374 547 1409 ex
573 1354 719 1408 Petri
745 1352 1062 1407 successione
1097 1369 1211 1404 esse
1238 1350 1523 1422 Stephanus
1549 1353 1601 1404 in
1628 1355 1730 1407 suis
1755 1355 1938 1408 litteris

114 1444 437 1497 indicaverat.
490 1440 608 1492 Non
643 1440 691 1491 id
715 1437 1037 1491 Firmilianus
1063 1438 1408 1509 reprehendit,
1447 1448 1532 1490 aut
1567 1450 1751 1510 negat:
1789 1441 1938 1494 immo

115 1530 225 1582 hinc
252 1536 607 1599 argumentans
643 1526 768 1578 alias
806 1535 975 1596 petras
1003 1543 1104 1576 non
1149 1543 1262 1578 esse
1299 1525 1579 1596 ponendaS‚
1619 1526 1751 1580 istud
1785 1530 1939 1582 veluti

114 1616 404 1686 principum
430 1613 760 1666 certissimum
787 1611 957 1663 habuit
983 1629 1054 1664 ex
1080 1630 1139 1663 eo
1166 1611 1274 1682 ipso
1294 1609 1604 1682 Evangelico
1630 1614 1937 1679 testimonio,

114 1701 241 1769 quod
261 1701 319 1752 de
333 1697 491 1751 Petro
515 1715 573 1750 ac
596 1698 966 1749 successoribus
993 1699 1100 1767 ejus
1119 1697 1452 1767 accipiendum
1474 1698 1623 1750 etiam
1647 1698 1703 1751 S.
1723 1698 1940 1771 Cypria-

113 1804 205 1838 nus
232 1784 511 1837 affirmavit.
569 1781 622 1834 Id
657 1782 815 1834 30111111
841 1783 923 1836 1116
954 1802 1022 1836 ex
1050 1801 1142 1835 sua
1179 1781 1411 1852 opinione
1438 1783 1579 1852 quasi
1605 1786 1939 1839 contradicto-

115 1873 241 1924 rium
262 1868 578 1942 reprehendit
601 1868 652 1920 in
664 1866 937 1940 Stephane,
960 1870 1087 1940 quod
1111 1869 1389 1941 approbans
1414 1869 1658 1940 baptisma
1682 1873 1742 1923 ab
1764 1871 1939 1926 haere-

113 1958 226 2011 ticis
266 1958 516 2020 collatum,
555 1956 720 2026 plures
758 1965 957 2026 petraS‚
1003 1966 1054 2009 et
1077 1957 1243 2027 plures
1269 1954 1524 2008 Ecclesias
1562 1976 1650 2028 pro
1678 1958 1939 2012 haeresum

115 2043 422 2095 multitudine
447 2041 699 2107 inducere,
727 2052 777 2094 et
803 2041 875 2095 sic
901 2042 1140 2094 unitatem
1166 2040 1424 2095 Ecclesiae
1458 2044 1685 2096 scindere
1713 2046 1940 2100 credere-

116 2139 212 2180 tur.
264 2127 474 2180 Erravit
500 2128 690 2196 quidem
717 2129 816 2191 ille⁷
843 2129 954 2179 dum
976 2128 1023 2179 id
1051 2127 1275 2179 credidit.
1328 2128 1401 2178 At
1427 2129 1478 2180 111
1504 2148 1599 2180 uua
1618 2141 1759 2200 petra
1783 2151 1940 2202 agno-

118 2214 326 2278 scenda,
355 2232 480 2283 quae
507 2213 745 2266 unitatem
771 2212 1030 2266 Ecclesiae
1059 2213 1117 2264 ab
1145 2231 1241 2264 uno
1267 2213 1587 2284 incipientem
1625 2218 1866 2270 formaret
1892 2229 1940 2271 et

118 2299 413 2363 contineret,
440 2318 662 2368 quaeque
688 2318 718 2351 a
743 2299 874 2351 nullo
901 2299 1174 2351 deserenda
1200 2309 1351 2364 esset,
1379 2300 1475 2352 nisi
1502 2301 1741 2355 unitatem
1766 2302 1941 2358 Eccle-

117 2386 221 2438 siae
247 2386 391 2437 31111111
417 2387 701 2450 desereret,
738 2404 1048 2455 nequaquam
1086 2385 1307 2450 erravit,
1344 2387 1430 2439 sed
1466 2387 1513 2438 id
1540 2389 1772 2457 agnovit,
1813 2394 1940 2460 quod

116 2490 288 2524 omnes
327 2471 555 2524 catholici
594 2473 906 2524 fatebantur:
948 2482 998 2524 et
1026 2471 1069 2523 si
1097 2472 1222 2524 hanc
1248 2481 1440 2542 petram
1481 2475 1620 2526 novit
1659 2474 1940 2529 Romanum

115 2555 406 2611 Pontificem
433 2576 771 2611 successorem
798 2556 855 2610 S.
885 2556 1058 2623 Petri,
1098 2578 1260 2628 super
1298 2578 1450 2628 quem
1489 2561 1806 2614 fundamenta
1843 2566 1940 2616 Ec-

116 2646 306 2695 clesiae
332 2647 596 2696 collocata
622 2653 758 2705 sunt,
784 2654 837 2695 ut
863 2655 913 2697 et
939 2642 1226 2715 Cyprianus
1252 2642 1508 2715 Stephano
1535 2648 1802 2701 concinens
1830 2650 1940 2702 aliis

119 2729 286 2780 verbis
315 2729 615 2799 scripserat3
666 2729 835 2799 utique
861 2731 913 2782 in
939 2729 1030 2781 hac
1055 2740 1200 2800 petra
1235 2731 1480 2783 contineri
1521 2734 1660 2787 novit
1696 2737 1939 2788 unitatem

116 2811 394 2876 Ecclesiae,
419 2813 758 2883 unitatemque
784 2833 892 2866 cum
918 2815 1087 2866 eadem
1110 2825 1271 2883 petra,
1299 2833 1386 2866 seu
1413 2834 1523 2867 611111
1545 2817 1789 2871 Romanis
1802 2820 1942 2872 Pon-

119 2897 328 2950 tificibus
356 2899 554 2950 omniuo
582 2900 845 2952 tenendam
876 2916 1194 2970 praesumere
1233 2899 1424 2964 debuit,
1464 2911 1518 2952 ut
1544 2919 1650 2953 611111
1681 2901 1939 2974 Cypriane

119 2983 314 3053 penitus
351 2985 678 3054 conspiraret.
742 2984 852 3038 Hoc
887 2985 1181 3056 principium
1218 3003 1287 3036 ex
1334 2983 1377 3035 F
1382 2985 1630 3039 irmiliano
1670 2989 1939 3045 deduxisse

121 3068 244 3120 satis
266 3068 383 3120 mihi
407 3089 536 3124 nuuc
564 3081 667 3124 est:
689 3071 771 3141 qui
789 3071 833 3124 si
853 3072 905 3124 in
925 3071 1273 3143 disputationis
1296 3081 1437 3123 aestu
1456 3072 1508 3123 111
1528 3075 1764 3142 quaedam
1786 3079 1939 3132 verba

121 3154 364 3217 excurrit,
391 3174 458 3207 ex
484 3156 656 3226 quibus
689 3176 790 3210 non
822 3159 1027 3210 multum
1060 3158 1286 3210 timuisse
1318 3158 1548 3211 videatur
1581 3161 1640 3214 de
1668 3164 1939 3218 amittenda

120 3241 226 3308 ejus
252 3249 423 3309 petrae
449 3244 790 3297 communione
816 3255 867 3297 et
891 3244 1100 3308 unitate,
1129 3245 1172 3296 si
1201 3243 1394 3312 quidem
1409 3242 1693 3317 Stephanus
1720 3268 1936 3304 commu-

121 3324 318 3377 nionem
345 3326 642 3398 abrupisset,
669 3331 794 3398 quod
820 3341 985 3384 tamen
1015 3329 1160 3401 (Vid.
1190 3331 1395 3383 inferius
1418 3349 1467 3382 11.
1490 3331 1608 3403 53.)
1635 3335 1815 3387 factum
1839 3356 1937 3390 non

120 3411 241 3476 fuit3
268 3412 560 3484 principium
587 3424 774 3468 certum
795 3417 963 3487 utique
983 3417 1208 3479 vidisset,
1238 3418 1643 3487 consequentiam
1664 3439 1764 3473 non
1786 3422 1938 3476 vidis-

124 3506 230 3562 set3
265 3515 422 3567 neque
461 3499 590 3552 enim
628 3500 861 3566 vidisset,
901 3522 1038 3567 eum7
1079 3501 1160 3571 qui
1197 3503 1421 3573 separari
1460 3523 1514 3558 se
1541 3506 1730 3560 sineret
1759 3510 1820 3562 ab
1848 3509 1938 3562 hac
