2314 3984
718 258 1367 335 -1'51—

142 453 293 508 subde
310 446 890 523 :snh·opinioiae⁴-ve1··sari
916 443 1180 510 indicavit,
1214 442 1378 514 quoad
1411 437 1630 494 definitio
1650 452 1778 492 *non¹
1792 438 1956 508 produ·

141 546 233 593 ret.
271 535 391 590 flac
408 536 475 588 de
501 535 651 588 causa
678 534 804 587 alios
831 543 980 602 atque
1006 531 1132 585 alios
1153 527 1435 601 Episcopus
1468 523 1956 586 in-oonciliis-diver-

141 636 307 678 sarum
332 620 701 693 provinciarum
727 618 820 672 hac
845 619 904 671 de
926 620 985 670 re
1005 612 1452 670 nondumuefinita
1476 621 1527 666 et
1551 609 1956 678 obseuraqzsalva

140 726 257 782 pace
283 707 513 776 utrinque
540 707 847 778 disputasse,
875 721 932 756 ac
958 700 1168 755 diversis
1195 697 1508 770 opinionibus
1533 697 1799 749 fluctuasse
1824 695 1956 748 affir-

141 793 294 866 mavit
319 792 631 863 Augustinus
666 791 780 862 (lib.
809 788 948 843 'lade
972 787 1119 862 Bapt.
1145 801 1197 836 n.
1225 783 1341 853 9.),
1383 785 1519 836 adeo
1556 790 1617 835 ut
1646 785 1739 835 diu
1765 786 1819 833 in
1847 785 1955 835 suis

142 881 425 949 quibusque
459 879 761 948 reqionibus
785 870 996 929 diversa
1029 862 1230 924 statuta
1266 873 1595 931 nutaverint,
1642 864 1812 922 donec
1839 869 1953 936 ple-

141 968 295 1017 nario
334 968 491 1017 totius
531 965 673 1016 orbis
711 961 968 1020 eoncilia,
1019 959 1167 1027 quod
1213 957 1560 1008 saluberrime
1604 956 1954 1013 sentiebatur,

142 1053 298 1103 etiam
334 1053 548 1103 remotis
581 1039 992 1102 damnationibus
1030 1041 1374 1095 saluberrime
1393 1046 1721 1110 firmaretur.
1773 1038 1956 1110 Dispu-

139 1135 288 1187 tando
314 1134 507 1204 quidem
540 1135 722 1186 factum
748 1141 852 1198 est,
892 1139 946 1181 ut
982 1146 1043 1181 ea
1069 1126 1332 1180 Romanae
1357 1125 1614 1179 Ecclesiae
1652 1126 1955 1178 consuetudo

141 1218 191 1273 in
218 1217 511 1290 recipiendis
545 1217 814 1272 haereticis
852 1213 1073 1286 legitima
1107 1214 1267 1266 forma
1306 1211 1574 1285 baptizatis
1610 1212 1716 1264 sola
1754 1210 1957 1282 imposi-

141 1305 275 1357 tione
300 1323 530 1357 manuum
556 1303 663 1357 sine
689 1299 817 1358 novo
844 1299 1168 1372 baptismate,
1209 1318 1353 1370 quam
1381 1300 1439 1351 ab
1466 1298 1727 1368 Apostolis
1754 1297 1955 1350 deduxit

141 1389 449 1462 Stephanus,
488 1391 805 1460 detegeretur
853 1386 1005 1440 fuisse
1042 1403 1143 1437 non
1182 1387 1338 1438 solum
1376 1383 1637 1449 Romana,
1687 1383 1773 1435 sed
1808 1383 1957 1435 etiam

142 1486 415 1529 ceterarum
441 1475 658 1528 omnium
683 1473 1022 1527 Ecclesiarum
1050 1480 1151 1523 tum
1182 1469 1619 1534 Occidicntalium‚
1646 1479 1749 1521 timi
1775 1467 1956 1522 Orien·

141 1562 310 1614 talium
326 1602 340 1627 ‚
377 1579 504 1631 quae
539 1560 591 1612 in
628 1559 737 1632 ipsa
762 1558 936 1611 Africa
966 1567 1014 1610 et
1038 1557 1091 1609 in
1116 1557 1246 1610 Asia
1284 1549 1474 1627 quoque
1499 1556 1701 1627 vigebat
1728 1563 1843 1607 ante
1870 1571 1954 1626 sy-

141 1647 295 1699 nodos
320 1645 615 1716 Agrippini‚
641 1644 824 1708 leonii,
862 1652 913 1696 et
938 1641 1210 1714 Synnadae
1226 1683 1240 1707 ‚
1280 1661 1351 1695 ex
1376 1643 1550 1712 quibus
1578 1641 1957 1712 rebaptizando-

141 1748 246 1782 rum
286 1730 651 1784 haereticorum
688 1728 992 1782 consuetudo
1037 1727 1282 1797 originem
1310 1738 1360 1780 et
1395 1729 1743 1781 auctoritatem
1782 1745 1957 1799 coepe-

140 1826 247 1868 rat:
286 1834 343 1868 ac
379 1815 584 1887 proinde
622 1813 841 1884 agnitum
867 1812 987 1874 fuit,
1023 1811 1158 1864 illam
1190 1813 1344 1866 fuisse
1371 1812 1775 1866 consuetudinem
1801 1812 1954 1866 totius

141 1893 397 1955 Ecclesiae
411 1901 484 1952 ‘ab
516 1899 771 1972 Apostolis
797 1898 1025 1951 omnihus
1052 1898 1283 1952 traditam
1302 1940 1314 1964 ,
1343 1918 1469 1969 quae
1498 1900 1556 1951 ad
1582 1898 1815 1970 baptismi
1842 1900 1957 1951 suh-

143 1987 374 2040 stantiam
411 2004 479 2039 ex
506 1983 698 2039 Christi
730 1985 1047 2037 institutione
1084 1986 1347 2038 referenda
1381 1995 1475 2038 est.
1551 1984 1683 2037 Hinc
1722 2003 1956 2049 canoneS‚

143 2073 225 2142 qui
250 2073 341 2124 hac
367 2073 425 2123 de
462 2089 518 2124 re
549 2072 650 2141 jam
688 2069 908 2139 eliquata
941 2071 991 2122 in
1029 2071 1252 2141 plenario
1293 2070 1530 2135 concilio⁹
1567 2089 1624 2123 ac
1651 2072 1881 2142 deinceps
1907 2072 1957 2123 in

144 2157 254 2210 aliis
281 2156 487 2227 synodis
513 2153 630 2207 editi
657 2164 798 2219 simt‚
834 2155 1015 2225 dogma
1041 2166 1091 2207 et
1125 2155 1462 2208 definitionem
1499 2156 1610 2209 fidei
1637 2149 1958 2221 constituunt,

146 2260 174 2293 a
201 2261 295 2311 quo
322 2241 568 2294 neminem
594 2239 888 2293 catholicum
914 2241 1191 2294 desciscere
1218 2241 1348 2293 licet.
1402 2238 1648 2312 Cypriani
1684 2252 1847 2294 autem
1875 2261 1959 2295 ae-

144 2337 248 2380 tate
285 2345 393 2380 cum
426 2325 474 2378 id
511 2343 613 2377 non
651 2335 786 2378 esset
819 2327 940 2379 adeo
981 2327 1326 2398 exploratum,
1363 2345 1455 2379 nec
1495 2345 1525 2378 a
1561 2324 1819 2398 Stephano
1858 2329 1958 2381 ulla

141 2411 406 2483 prodiisset
452 2410 650 2483 proprie
699 2411 828 2464 dicta
864 2411 1144 2482 dogmatica
1179 2411 1396 2464 definitio
1437 2411 1610 2482 (quam
1647 2413 1698 2465 in
1737 2415 1959 2468 materiis

143 2496 401 2568 practiciS‚
427 2497 512 2548 ubi
536 2514 829 2567 magnarum
855 2495 1192 2551 Ecclesiarum
1223 2515 1279 2550 ac
1305 2498 1668 2569 provinciarum
1698 2510 1959 2553 consuetu-

143 2581 281 2634 dines
319 2591 434 2634 sunt
466 2582 724 2648 diversae,
763 2593 814 2636 et
850 2602 1060 2654 magnos
1097 2584 1330 2652 utrinque
1357 2593 1655 2653 sanctosque
1680 2583 1959 2658 Episcopos

146 2791 218 2819 nes
248 2792 286 2822 n.
323 2782 417 2831 10.)
462 2784 556 2832 quia
586 2782 781 2828 Camari,
824 2795 895 2822 seu
928 2783 1155 2822 Novatiani
1198 2784 1238 2821 in
1281 2786 1441 2823 nomine
1476 2787 1632 2834 Patris,
1683 2793 1723 2826 et
1756 2787 1878 2832 Filii,
1921 2794 1958 2826 et

147 2839 325 2890 Spiritus
365 2840 507 2878 Sancti
547 2841 834 2891 baptizabant,
877 2841 1202 2879 Paulinianistae
1236 2853 1332 2879 vero
1374 2853 1454 2879 non
1496 2844 1607 2880 item.
1667 2846 1786 2884 Hanc
1817 2846 1961 2884 discri-

146 2899 265 2936 minis
297 2899 497 2937 rationem
528 2900 772 2950 quicumque
812 2900 1072 2946 observavit,
1112 2900 1394 2949 quaestionem
1434 2900 1485 2938 de
1526 2901 1728 2951 baptismo
1764 2905 1962 2943 Nicaenis

146 2955 371 2996 canonibus
402 2956 611 2996 definitam
645 2957 930 3009 deprehendit.
973 2959 1075 2996 Cum
1094 2969 1194 2996 vero
1228 2958 1330 2998 haec
1364 2958 1612 3000 discriminis
1643 2964 1750 3002 ratio
1777 2975 1827 3001 ex
1849 2964 1959 3014 ipso-

144 3025 232 3054 rum
270 3026 470 3054 canonum
508 3016 650 3055 verbis
691 3026 771 3055 non
810 3017 996 3056 incurrat
1027 3019 1067 3057 in
1101 3016 1263 3063 oculos;
1298 3016 1396 3055 nihil
1427 3019 1590 3065 mirum,
1635 3022 1669 3061 si
1703 3033 1780 3060 non
1808 3033 1959 3064 omnes.

147 3074 214 3124 qui
243 3074 432 3124 {egerunt
461 3075 574 3126 ipsos
605 3086 804 3122 canones,
835 3075 1016 3114 eamdem
1050 3076 1327 3125 quaestionem
1359 3076 1459 3126 ipsis
1492 3082 1716 3119 canonibus
1748 3080 1959 3121 definitam

149 3141 404 3181 cognovere:
436 3133 617 3186 nihilque
646 3136 805 3186 pariter
834 3134 1084 3180 mirandum,
1127 3135 1160 3172 si
1195 3135 1246 3174 ob
1280 3135 1458 3184 ejusdem
1491 3137 1859 3179 animadversionis
1889 3139 1958 3180 de—

149 3188 297 3228 fectum
327 3190 372 3231 S.
399 3192 579 3231 Basilius
609 3193 662 3232 ad
694 3204 782 3233 eam
815 3194 1099 3245 quaestionem
1133 3193 1406 3232 definiendam
1441 3194 1607 3245 aliquod
1640 3198 1856 3237 concilium
1890 3197 1960 3238 de—

148 3247 359 3292 siderans,
402 3251 446 3287 et:
483 3255 530 3289 ι’
551 3251 754 3291 Nicaenis
794 3253 985 3292 Patribus
1027 3251 1238 3291 definitam
1281 3263 1363 3290 non
1403 3255 1752 3303 animadvertens,
1797 3267 1959 3297 causam

148 3306 368 3346 varietatis
410 3318 460 3346 ea
505 3308 546 3347 in
578 3311 759 3362 'materia
792 3310 989 3350 'diversae
1030 3310 1276 3362 disciplinae
1324 3314 1366 3349 et
1409 3316 1676 3355 oeconomiae
1716 3315 1958 3357 vindicavit.

148 3363 304 3404 Eadem
347 3364 648 3406 animadversio
686 3370 846 3419 pariter
887 3370 991 3420 fugit
1035 3370 1079 3408 S.
1113 3370 1310 3419 Cyrilium
1341 3364 1957 3427 Hierosolymitanum*Episco>

150 3430 264 3474 pum,
305 3435 393 3463 cum
435 3424 567 3464 adhuc
607 3428 703 3475 post
748 3427 974 3468 Nicaenum
1018 3429 1231 3468 concilium
1272 3427 1440 3479 scripsit
1485 3432 1524 3471 in
1567 3435 1738 3485 prologo
1782 3435 1835 3473 ad
1867 3446 1959 3472 suas

152 3481 415 3589 gztpettgesoe:
451 3483 539 3524 Soti
571 3483 770 3525 haeretici
800 3488 1147 3540 rebaptizantur,
1188 3487 1395 3538 sae'quidem
1438 3491 1560 3541 prim
1601 3493 1711 3533 illud
1751 3504 1837 3534 non
1870 3495 1958 3532 erat

202 3568 203 3571 η
295 3551 373 3580 ma.
1748 3567 1750 3571 ,
