2314 3984
769 256 1413 316 ---a67—--

994 423 1177 494 §Nix

188 540 446 603 Effuqtum
477 537 710 585 Romen
739 538 1090 601 distinquentts
1126 539 1259 585 inter
1296 540 1479 584 seriem
1517 541 1567 582 et
1587 550 1837 598 personas
1866 536 1998 586 Pon-

612 598 805 657 tificum
833 614 1010 658 quam
1007 602 1169 645 inane
1199 605 1250 644 et
1274 611 1581 659 repugnans.

330 699 447 754 Scio
473 718 676 754 movere
701 717 902 753 errores
927 698 1212 770 quibusdam
1232 697 1556 752 Pontificibus
1582 698 1868 766 attributoS,
1895 701 2001 770 qui-

188 787 277 839 bus
302 786 602 840 Bossuetum
639 786 762 839 adeo
797 794 1073 859 permotum
1097 785 1251 838 fuisse
1288 784 1396 857 (De
1420 783 1471 839 Ἦ·
1497 784 1737 856 primatus
1763 804 1806 839 c.
1837 787 1923 839 15.
1952 807 1998 840 n.

190 873 305 946 18.)
320 874 548 939 vidimus,
574 882 629 925 ut
654 890 718 926 ne
742 891 926 939 secum,
953 881 1003 926 et
1029 890 1137 925 cum
1162 871 1427 924 traditione
1453 889 1510 924 ac
1535 871 1796 943 promissis
1812 869 2000 926 Christi

188 978 217 1011 a
243 978 298 1013 se
324 978 516 1030 quoque
541 958 727 1030 agnitis
751 958 1003 1014 videretur
1026 977 1325 1030 repugnare,
1351 957 1716 1011 distinctionem
1740 960 1886 1030 plane
1912 979 2000 1013 no-

188 1065 301 1100 vam
339 1046 620 1110 invexerit,
658 1063 757 1115 qua
781 1043 1124 1098 Romanorum
1151 1042 1448 1098 Pontificum
1486 1045 1626 1096 fidem
1660 1044 1914 1098 immotam
1951 1057 2001 1100 et

189 1131 564 1185 indefectibilem
583 1131 837 1185 dicendam
863 1148 976 1184 esse
1002 1130 1266 1184 affirmavit
1291 1131 1343 1183 in
1369 1148 1539 1184 eorum
1565 1129 1696 1182 serie
1722 1147 1781 1183 ac
1806 1149 2002 1186 succes-

187 1217 356 1282 sione,
394 1236 495 1270 non
519 1235 640 1270 vero
665 1216 717 1268 in
742 1216 952 1287 singulis
977 1214 1331 1283 PontificibuS,
1367 1235 1475 1270 cum
1514 1215 1749 1285 quosdam
1787 1234 1855 1269 ex
1881 1218 2003 1290 ipsis

187 1304 236 1356 in
263 1305 354 1357 fide
390 1304 628 1357 defecisse
666 1321 735 1356 ex
773 1304 961 1373 aliquot
997 1304 1156 1374 gestis
1190 1303 1368 1374 negari
1402 1321 1502 1355 non
1538 1320 1687 1373 posse
1714 1303 2000 1357 arbitretur.

189 1390 324 1444 Haec
348 1409 468 1444 vero
495 1390 771 1455 distinctio,
811 1408 936 1459 quae
963 1407 1029 1442 ex
1057 1389 1167 1460 ipsa
1191 1390 1417 1443 novitate
1452 1398 1679 1459 suspecta
1706 1407 1817 1443 esse
1843 1391 2003 1455 debet,

189 1497 248 1530 eo
289 1479 447 1531 solum
484 1476 689 1530 consilio
724 1475 1034 1548 potissimum
1067 1476 1294 1541 invecta,
1339 1485 1395 1527 ut
1419 1473 1629 1527 Patrum
1666 1475 2003 1542 traditionem,

189 1583 316 1633 quae
342 1563 603 1617 Romanae
639 1563 750 1616 fidei
775 1562 1243 1616 indefectibilitatem
1270 1561 1584 1634 apertissime
1619 1571 1861 1626 testatur,
1898 1582 2005 1616 cum

190 1650 518 1722 praesumptis
544 1650 862 1719 quorumdam
889 1647 1186 1701 Pontificum
1225 1649 1477 1702 erroribus
1504 1648 1813 1717 aliquatenus
1841 1650 2006 1705 conci-

192 1738 361 1801 liaret,
389 1736 584 1808 penitus
611 1736 877 1806 rejicienda
903 1735 1243 1805 cognoscitur,
1283 1753 1429 1804 quum
1454 1735 1546 1805 ipsi
1575 1735 1829 1788 traditioni
1856 1756 2006 1808 oppo-

191 1833 337 1874 natur
362 1822 783 1875 manifestissime.
820 1820 908 1872 Ex
932 1822 1200 1874 traditione
1227 1821 1357 1873 enim
1384 1822 1746 1873 concedendum
1774 1824 2006 1885 creditur,

192 1909 473 1962 Romanam
498 1910 638 1962 fidem
665 1909 916 1961 immotam
943 1918 994 1962 et
1018 1907 1397 1961 indefectibilem
1424 1925 1553 1960 esse.
1592 1905 1717 1960 Clun
1743 1927 1895 1980 porro
1924 1929 2008 1963 eo-

193 1997 298 2048 dem
326 1995 571 2048 Bossueto
600 2005 802 2048 auctore
830 1994 892 2066 (l.
925 1996 1007 2049 10.
1037 1996 1101 2047 al.
1136 1995 1218 2048 15.
1255 1993 1465 2046 Defens.
1495 2011 1538 2045 c.
1567 1992 1649 2064 5.)
1690 1998 2006 2062 concedatur,

196 2081 475 2134 Romanam
511 2082 653 2134 fidem
689 2099 790 2132 non
824 2099 936 2134 esse
974 2080 1368 2151 distinguendam
1407 2097 1436 2130 a
1474 2080 1593 2143 fide,
1633 2099 1779 2149 quam
1817 2081 2009 2135 Summi

196 2166 466 2220 Pontifices
491 2168 694 2233 docent3
720 2167 928 2220 istorum
954 2167 1094 2220 fidem
1121 2167 1173 2219 in
1200 2165 1416 2219 docendo
1444 2183 1556 2218 esse
1582 2165 1835 2219 immotum
1864 2179 1914 2222 et
1931 2169 2008 2221 in-

194 2252 516 2306 defectibilem
551 2263 628 2305 est
662 2252 852 2324 pariter
889 2253 1267 2307 concedendum.
1346 2248 1603 2318 Quomodo
1639 2263 1803 2306 autem
1839 2256 2008 2309 eadem

194 2340 312 2391 fides
338 2339 542 2391 immota
578 2348 628 2391 et
661 2338 1006 2393 indefectibilis
1041 2339 1230 2411 concipi
1267 2348 1432 2410 potest
1456 2338 1508 2390 in
1535 2338 1667 2392 serie
1693 2338 2008 2407 Pontificum,

196 2425 238 2477 si
265 2425 443 2494 aliquis
468 2424 686 2495 ipsorum
711 2422 990 2478 Ecclesiam
1017 2426 1198 2478 docens
1226 2426 1433 2478 deficere
1459 2434 1659 2495 posset,
1697 2436 1747 2478 et
1783 2446 1873 2498 pro
1901 2429 2011 2481 fidei

195 2513 423 2581 dogmate
452 2529 674 2564 errorem
708 2511 909 2564 doceret
947 2529 1004 2563 ac
1037 2510 1300 2563 definiret?
1351 2509 1537 2563 Nonne
1563 2511 1854 2580 quicumque
1879 2513 2010 2566 inter

194 2598 304 2650 illos
330 2597 585 2657 deficeret,
621 2597 680 2648 ad
713 2597 872 2668 ipsam
907 2597 1090 2650 seriem
1114 2597 1425 2667 pertineret?
1475 2595 1661 2650 Nonne
1689 2595 1921 2651 Christus
1950 2601 2009 2652 ob

197 2684 586 2736 conservandam
620 2684 862 2735 unitatem
907 2683 1018 2735 fidei
1051 2682 1321 2735 instituens
1369 2683 1714 2736 auctoritatem
1750 2684 2010 2755 primatuS‚

196 2770 289 2822 hac
338 2768 662 2834 auctoritate,
714 2787 838 2839 quae
885 2767 1004 2840 (De
1037 2768 1088 2820 vi
1122 2767 1319 2838 primat.
1345 2787 1403 2820 vc.
1445 2769 1529 2820 15.
1569 2787 1620 2820 n.
1663 2769 1788 2841 28.)
1836 2771 1888 2823 in
1923 2773 2011 2824 ali-

197 2856 370 2925 quibus
419 2855 678 2920 deficeret,
739 2855 901 2907 minus
953 2872 1172 2923 congrue
1223 2853 1378 2906 eidem
1442 2854 1623 2907 unitati
1672 2855 2010 2925 providisset?

197 2941 374 3011 Neque
412 2942 545 2994 dicas
584 2941 674 2993 hoc
711 2959 829 2993 casu
865 2940 1147 2993 Romanam
1186 2939 1326 2992 fidem
1365 2939 1614 2992 immotam
1654 2940 1809 2993 adhuc
1847 2953 1897 2995 et
1934 2944 2010 2995 in-

197 3027 518 3080 defectibilem
568 3029 703 3092 fore,
755 3027 1031 3096 unitatique
1077 3025 1201 3080 satis
1246 3026 1523 3096 provisum,
1576 3026 1689 3096 quia
1739 3026 2009 3093 Pontifex,

199 3113 281 3182 qui
326 3114 538 3178 erravit,
587 3114 665 3168 vel
712 3131 801 3184 per
838 3132 892 3167 36
930 3131 1152 3166 errorem
1193 3111 1413 3182 corriget
1449 3113 1530 3164 vel
1573 3130 1603 3164 a
1641 3117 2010 3167 successoribus

200 3217 342 3251 error
388 3199 690 3270 corrigetur:
741 3199 909 3270 sicque
958 3197 1303 3252 indefectibilis
1353 3216 1548 3269 semper
1585 3199 1682 3251 erit
1724 3218 1847 3254 vera
1891 3201 2010 3255 fides

199 3287 251 3336 in
289 3285 394 3356 ipsa
428 3284 587 3350 serie,
638 3286 681 3338 si
715 3305 815 3340 non
860 3286 1094 3358 physice,
1142 3293 1277 3336 certe
1314 3284 1596 3349 moraliter3
1645 3303 1771 3356 quae
1807 3289 2011 3341 moralis

202 3475 346 3525 quibus
376 3486 459 3514 non
490 3476 551 3514 ita
581 3474 754 3514 debetur
785 3475 921 3515 unitas
954 3474 1009 3512 uti
1042 3471 1348 3512 definitionibus
1375 3471 1493 3518 fidei:
1529 3474 1660 3513 omnis
1677 3475 1899 3516 difficultas
1918 3489 2010 3527 [ιγ-ο

199 3535 311 3573 tinus
341 3538 575 3576 evanescet.
