2314 3984
754 239 1399 299 -231—

170 418 322 469 sodes
345 412 662 482 Apostolioa
683 414 912 473 maxime
939 418 1113 472 cavet,
1138 417 1198 463 ut
1220 411 1348 479 quia
1369 407 1758 461 mundo-radix
1781 413 1862 459 ert
1883 405 1980 476 (id-

170 508 246 554 est
269 507 491 552 centrum
526 497 732 550 unitatis
757 496 896 568 fidei)
937 496 1190 566 Apostoli>
1212 497 1459 565 yloriosa
1493 496 1789 562 confessio,
1825 494 1979 545 nulla

169 589 303 638 rima
322 587 635 654 pravitatis,
659 586 811 636 nulla
827 601 1057 652 prorsus
1082 584 1397 650 contagione
1420 582 1728 634 maculetur.
1769 579 1911 632 Nam
1935 583 1982 632 si

168 674 335 741 (quod
356 672 505 722 Deus
532 677 764 734 avertat,
792 672 939 739 quod
956 672 1079 739 fieri
1099 687 1207 720 non
1227 686 1388 735 posse
1411 669 1741 737 confidimus)
1763 668 1864 719 tali
1887 667 1981 718 ali-

170 760 300 827 quid
316 759 650 825 proveniret3
684 757 826 808 unde
865 759 1108 824 cuiquam
1142 757 1389 806 resistere
1426 755 1738 806 auderemus
1777 756 1986 806 errori?

171 846 255 895 vel
277 846 415 896 unde
441 845 822 895 correctionem
847 842 1143 894 errantibus
1163 842 1541 909 posceremus?
1584 837 1771 892 Nonne
1794 839 1981 898 verbiS,

171 933 314 999 quod
344 933 466 998 fieri
500 948 606 980 non
633 946 795 996 posse
808 925 863 997 *)
898 928 1236 998 confidimus,
1281 924 1752 978 indefectibilitatem
1792 925 1845 978 in
1887 925 1981 978 fide

174 1014 500 1068 certissimam
525 1012 794 1085 praetulit?

313 1099 490 1169 Neque
515 1099 636 1152 haec
660 1107 898 1151 constans
923 1098 1126 1150 traditio
1164 1096 1352 1151 excidit
1387 1096 1476 1148 sub
1509 1094 1779 1148 Hormisda
1802 1094 1982 1149 Ponti-

170 1186 277 1250 fice‚
304 1185 479 1256 quippe
504 1185 586 1254 qui
613 1203 723 1238 eam
747 1185 1107 1256 professionem
1134 1185 1194 1236 ab
1215 1182 1554 1235 Orientalibus
1580 1182 1982 1235 subscribendam

173 1271 416 1324 direxerit
432 1310 446 1335 ‚
473 1271 523 1322 in
550 1290 647 1341 qua
669 1271 718 1323 id
743 1280 914 1342 aperte
949 1271 1192 1324 asseritur
1230 1279 1280 1323 et
1318 1270 1379 1321 ad
1406 1267 1597 1322 Christi
1634 1269 1879 1340 promissa
1905 1288 1985 1323 re-

174 1360 348 1409 fertur.
404 1359 591 1409 Prima
627 1360 771 1410 salus
809 1366 886 1409 est
921 1366 1097 1409 rectae
1130 1359 1260 1426 fi'dei
1295 1358 1536 1424 reyulam
1570 1359 1836 1407 custodire
1876 1364 1925 1407 et
1951 1377 1984 1408 a

180 1445 402 1494 Patrum
424 1446 711 1494 traditione
737 1462 842 1494 non
868 1445 1099 1494 deviare.
1161 1443 1299 1501 Quia
1323 1460 1428 1492 non
1450 1447 1629 1508 potest
1651 1443 1873 1493 Domini
1894 1462 1984 1494 no-

177 1533 276 1580 stri
288 1531 416 1581 Jesu
444 1530 642 1581 Christi
658 1532 1020 1597 praetermitti
1044 1531 1300 1580 sententia
1319 1530 1560 1588 dicentis,
1588 1526 1671 1579 Tu
1696 1545 1751 1580 es
1779 1525 1984 1592 Petrus,

178 1624 227 1667 et
251 1633 398 1685 super
422 1614 547 1666 hanc
571 1624 761 1686 petram
787 1614 1048 1667 aedificabo
1086 1612 1364 1667 Ecclesiam
1389 1632 1564 1666 meam.
1630 1615 1810 1676 Haec,
1849 1635 1985 1684 quae

177 1703 319 1751 dicta
343 1707 490 1760 sunt,
514 1720 690 1753 rerum
710 1702 1010 1768 probantur
1037 1701 1303 1770 effectibus
1320 1738 1334 1764 ‚
1372 1703 1498 1769 quia
1523 1704 1578 1751 in
1613 1703 1736 1753 sede
1761 1699 1986 1770 Aposto-

178 1788 282 1836 lica
307 1788 624 1839 inviolabilis
649 1806 854 1855 semper
880 1787 1146 1838 catholica
1165 1794 1406 1838 servatur
1425 1787 1630 1854 reliyio.
1656 1784 1794 1839 Haec
1820 1796 1985 1839 autem

176 1871 282 1940 ipsa
306 1871 548 1941 professio
589 1890 620 1923 a
645 1871 833 1924 cunctis
860 1870 1084 1924 Orientis
1122 1870 1382 1943 Episcopis
1408 1871 1725 1942 subsignata,
1765 1882 1814 1924 et
1841 1891 1870 1924 a
1896 1871 1987 1926 Ju-

177 1957 390 2010 stiniano
419 1958 566 2011 etiam
591 1955 895 2028 Imperatore
921 1958 983 2009 ad
1007 1959 1291 2029 Agapetum
1317 1957 1470 2009 missa
1486 1997 1499 2021 ‚
1537 1976 1630 2011 nec
1654 1976 1756 2010 non
1781 1959 1985 2012 totidem

176 2045 339 2096 verbis
367 2061 611 2115 expressa
636 2053 685 2096 et-
711 2054 910 2115 recepta
944 2045 1125 2113 legitur
1161 2045 1211 2096 in
1239 2043 1446 2097 concilio
1473 2045 1699 2114 generali
1725 2044 1857 2099 VIII.
1875 2085 1888 2110 ,
1929 2054 1988 2099 ut

177 2138 370 2182 certum
392 2134 461 2182 sit
485 2129 625 2200 (utar
635 2129 871 2182 Bossueti
891 2130 1057 2182 verbis
1082 2131 1162 2182 lib.
1181 2131 1265 2183 10.
1294 2130 1356 2181 al.
1377 2132 1460 2183 15.
1475 2129 1683 2183 Defens.
1697 2150 1738 2183 c.
1754 2131 1834 2202 7.)
1851 2134 1988 2184 hanc

172 2219 460 2283 formulam
485 2221 537 2267 in
563 2224 674 2268 tota
700 2218 943 2268 Ecclesia
968 2216 1234 2268 catholica
1259 2219 1680 2284 comprobatam,
1707 2237 1987 2287 omnesque

180 2304 447 2355 Ecclesias
483 2303 784 2371 subsiynata
815 2303 1056 2370 formula
1083 2306 1366 2370 professas
1395 2344 1566 2356 .....
1594 2306 1733 2355 sedis
1760 2301 1988 2372 Aposto-

180 2391 313 2440 licae
335 2395 386 2440 et
396 2390 667 2441 Ecclesiae
682 2389 955 2440 Romanae
974 2391 1135 2458 fidem
1158 2392 1366 2458 integra
1385 2397 1436 2442 et
1445 2395 1695 2458 perfecta
1719 2393 1988 2443 soliditate

178 2482 450 2534 constare,
476 2494 540 2526 ac
564 2494 629 2526 ne
654 2493 899 2543 umquam
923 2477 1163 2543 deficiat,
1208 2477 1357 2527 CER
1370 2475 1460 2525 TA
1487 2477 1707 2527 Domini
1736 2478 1986 2528 POLLI-

187 2560 601 2612 CITATIONE
630 2565 905 2629 firmatam.
955 2559 1092 2612 Illam
1131 2560 1284 2630 igitur
1318 2561 1737 2632 propositionem,
1778 2565 1838 2614 In
1865 2567 1987 2616 sede

183 2644 491 2712 Apostolica
517 2648 835 2698 inviolabilis
861 2666 1065 2714 semper
1091 2649 1357 2700 catholica
1385 2656 1624 2700 servatur
1651 2651 1872 2718 reliyio,
1911 2650 1987 2701 in-

299 2804 338 2856 ⁸)
368 2807 487 2845 Hunc
518 2806 675 2845 Gelasii
709 2810 867 2844 textum
901 2807 1127 2844 Bossuetus
1160 2807 1231 2844 lib.
1266 2808 1335 2847 10.
1370 2808 1421 2844 al.
1457 2809 1526 2847 15.
1573 2808 1845 2858 Defensionis
1876 2825 1912 2850 c.
1946 2814 1987 2853 9.

185 2869 290 2915 part.
322 2866 365 2903 2.
397 2877 491 2915 pag.
527 2866 626 2903 199.
659 2864 825 2903 eludere
858 2864 1006 2902 nititur
1038 2865 1245 2904 affirmans
1292 2866 1457 2904 verbum
1489 2865 1740 2915 confidimus
1771 2869 1988 2921 designare

185 2924 345 2974 quidem
373 2925 491 2974 pium
523 2927 684 2972 votum,
716 2923 832 2974 piam
851 2920 1088 2971 fiduciam,
1123 2935 1173 2962 ne
1203 2924 1358 2974 aliquid
1389 2925 1472 2963 tale
1503 2927 1742 2977 contingat,
1776 2941 1855 2967 non
1889 2942 1987 2969 vero

184 2983 482 3022 certitudinem.
543 2984 641 3022 Cum
674 2984 717 3021 S.
751 2982 900 3022 Paulus
930 2983 1094 3034 scripsit
1126 2983 1167 3021 1.
1199 2984 1295 3022 Cor.
1329 2986 1427 3022 c.7.
1493 2983 1599 3025 Puto
1631 2990 1768 3026 aurem
1803 2989 1914 3039 quod
1946 2993 1987 3029 et

186 3054 259 3087 ago
291 3043 491 3092 spiritum
509 3040 589 3080 Dei
620 3041 822 3081 habeam.-
854 3053 947 3080 num
980 3054 1030 3080 ex
1061 3042 1187 3081 verbo
1221 3046 1324 3092 puto
1359 3044 1590 3094 opinionem
1622 3049 1780 3085 tantum
1813 3051 1854 3086 et
1884 3047 1988 3087 fidu-

186 3101 301 3146 ciam,
335 3112 415 3140 non
445 3104 581 3140 autem
613 3101 902 3140 certitudinem
944 3101 1074 3141 divini
1115 3102 1296 3152 Spiritus
1339 3103 1379 3140 in
1411 3103 1537 3141 Paulo
1570 3104 1775 3154 loquentis
1805 3108 1988 3147 scriben-

185 3160 318 3208 tisque
350 3161 546 3209 quispiam
576 3160 773 3210 colliget?
806 3160 1013 3200 Gelasium
1047 3173 1144 3199 vero
1178 3173 1227 3199 ea
1259 3161 1310 3199 de
1342 3173 1386 3200 rc
1402 3173 1541 3201 veram
1574 3165 1861 3205 certitudinem
1893 3180 1986 3217 ges·

187 3218 288 3255 sisse
321 3218 408 3267 quis
440 3218 612 3259 dubitet.
643 3231 731 3258 cum
763 3218 1162 3258 indefectibilitatem
1193 3220 1404 3258 Romanae
1436 3221 1546 3259 sedis
1578 3226 1620 3261 et
1654 3224 1987 3265 PontificumRo-

187 3287 392 3314 manorum
423 3276 462 3314 in
493 3276 573 3315 fide
605 3277 759 3316 duabus
790 3278 941 3316 Christi
975 3279 1313 3329 promissionibus
1347 3280 1526 3318 innixam
1558 3282 1778 3323 tradiderit
1824 3286 1915 3324 aliis
1950 3288 1987 3324 in

183 3335 369 3385 epistolis
401 3347 501 3384 quas
531 3340 626 3374 ante
655 3337 959 3376 memoravimus
990 3350 1030 3376 n.
1063 3339 1105 3376 6.
1139 3341 1179 3375 et
1215 3339 1282 3378 10.
1344 3339 1578 3380 Cavendum
1608 3342 1761 3393 itaque,
1797 3356 1846 3383 ne
1879 3346 1986 3384 aliae

186 3394 336 3432 similes
368 3395 428 3432 vel
464 3394 584 3433 etiam
611 3395 906 3437 moderatiores
922 3397 1093 3436 aliorum
1126 3397 1367 3436 Pontificum
1401 3398 1451 3436 de
1485 3411 1533 3437 eo
1566 3402 1782 3453 privilegio
1815 3404 1987 3455 loquen-

186 3452 509 3494 tiumformulae.
543 3465 643 3503 quae
673 3463 695 3491 a
722 3453 920 3494 modestia
951 3455 1279 3506 proficiscuntur.
1314 3457 1352 3494 in
1372 3463 1650 3508 argumentum
1684 3462 1988 3502 incertitudinis

187 3511 496 3551 transferantur.
