2320 3990
701 206 1304 265 *71*-

97 394 209 434 nem
233 374 419 430 exinde
440 373 712 430 elidendum
737 372 1040 428 confidimus·
1091 370 1187 443 Eja
1210 371 1366 444 igitur
1392 369 1602 430 Petrum
1626 370 1914 428 testimonia

95 464 431 535 proferantur.

237 549 287 600 5.
327 546 600 600 Audiamus
626 546 783 617 primo
815 546 905 598 hac
930 546 982 597 in
1009 563 1065 597 re
1089 544 1415 598 disserentem
1442 540 1499 596 S.
1527 541 1773 599 Hilarium
1798 539 1911 613 (lib.

95 635 146 687 6.
174 635 235 688 de
261 632 409 689 Trin.
438 651 488 685 n.
517 632 604 686 36.
632 642 683 685 et
708 631 848 703 37.)‚
876 631 961 700 qui
985 627 1043 686 S.
1070 627 1216 684 Petri
1241 629 1408 690 fidem,
1433 646 1523 682 seu
1549 628 1914 688 confessionem

96 720 206 776 fidei
230 720 433 775 laudans
450 760 464 783 ,
507 720 683 786 Super
721 718 859 774 lianc
895 719 1057 786 ἐρίων
1090 719 1442 784 confessionis
1459 722 1703 783 petram,
1738 714 1914 784 inquit,

98 807 374 861 Ecclesiae
412 807 715 875 aedificatio
750 811 830 858 esi
855 842 867 854 .
898 842 911 854 .
944 842 956 853 .
987 841 999 853 .
1054 802 1209 855 Haec
1243 805 1378 872 fides
1406 801 1683 858 Ecclesiae
1715 804 1914 870 funda-

100 900 321 946 mentum
348 899 440 944 est.
492 888 562 942 Et
586 889 683 941 alio
709 889 817 942 loco
843 887 957 959 (lib.
988 887 1035 941 l.
1065 888 1126 941 de
1152 887 1302 940 Trin.
1331 906 1382 940 n.
1411 887 1560 955 ⁶280:
1602 888 1762 943 Felix
1785 889 1917 957 fidei

91 986 251 1049 petra
280 980 434 1033 Petri
458 997 550 1031 ore
574 979 839 1044 confesw.

236 1065 289 1118 6.
328 1062 385 1117 S.
428 1061 702 1133 Gregorius
751 1059 1022 1133 Nyssenus
1070 1063 1137 1119 de
1184 1061 1442 1114 Trinitate
1481 1078 1589 1131 cap.
1629 1059 1801 1112 ultimo
1837 1061 1914 1112 in-

96 1151 307 1220 scripto:
354 1149 423 1202 Ut
438 1157 600 1217 petra
625 1151 761 1200 vitae
796 1148 1036 1201 Christus
1074 1151 1128 1199 in
1155 1151 1347 1200 divinis
1379 1148 1677 1216 Scripturis
1695 1148 1914 1214 praedi-

94 1243 271 1296 catur,
319 1234 415 1287 ait:
471 1235 640 1289 Petra
676 1253 802 1287 vero
837 1237 968 1304 fidei
1004 1242 1270 1304 iainquam
1301 1237 1738 1303 fundamentum,
1788 1236 1916 1301 quia

93 1325 206 1390 ipse
234 1322 494 1375 Dominus
522 1325 596 1374 ait
622 1323 697 1373 ad
724 1321 1035 1389 Principem
1062 1319 1469 1389 Apostolorum:
1517 1319 1602 1371 Tu
1628 1336 1682 1371 es
1710 1316 1913 1383 Petrus,

95 1416 145 1459 et
170 1425 318 1478 super
342 1406 466 1458 hanc
493 1415 685 1476 petram
714 1406 980 1459 aedificabo
1005 1404 1282 1459 Ecclesium
1309 1424 1493 1469 meam,
1521 1425 1683 1473 super
1709 1409 1913 1472 confes-

0 1530 1 1545 *
94 1496 292 1544 sionem
328 1494 574 1545 videlicet
608 1493 832 1554 Christi,
872 1496 998 1564 quia
1033 1495 1275 1544 dixerat.-
1316 1490 1399 1543 Tu
1436 1509 1490 1544 es
1518 1488 1751 1545 Christus
1788 1490 1914 1547 filius

95 1576 191 1630 Dei
217 1578 334 1633 vivi.
386 1576 524 1631 Haec
550 1577 640 1629 fuit
666 1578 858 1647 quidem
886 1578 1132 1635 confessio
1161 1575 1376 1642 Christi,
1406 1578 1490 1630 sed
1519 1578 1648 1630 edita
1679 1598 1708 1631 a
1735 1577 1910 1631 Petr0.

237 1664 286 1717 7.
326 1660 504 1731 Neque
530 1662 673 1714 aliter
697 1660 753 1714 S.
783 1662 1085 1715 Ambrosius
1112 1665 1199 1717 De
1226 1668 1598 1719 incarnatione
1625 1683 1668 1717 c.
1698 1666 1728 1715 5
1757 1664 1911 1716 1134.

93 1750 251 1802 Fides
290 1768 416 1818 erqo
452 1755 530 1802 est
555 1749 829 1801 Ecclesiae
861 1752 1271 1817 fundamentum
1283 1769 1298 1810 ‚·
1336 1768 1441 1801 non
1484 1754 1620 1801 enim
1658 1753 1723 1802 de
1751 1769 1913 1806 carue

97 1835 269 1895 Petri,
292 1837 387 1886 secl
411 1837 476 1886 de
498 1836 606 1903 fide
634 1836 831 1886 dictum
857 1842 950 1895 est,
975 1839 1099 1904 quia
1118 1843 1316 1903 portae
1344 1840 1527 1888 mortis
1555 1840 1604 1888 ei
1628 1856 1733 1888 non
1753 1856 1912 1905 prae-

92 1922 362 1982 valebunt3
399 1919 481 1972 ubi
507 1919 711 1990 respicit
745 1919 862 1977 illud
896 1919 1280 1992 Evaiigelicuniz
1326 1923 1503 1990 Super
1542 1923 1681 1976 lianc
1699 1930 1913 1991 petram

94 2008 384 2076 aedificabo
424 2008 722 2062 Ecclesiam
755 2026 950 2069 meam,
988 2016 1041 2061 et
1068 2017 1265 2083 portae
1303 2012 1470 2077 ‘inferi
1505 2029 1611 2062 non
1631 2012 1911 2078 praevale-

93 2095 219 2145 bunt
242 2096 493 2145 adversus
522 2112 653 2144 eam.

236 2178 288 2231 8.
327 2178 408 2229 Ab
422 2178 690 2230 Ambrosio
719 2196 818 2230 non
839 2178 1150 2249 disjungendi
1177 2179 1269 2233 duo
1298 2180 1487 2248 antiqui
1514 2190 1761 2243 auctoreS‚
1790 2197 1910 2247 quo-

93 2283 198 2317 rum
225 2283 376 2336 opero
412 2264 500 2316 sub
542 2263 670 2315 illius
707 2264 908 2317 nomine
934 2264 1179 2334 quondam
1206 2265 1446 2335 inscripta
1471 2267 1669 2317 fuerunt
1697 2263 1776 2335 (in
1804 2265 1912 2335 Ap-

91 2350 234 2422 pend.
262 2348 547 2420 Ambros.).
599 2348 794 2403 Auctor
830 2350 1296 2404 commentariorum
1333 2351 1382 2404 iu
1422 2352 1659 2422 epistolas
1687 2350 1832 2403 Pauli
1858 2351 1908 2403 iu

91 2454 197 2507 cap.
227 2437 276 2491 ἱ).
305 2436 365 2487 ad
389 2433 636 2507 Ephesios
661 2455 710 2490 v.
739 2436 827 2489 20.
880 2438 1045 2489 Dixit
1068 2439 1331 2490 Dominus
1359 2441 1434 2490 cul
1464 2439 1710 2494 Petrum.-
1748 2436 1910 2508 Super

90 2522 236 2574 istam
263 2531 455 2593 petram
482 2522 744 2579 aedificabo
771 2522 1048 2577 Ecclesiam
1074 2541 1232 2576 meam
1250 2562 1263 2587 ‚
1293 2525 1394 2575 hoc
1421 2531 1496 2576 est
1523 2528 1575 2576 in
1604 2526 1706 2577 leac
1732 2525 1889 2577 cutlzo

93 2610 227 2660 licae
249 2611 380 2677 fidei
403 2613 738 2677 confessione
765 2618 990 2667 statuam
1015 2612 1203 2680 fideles
1231 2613 1305 2662 acl
1329 2615 1502 2664 vitam.

231 2693 285 2745 9.
324 2694 519 2747 Auctor
543 2695 663 2753 item
689 2697 934 2750 sermonis
970 2701 1025 2748 in
1053 2696 1244 2749 Natali
1270 2696 1650 2765 Apostolorum
1679 2698 1835 2750 Petri
1862 2706 1911 2750 ct

98 2779 290 2839 Pauci,
329 2779 410 2847 qui
445 2781 541 2833 etsi
567 2780 855 2850 Augustino
894 2782 1012 2836 item
1049 2781 1291 2844 tributus,
1330 2782 1604 2838 Ambrosio
1631 2791 1797 2838 tamen
1823 2801 1910 2837 ve·

91 2864 194 2916 rius
221 2864 507 2918 tribuendus
534 2885 563 2918 a
590 2865 830 2919 Patribus
856 2864 1192 2921 Benedictinis
1218 2866 1434 2918 creditur
1462 2864 1518 2918 S.
1538 2865 1745 2919 Petrum
1774 2868 1909 2940 (Ap-

91 2951 234 3021 pend.
272 2951 408 3021 Aug.
438 2969 538 3004 ser.
568 2952 722 3022 201.)
762 2957 815 3004 iu
843 2955 1087 3009 Ecclesia
1109 2954 1240 3021 fidei
1258 2955 1608 3020 fundamenta
1635 2960 1908 3008 continere

88 3037 265 3090 tradit:
294 3038 421 3106 quod
447 3037 573 3095 idem
599 3049 677 3099 est
704 3057 760 3092 ac
787 3039 931 3092 fateri
960 3057 1066 3091 eum
1096 3056 1184 3091 sua
1205 3038 1296 3090 fide
1310 3036 1567 3095 Ecclesiae
1594 3042 1909 3099 fundamenta

80 3122 280 3191 jecisse.
846 3187 856 3204 ·

238 3209 320 3261 10.
360 3207 415 3265 S.
443 3208 747 3282 Epiphanius
787 3210 981 3264 haeresi
1008 3211 1094 3262 59.
1137 3229 1185 3262 n.
1217 3212 1266 3264 7.
1324 3212 1587 3280 Princeps
1627 3211 1907 3280 Apostolo-

90 3314 204 3346 rum
234 3295 428 3350 Petrus
458 3335 469 3347 .
501 3335 514 3348 .
545 3337 557 3348 .
598 3301 690 3367 qui
715 3301 925 3367 quidem
950 3298 1156 3350 solidae
1174 3305 1369 3366 petrae
1404 3301 1572 3355 instar
1599 3301 1758 3365 nobis⁸
1776 3306 1905 3358 exti-

90 3383 173 3439 tit,
199 3384 288 3436 cui
312 3384 454 3438 velut
471 3384 821 3449 furiolamento
846 3385 1070 3436 Domini
1090 3385 1223 3453 fides
1251 3386 1523 3446 innititur,
1555 3405 1723 3455 supra
1749 3407 1903 3456 quam

95 3465 333 3523 Ecclesia
374 3471 539 3524 modis
580 3470 813 3528 omnibus
852 3473 1133 3539 aedificata
1176 3477 1266 3522 est.
1347 3471 1405 3525 1η
1451 3475 1644 3540 primis
1693 3476 1902 3542 quidem
