2320 3990
720 190 1325 247 ,-..-.69..--.

118 376 197 418 tas
218 361 479 416 Ecclesiae
503 360 685 432 potior.
735 357 875 412 Haec
902 378 971 412 ex
997 359 1311 431 praestitutis
1337 367 1492 412 certa.
1518 355 1599 410 -ln
1625 357 1936 428 explicandis

118 445 620 520 igitur‘Evangelicis
645 445 974 511 testimoniiS‚
1011 445 1187 517 quibus
1212 443 1270 499 S.
1299 443 1444 498 Petri
1482 443 1724 516 primatus
1747 442 1801 495 in
1827 461 1937 497 suc-

117 553 346 589 cessores
373 536 479 606 ej'us
503 532 762 585 traductus
787 532 1047 597 innititur,
1087 532 1149 584 ea
1181 531 1559 603 interpretatio,
1598 548 1727 600 quae
1750 529 1938 582 utrius-

117 641 211 692 que
237 621 443 674 unitatis
479 620 531 672 in
569 629 679 671 tota
703 617 934 673 Ecclesia
969 616 1303 672 continendae
1327 635 1388 670 ac
1411 617 1738 671 vindicandae
1762 615 1862 674 vim
1888 626 1939 670 et

117 709 399 761 facultatem
429 715 787 777 congruentem
811 702 870 758 S.
897 703 1056 758 Petro
1093 702 1326 756 traditam
1365 701 1633 767 exhibeat,
1673 721 1774 755 non
1809 703 1940 756 arbi-

118 795 301 859 traria,
338 812 427 846 nec
455 794 704 858 violenta,
739 791 915 846 aliisve
941 789 1239 854 communiS‚
1281 789 1369 842 sed
1392 788 1595 860 propria
1621 798 1672 842 et
1697 807 1939 860 persona-

121 882 179 934 lis
217 881 370 934 solius
410 880 637 952 primatis
676 876 903 931 habenda
942 875 1065 940 erit,
1112 893 1240 945 quae
1277 874 1531 946 propriiun
1579 894 1636 929 ac
1674 876 1938 947 personale

118 968 359 1039 primatus
376 969 461 1038 jus
487 963 773 1019 declarabit.
810 960 864 1014 Id
889 961 1085 1032 quidem
1110 961 1230 1013 illud
1257 970 1353 1025 est,
1381 962 1511 1030 quod
1538 962 1630 1015 hoc
1656 963 1818 1034 capite
1846 980 1939 1015 ex-

116 1054 395 1123 plicandum
422 1062 474 1105 et
498 1049 894 1104 constituendum
918 1048 1036 1101 mihi
1062 1067 1231 1101 sumoe
1270 1047 1397 1117 quod
1433 1047 1477 1100 si
1504 1066 1572 1100 ex
1601 1067 1760 1117 aequo
1788 1051 1939 1102 conli-

116 1139 268 1203 ciam,
307 1148 357 1192 et
392 1138 436 1190 si
459 1145 724 1208 praeterea
759 1135 968 1207 idipsum
1005 1135 1165 1204 quoad
1201 1134 1530 1187 substantiam
1569 1135 1828 1187 traditioni
1854 1154 1938 1206 ap-

116 1225 272 1296 prime
298 1241 570 1277 consonum
596 1241 666 1276 ex
691 1221 909 1276 dicendis
936 1222 1164 1291 sequenti
1190 1221 1354 1293 capite
1380 1220 1689 1287 invenietur3
1731 1221 1852 1273 nihil
1879 1223 1936 1274 ad

116 1312 428 1365 statuendam
478 1327 648 1364 veram
698 1309 941 1379 primatus
991 1309 1090 1363 vim
1143 1318 1292 1378 atque
1343 1308 1588 1360 rationem
1606 1349 1619 1373 ,
1671 1327 1938 1377 veramque

116 1396 532 1467 Evangelicorum
581 1396 978 1449 testimoniorum
1025 1395 1323 1448 sententiam
1372 1395 1698 1465 detegendam
1748 1394 1937 1447 deside-

116 1484 323 1537 rabitur.

957 1601 1003 1666 ἕ.
1050 1599 1096 1650 1.

117 1700 197 1740 Illa
231 1700 392 1741 Christi
435 1701 561 1740 verba
595 1699 808 1740 Matthaei
851 1714 888 1740 c.
923 1702 993 1743 16.
1040 1713 1078 1740 v.
1115 1701 1183 1739 18.
1246 1701 1307 1739 'ru
1343 1714 1386 1740 es
1419 1702 1568 1740 Petrus
1603 1706 1644 1740 ct
1675 1714 1798 1752 super
1831 1702 1937 1741 hanc.

114 1763 271 1810 petram
314 1758 544 1798 aedificabo
590 1760 821 1799 Ecclesiam
862 1772 991 1799 meam
1023 1763 1106 1799 etc.
1148 1761 1444 1800 necessitatem
1484 1760 1668 1800 unitatis
1700 1759 1809 1810 fidei
1840 1773 1935 1802 cum

103 1817 194 1868 fide
228 1820 273 1859 S.
307 1818 424 1858 Petri
455 1831 506 1859 ac
536 1830 822 1859 successorum
855 1818 946 1867 ejus
979 1820 1271 1860 Romanorum
1303 1818 1560 1869 Pontificmn
1590 1820 1936 1870 manifestissime

917 1879 1128 1920 evincunt.

253 1993 304 2046 3.
346 1991 441 2045 Hic.
476 1991 810 2064 Evangelicus
858 2005 1030 2049 textus
1077 2005 1320 2066 quatenus
1358 1996 1711 2049 necessitatem
1759 1997 1935 2067 exigat

116 2079 322 2130 unitatis
350 2079 707 2132 communionis
735 2100 842 2133 cum
868 2079 1097 2134 S.Petr0
1125 2090 1175 2134 et
1201 2080 1446 2135 Romanis
1475 2080 1802 2135 Pontificibus
1831 2087 1936 2154 ejus

112 2164 480 2217 successoribus
496 2203 509 2228 ,
535 2164 744 2218 vidimus
771 2166 931 2237 capite
956 2167 1275 2236 praecedenti
1301 2187 1432 2219 num.
1462 2170 1512 2219 ⁶2.
1542 2178 1592 2220 et
1619 2187 1756 2237 seqq.
1800 2166 1935 2235 Qua—

115 2260 259 2304 tenus
285 2269 406 2304 vero
433 2250 672 2303 unitatem
709 2252 1020 2322 potissimum
1057 2253 1167 2305 fidei
1204 2271 1311 2306 cum
1338 2253 1557 2324 ipsorum
1583 2254 1676 2307 fide
1694 2255 1807 2324 jure
1835 2255 1935 2326 pri-

113 2340 272 2389 matus
312 2334 496 2388 tradita
531 2337 730 2389 omnino
767 2339 1104 2392 necessariam
1130 2340 1336 2410 probet,
1373 2359 1502 2393 nunc
1538 2340 1935 2394 constituendum

112 2433 206 2475 est.
259 2421 403 2475 Hunc
430 2431 626 2475 textum
652 2424 863 2495 exigere
889 2425 1121 2478 unionem
1146 2424 1405 2480 Ecclesiae
1442 2445 1551 2479 cum
1577 2436 1747 2497 petra,
1786 2445 1935 2498 supra

112 2528 257 2578 quam
285 2505 486 2562 Christo
513 2509 805 2564 instituente
831 2511 939 2583 ipsa
963 2509 1195 2565 Ecclesia
1229 2512 1487 2565 aedificata
1519 2523 1625 2577 est,
1660 2531 1805 2565 nemo
1843 2513 1935 2565 ibit

111 2596 328 2648 inficias:
356 2595 626 2648 aedificium
653 2597 784 2649 enim
810 2598 882 2650 illi
908 2608 1108 2670 petrae,
1137 2617 1226 2652 seu
1252 2600 1599 2664 fundamento,
1629 2618 1780 2672 supra
1806 2602 1934 2670 quod

116 2691 452 2733 constructum
491 2692 591 2746 est,
628 2683 914 2737 necessario
950 2686 1096 2738 debet
1130 2686 1416 2739 incumbere
1455 2697 1505 2738 et
1541 2687 1829 2740 adhaerere.
1883 2687 1934 2739 ld

115 2768 175 2818 ab
203 2767 428 2818 omnibus
451 2766 710 2821 Romanae
737 2780 788 2821 et
814 2770 1085 2823 catholicae
1112 2771 1472 2823 communionis
1493 2773 1774 2826 hominibus
1795 2784 1933 2826 certo

113 2863 162 2904 et
201 2862 493 2905 constanter
529 2854 751 2922 agnitum
788 2856 973 2907 fatetur
1011 2855 1161 2908 ctiam
1200 2855 1273 2905 M.
1313 2854 1568 2907 Antonius
1605 2858 1664 2910 de
1702 2858 1932 2913 Dominis

111 2939 193 2991 lib.
220 2939 273 2990 6.
305 2939 364 2992 de
390 2938 518 3009 Rep.
547 2937 743 2992 Eccles.
774 2959 817 2993 c.
845 2942 897 2994 6.
926 2941 1009 2991 ubi
1035 2940 1130 2992 etsi
1158 2941 1307 2993 hocce
1334 2941 1669 2995 testimonium
1694 2942 1931 3016 Evange-

113 3024 257 3076 licum
295 3023 526 3095 primatui
567 3036 774 3079 conetur
810 3027 1034 3098 eripercg
1075 3046 1143 3079 ex
1182 3027 1327 3081 obvio
1367 3038 1531 3082 tamen
1571 3049 1748 3095 sensu,
1785 3042 1928 3084 etex

114 3109 322 3163 aedificii
347 3110 663 3165 similitudine
690 3112 948 3166 Romanos
984 3123 1038 3166 et
1074 3132 1128 3165 se
1164 3133 1355 3183 quoque
1394 3133 1501 3167 cum
1538 3116 1657 3187 ipsis
1694 3136 1929 3170 necessa-

114 3195 234 3247 riam
262 3196 413 3248 totius
438 3194 696 3251 Ecclesiae
723 3198 952 3252 unionem
980 3218 1087 3252 cum
1114 3218 1172 3252 eo
1199 3201 1516 3254 fundamento
1543 3202 1615 3255 sic
1638 3204 1929 3274 profitentes

112 3282 298 3335 inducit
336 3301 451 3334 num
478 3284 527 3335 ⁶2.
584 3286 692 3337 Hic
711 3291 833 3357 jum
869 3305 965 3338 nos
1007 3286 1239 3338 Romam·
1275 3290 1460 3340 sistere
1485 3291 1755 3353 solemus„
1776 3299 1828 3343 ct
1851 3293 1925 3343 di-

112 3388 247 3429 cere,
278 3370 496 3421 Petrum
525 3391 556 3420 α
583 3371 816 3445 Domino
843 3375 1118 3442 designari
1136 3392 1243 3440 pro
1265 3376 1615 3440 fanda-mento
1643 3380 1801 3429 totius
1831 3379 1927 3429 Ee·

111 3456 332 3517 etesiae,
373 3476 508 3525 quae
548 3458 698 3511 debet
736 3460 905 3512 eidem
941 3461 1122 3518 inniti,
1158 3462 1592 3527 quemadmodum
1628 3466 1924 3534 aedificium
