2320 3990
718 242 1325 301 *55*-

113 415 434 473 adhaerens,
459 429 558 482 qua
580 410 952 484 particularium
979 411 1307 466 ecclesiarum
1334 410 1576 464 unitatem
1599 408 1655 461 in'
1676 406 1928 481 Episcopo

112 510 360 569 tamquam
385 498 438 551 in
464 504 636 552 centro
676 497 967 564 collocavit,
1008 507 1218 552 eatenus
1254 497 1524 570 exprimit,
1550 505 1603 550 et
1619 498 1735 568 jure
1759 505 1929 548 trans-

108 587 267 638 fertur
325 586 386 638 ad
433 585 779 638 declarandam
827 585 1068 649 unitatem
1117 583 1271 637 totius
1321 581 1582 636 Ecclesiae
1629 581 1903 636 catholicae
1917 621 1931 647 ‚

111 673 352 742 quatenus
377 669 637 725 Romanus
662 669 906 724 Pontifex
938 672 1213 749 Sacerdos·
1243 677 1296 722 et
1323 669 1524 720 Pastor
1560 676 1667 732 est,
1707 668 1787 720 cui
1829 687 1935 722 om-

111 775 201 811 nes
237 758 567 829 particulares
616 756 858 811 ecclesiae
899 775 990 828 per
1037 775 1155 810 suos
1206 773 1429 826 quaeque
1472 751 1782 826 EpiscopoS,
1839 757 1934 807 Sa-

112 846 382 898 cerdotum
442 843 526 915 (ut
577 844 648 897 ait
695 843 824 896 idem
875 839 1194 914 Cyprianus)
1241 845 1449 912 ylatino
1500 840 1843 893 coadunantur
1877 851 1936 893 'et

114 930 487 983 cohaerescunt.
555 927 645 982 Ex
689 928 780 982 hac
821 929 1191 1001 explicatione,
1230 946 1357 998 quae
1388 945 1511 979 sane
1539 926 1808 979 verissima
1837 937 1934 990 est,

113 1027 163 1069 et
191 1027 477 1070 sanctorum
508 1014 717 1068 Patrum
766 1015 1028 1069 traditioni
1064 1015 1286 1068 maxime
1324 1031 1576 1077 consona,
1627 1032 1728 1066 non
1776 1015 1934 1066 soliun

112 1104 265 1173 probe
298 1102 621 1172 intelligitur,
660 1102 900 1171 quomodo
936 1102 989 1154 in
1022 1100 1254 1156 Ecclesia
1290 1101 1456 1153 unitas
1497 1099 1723 1152 caritatis
1762 1100 1936 1154 visibi-

114 1188 228 1241 liter
265 1189 540 1252 coalescat,
593 1188 681 1240 sed
725 1188 844 1240 illud
876 1189 1026 1242 etiam
1063 1191 1328 1261 explorate
1366 1185 1700 1257 dignoscitur,
1751 1206 1838 1240 cur
1876 1205 1935 1240 ea

113 1274 336 1327 caritatis
375 1284 425 1328 et
461 1274 818 1328 communionis
865 1275 1032 1329 unitas
1068 1295 1176 1328 cum
1224 1292 1412 1327 summo
1451 1271 1699 1326 Pontifice
1738 1274 1932 1343 quibus-

112 1379 204 1430 que
244 1361 514 1414 catholicae
550 1360 808 1414 Ecclesiae
847 1363 1082 1415 membris
1122 1360 1406 1415 necessaria
1446 1359 1528 1411 sit.
1591 1358 1649 1411 Si
1687 1359 1818 1413 enim
1856 1379 1937 1413 ca-

115 1447 277 1498 ritatis
328 1457 378 1499 et
427 1447 698 1500 catholicae
759 1448 1118 1501 communionis
1179 1448 1375 1512 unitas,
1439 1443 1699 1498 Ecclesiae
1751 1445 1935 1498 visibili

114 1531 312 1584 omnino
363 1533 676 1598 neccssaria,
727 1551 828 1586 non
868 1534 1063 1587 aliunde
1100 1534 1287 1599 oritur,
1345 1551 1490 1603 quam
1530 1549 1599 1583 ex
1648 1532 1841 1584 unitate
1886 1542 1935 1584 et

113 1618 452 1670 communione
490 1620 707 1671 omniinn
742 1620 1009 1672 universae
1045 1618 1306 1673 Ecclesiae
1340 1619 1702 1690 Episcoporum
1737 1629 1788 1671 et
1823 1637 1936 1670 sua-

112 1721 217 1754 rum
257 1705 490 1774 cujusque
515 1703 726 1774 plebium
754 1723 860 1756 cum
887 1703 1119 1756 Romano
1146 1704 1410 1770 Pontifice,
1450 1705 1534 1772 qui
1557 1705 1739 1758 idcirco
1768 1704 1937 1756 catho-

112 1788 235 1841 licae
272 1788 477 1841 unitatis
516 1800 741 1842 centrum
780 1799 830 1843 et
874 1789 1023 1840 radix
1074 1791 1134 1841 ab
1174 1790 1400 1843 omnibus
1440 1790 1591 1843 etiam
1631 1790 1936 1843 adversariis

114 1875 430 1943 agnoscitur3
470 1878 641 1946 procul
681 1876 825 1928 dubio
853 1875 1143 1945 quicimique
1170 1876 1462 1929 catholicam
1488 1875 1748 1930 Ecclesiae
1776 1875 1937 1928 unita-

115 1971 210 2013 tem
231 1971 404 2014 tenere
429 1963 550 2014 velit
568 2002 581 2027 ,
602 1962 734 2014 uniri
757 1973 807 2015 et
831 1962 1195 2016 communicare
1221 1963 1420 2015 omuino
1448 1964 1592 2016 dehet
1630 1981 1738 2016 cum
1769 1964 1938 2015 eodem

112 2066 298 2099 stunmo
326 2046 570 2100 Pontilice
587 2088 600 2112 ,
641 2058 792 2101 extra
821 2067 963 2117 quem
990 2068 1326 2120 quaecumque
1353 2059 1488 2103 esset
1513 2068 1781 2121 paucorum
1798 2089 1810 2113 ‚
1852 2060 1936 2101 aut

114 2133 319 2202 plurimu
346 2133 528 2196 unitas,
558 2133 828 2184 catholicae
852 2131 1046 2185 Christi
1074 2133 1330 2188 Ecclesiae
1356 2136 1522 2187 unitas
1550 2155 1651 2188 non
1678 2145 1831 2188 esset.
1884 2134 1936 2185 ld

115 2218 308 2287 quidem
346 2218 568 2287 sequitur
595 2236 662 2270 cx
703 2218 1017 2271 institutione
1046 2217 1265 2285 Christi,
1314 2221 1396 2290 qui
1430 2221 1640 2273 visibilis
1677 2220 1935 2274 Ecclesiae

118 2305 294 2356 unitati
322 2313 674 2374 prospecturus
700 2301 756 2355 S.
788 2302 999 2357 Petrum
1027 2316 1077 2358 et
1103 2325 1421 2360 successores
1449 2309 1556 2377 ejus
1582 2308 1736 2360 totius
1761 2306 1938 2360 Eccle-

115 2391 218 2442 siae
244 2400 439 2461 petram
476 2399 527 2442 et
563 2390 934 2442 fundamentum
974 2392 1046 2444 ita
1071 2394 1268 2463 posuit,
1307 2404 1364 2445 ut
1390 2412 1491 2446 non
1527 2394 1624 2446 alia
1651 2394 1716 2446 sit
1743 2391 1934 2446 Christi

112 2474 366 2539 Ecclesia,
404 2475 501 2528 nisi
537 2494 663 2544 quae
701 2475 811 2528 huic
849 2478 1167 2532 fundamento
1206 2480 1470 2543 incumbit,
1499 2489 1647 2548 atque
1674 2479 1933 2544 cohaeret3

112 2564 238 2615 unde
274 2560 330 2614 S.
359 2562 658 2614 Ambrosius
697 2573 903 2615 enarrat
928 2563 980 2616 in
1006 2567 1130 2636 psal.
1162 2567 1248 2618 50.
1278 2586 1327 2618 n.
1357 2566 1446 2620 30.
1489 2565 1813 2619 considerans
1852 2566 1933 2617 illa

113 2651 170 2701 de
198 2647 353 2700 Petro
371 2687 384 2711 ,
433 2649 508 2700 Tu
537 2669 589 2701 es
620 2650 814 2700 Petrus
842 2659 894 2703 et
921 2671 1082 2719 super
1110 2654 1249 2705 lianc
1268 2661 1485 2721 petram
1512 2654 1806 2722 aedificabo
1835 2654 1933 2705 Ec-

112 2737 325 2787 clesiam
351 2754 533 2794 meam,
560 2733 727 2785 statim
755 2733 945 2788 intulit:
985 2739 1085 2789 Ubi
1111 2758 1238 2806 erqo
1271 2740 1466 2791 Petrus
1494 2738 1651 2808 (idem
1678 2738 1934 2790 dicendum

112 2822 170 2873 de
197 2819 566 2872 successoribus
594 2821 699 2889 ejus
717 2858 730 2882 ,
771 2820 822 2870 in
849 2821 1024 2889 quibus
1050 2821 1237 2874 Petrus
1275 2823 1403 2874 vivit
1441 2833 1491 2874 et
1517 2821 1825 2893 praesidet),
1865 2824 1938 2874 ibi

114 2908 384 2958 Ecclesia.-
424 2904 598 2973 quibus
624 2904 791 2957 verbis
818 2908 1042 2976 profecto
1070 2907 1438 2960 connexionem
1465 2917 1516 2960 et
1541 2907 1933 2960 communionem

111 2991 325 3044 omnium
350 2989 610 3044 Ecclesiae
649 2991 982 3044 membrorum
1010 3011 1117 3045 cum
1145 3012 1204 3046 eo
1233 2995 1550 3046 fundamento
1596 2993 1932 3045 necessariam

113 3077 425 3148 praesmnsit.
489 3075 567 3128 De
606 3076 748 3148 hujus
785 3095 906 3148 ergo
946 3079 1145 3131 iunonis
1183 3079 1486 3132 necessitate
1523 3080 1749 3133 dubitare
1787 3100 1932 3134 nemo

112 3172 306 3233 potest,
333 3181 391 3216 ac
417 3172 681 3233 propterea
707 3162 749 3215 si
776 3164 885 3232 quis
912 3166 1038 3218 hanc
1065 3165 1305 3218 unitatem
1333 3167 1606 3231 desereret,
1633 3167 1676 3219 is
1703 3186 1803 3220 non
1830 3178 1930 3220 tam

112 3266 141 3300 a
169 3247 397 3300 Romano
425 3247 668 3302 Pontifice
696 3250 910 3321 sejungi,
951 3270 1094 3321 quam
1121 3252 1281 3323 ipsum
1310 3252 1679 3304 fundamentum
1696 3293 1710 3318 ,
1750 3255 1878 3323 quod
1904 3274 1932 3306 a

112 3331 316 3387 Christo
344 3353 461 3387 suae
486 3333 746 3388 Ecclesiae
771 3337 985 3406 positum
1012 3338 1120 3402 fuit,
1147 3355 1241 3390 nec
1267 3356 1367 3389 non
1395 3335 1674 3391 Ecclesiam
1699 3339 1859 3410 ipsam
1885 3340 1930 3392 ei

112 3420 427 3473 fimdamento
455 3420 681 3473 innixam
708 3421 793 3474 des
805 3440 947 3477 erere
964 3464 977 3488 ,
1018 3435 1068 3477 et
1097 3443 1125 3476 a
1146 3422 1387 3477 catholica
1424 3424 1616 3479 unitate
1642 3435 1694 3479 et
1721 3443 1927 3479 commu-

115 3504 262 3558 nione
289 3507 514 3577 separari
541 3505 939 3562 convinceretur.
1304 3502 1319 3511 ³
