2314 3984
899 143 1609 235 ——250—4'

299 343 440 396 tione
463 341 811 398 Innocentium
831 339 1029 414 Papam
1051 342 1211 396 Pom
1223 343 1475 418 Meuia}
1489 351 1668 402 sedem
1694 355 1876 403 tenere
1899 351 2162 423 professus

299 441 408 498 est3
438 446 684 505 summum
710 425 1015 483 Pontificem
1039 428 1099 483 in·
1130 429 1379 485 tradem&
1410 433 1782 491 fiddidoctrina
1810 454 1841 490 11
1865 436 1986 491 sede
2010 435 2159 491 Petri

298 534 615 589 nequaquam
641 514 1048 587 distinguendum
1074 517 1313 589 agnovit:
1341 528 1395 572 et
1429 520 1779 578 similitenalii
1817 525 2159 597 qumnplureS‚

299 605 382 675 qui
408 603 622 676 allegari
647 602 699 656 in
726 622 836 658 rem
860 615 1186 677 praesentem
1223 617 1452 678 possent.
1491 606 2055 682 -Underdpostolicam
2085 633 2159 668 se-

297 696 416 746 dem
436 713 546 763 pro
578 693 829 746 Romano
857 694 1138 764 Episcopo
1174 703 1392 748 sumtam
1418 696 1502 751 vel
1537 696 1592 750 in
1617 697 1781 753 indice
1807 700 1869 756 ad
1895 699 2160 755 Romano-

296 800 406 833 rum
421 779 726 834 Pontificum
736 778 996 854 Epistolas
1022 782 1299 836 notandum
1325 782 1536 837 credidit
1548 781 1614 837 P.
1631 782 1984 841 Constantius.
2012 785 2160 855 Quod

296 880 348 924 et
374 871 434 924 de
453 870 735 925 Romanae
749 870 1033 926 Ecclesiae
1061 870 1416 944 appellatione,
1446 891 1556 926 cum
1579 872 1640 926 de
1658 873 2020 946 praerogativa
2045 893 2161 947 per-

295 957 459 1011 sonali
484 957 729 1031 primatus
756 958 952 1030 agitur,
979 977 1231 1033 peraeque
1257 960 1413 1014 valet.
1466 959 1547 1014 Ac
1574 970 1847 1033 propterea
1884 959 1941 1015 S.
1971 959 2160 1016 Petrus

294 1045 575 1100 Damianus
604 1047 666 1099 ad
690 1046 1045 1101 Alexandrum
1069 1046 1133 1101 Π.
1162 1067 1264 1101 11011
1291 1049 1538 1103 dubitavit
1563 1049 1789 1103 scribere
1818 1047 2036 1121 (Opusc.
2069 1050 2156 1104 10.

296 1156 339 1189 c.
371 1134 472 1205 l..)
542 1135 645 1188 Vos
673 1133 994 1205 Apostolica
1037 1140 1219 1198 sedes,
1273 1138 1376 1190 Vos
1419 1138 1671 1190 Romana
1711 1141 1834 1190 estis
1876 1139 2159 1198 Ecclesia,-

293 1223 608 1295 idipsumque
635 1223 788 1276 etiam
815 1224 1099 1279 adversarii
1124 1225 1343 1279 confessi
1371 1235 1490 1278 sunt
1517 1224 1917 1303 aledAudi·ea111
1945 1223 2159 1297 Episco-

294 1328 410 1381 pum
435 1308 802 1380 Magarensem
827 1310 880 1362 in
916 1328 1071 1382 opere
1106 1310 1381 1382 inscripto,
1428 1313 1864 1366 Gabai-naculum
1905 1316 2159 1366 concilio·

293 1416 434 1458 rum,
461 1397 726 1450 lucubrato
755 1395 954 1450 concilii
991 1395 1306 1451 Basileensis
1332 1407 1562 1470 tempore
1579 1401 1606 1463 ,'
1623 1397 1707 1453 ubi
1734 1416 1843 1470 cap.
1874 1399 1924 1451 9.
1955 1417 2026 1452 ex
2051 1400 2162 1452 vul-

293 1495 412 1557 gato
443 1484 639 1560 illorum
665 1484 798 1538 dicto
824 1484 1072 1538 traditur:
1104 1486 1227 1555 Ipse
1259 1486 1422 1555 Papa
1449 1487 1588 1538 solet
1627 1485 1877 1540 Romana
1906 1488 2157 1541 Ecclesia

293 1577 495 1628 vocari.
547 1571 698 1627 Licet
738 1573 872 1627 enim
911 1572 1177 1628 Ecclesiae
1215 1592 1400 1628 nomen
1443 1573 1546 1627 late
1573 1591 1675 1627 non
1701 1584 1807 1627 tam
1832 1572 2157 1648 Episcopum,

294 1681 443 1732 quam
471 1662 688 1727 clerum,
720 1671 770 1715 et
795 1662 991 1734 plebem
1012 1660 1268 1735 Episcopo
1297 1663 1564 1716 adunatam
1594 1660 1845 1733 significet
1872 1681 1941 1716 ex
1970 1663 2156 1717 celebri

292 1749 348 1804 S.
381 1749 632 1822 Cypriani
659 1749 908 1816 doctrina,
937 1742 1088 1804 latius
1115 1770 1239 1805 vero
1269 1751 1579 1804 extendatur
1607 1750 1668 1803 ad
1692 1759 1853 1803 totam
1873 1749 2155 1805 Ecclesiam

293 1838 588 1892 catholicam
616 1837 852 1891 Romano
879 1838 1134 1911 Episcopo
1163 1838 1536 1903 adhaerentem,
1565 1856 1694 1908 quae
1719 1837 1905 1892 idcirco
1924 1838 2158 1892 Romana

294 1927 493 1993 dicitur,
519 1936 576 1979 ut
602 1926 719 1979 alibi
743 1926 1220 1992 animadvertimus3
1250 1936 1478 1980 centrum
1499 1935 1670 1979 tamen
1697 1926 1927 1993 unitatiS,
1944 1946 2072 1997 quae
2090 1929 2157 1981 ab

291 2037 398 2070 uno
427 2015 559 2069 ducit
584 2014 870 2077 exordium,
895 2014 949 2066 in
976 2034 1076 2067 uno
1103 2023 1300 2068 tantum
1315 2012 1568 2086 Episcopo
1599 2024 1703 2081 est,
1733 2025 1784 2068 et
1810 2014 1939 2068 sicut
1965 2015 2016 2067 in
2041 2034 2158 2087 par-

291 2104 585 2157 ticularibus
612 2101 860 2156 Ecclesiis
887 2120 1007 2155 suus
1035 2105 1277 2174 cujusque
1303 2100 1586 2174 Episcopus
1614 2111 1694 2155 est
1721 2112 1968 2169 centrum,
1999 2103 2078 2156 cui
2105 2113 2156 2157 et
2238 2134 2240 2136 >

292 2193 455 2246 clerus
483 2202 534 2245 et
558 2191 768 2264 populus
796 2191 942 2244 debet
970 2190 1367 2257 adhaerescere,
1395 2189 1467 2242 ita
1494 2190 1547 2243 in
1574 2190 1851 2244 universali
1871 2209 1962 2243 seu
1982 2190 2155 2244 catho-

290 2281 384 2333 lica
411 2278 662 2346 Ecclesia,
691 2289 920 2334 centrum
945 2279 1222 2333 catholicae
1241 2277 1452 2332 unitatis
1480 2288 1559 2332 est
1575 2277 1856 2351 Episcopus
1870 2278 2155 2342 RomanuS,

292 2378 342 2422 et
382 2378 611 2422 centrum
647 2367 843 2438 quidem
881 2367 1144 2438 utriusque
1171 2366 1412 2432 unitatiS,
1452 2367 1818 2420 communionis
1845 2367 2067 2433 scilicet,
2105 2377 2155 2421 et

292 2455 604 2528 potissimum
633 2454 763 2520 fidei,
793 2473 863 2508 ex
890 2474 986 2524 quo
1009 2474 1186 2509 omnes
1209 2455 1484 2508 catholicos
1513 2473 1621 2507 cum
1652 2454 1886 2508 Romano
1900 2454 2152 2527 Episcopo

293 2542 691 2606 communicare,
733 2551 784 2593 et
822 2558 932 2593 cum
971 2542 1076 2611 ejus
1114 2542 1208 2593 fide
1245 2540 1518 2594 convenire
1545 2559 1756 2594 necesse
1784 2551 1879 2594 est.
1934 2539 2082 2609 Quod
2109 2544 2152 2596 si

291 2631 335 2682 id
366 2638 601 2700 propter
642 2632 1009 2699 potentiorem
1050 2629 1521 2701 principalitatem
1573 2626 1841 2682 Romanae
1889 2626 2153 2684 Ecclesiae

291 2718 403 2771 fidei
459 2716 637 2770 tribuit.
693 2715 751 2770 S.
795 2708 1037 2771 Irenaeus
1065 2738 1080 2783 ς
1143 2714 1411 2771 Romanae
1458 2713 1722 2770 Ecclesiae
1779 2735 1963 2770 nomen
2009 2735 2154 2771 acce-

290 2806 364 2878 pit
387 2824 480 2878 pro
509 2803 757 2858 Romanis
784 2804 1148 2869 Antistitibus,
1177 2804 1357 2874 quibus
1386 2803 1507 2857 solis
1548 2821 1658 2858 eam
1679 2807 2151 2875 principalitatem

290 2913 380 2947 seu
407 2893 676 2966 primatum
703 2903 991 2965 competere
1017 2903 1261 2960 noverat3
1302 2893 1433 2947 unde
1468 2910 1595 2945 mox
1632 2891 1946 2947 indicaturus
1973 2893 2151 2964 quibus

289 2982 337 3035 id
365 2991 647 3055 competat,
676 2981 938 3035 subtexuit
972 2981 1158 3034 seriem
1195 2979 1545 3034 Romanorum
1572 2978 1876 3032 Pontificum
1894 3019 1908 3045 ,
1937 2981 1999 3032 ad
2025 2998 2150 3050 quos

290 3080 484 3123 tantum
510 3067 567 3122 S.
596 3068 786 3124 Petrus
824 3069 1093 3142 primatum
1130 3067 1420 3120 transmisit
1461 3085 1564 3120 11011
1590 3065 1779 3132 miuus,
1809 3085 1956 3138 quam
1985 3077 2036 3120 et
2064 3068 2151 3122 do-

292 3158 433 3212 cendi
461 3157 781 3224 cathedram,
810 3177 1022 3229 quaeum
1046 3155 1214 3209 unitas
1242 3154 1446 3208 omnino
1473 3154 1692 3207 tenenda
1717 3163 1982 3228 tantopere
2008 3173 2150 3227 prae-

291 3246 501 3299 dicatur.
531 3244 620 3300 Ex
645 3255 751 3301 tam
776 3237 1059 3320 exploratis
1086 3253 1138 3299 et
1162 3242 1434 3305 rationum,
1461 3252 1511 3296 et
1532 3241 1897 3296 auctoritatum
1923 3261 2149 3296 momen-

289 3331 356 3385 tis
383 3333 493 3402 quis
520 3353 621 3387 non
646 3333 1028 3399 inanissimam,
1076 3342 1129 3387 et
1165 3330 1454 3386 constitutis
1495 3329 1852 3400 concessisque
1890 3329 2149 3402 principiis

292 3420 602 3473 contrariam
636 3421 771 3476 illam
807 3421 1180 3476 distinctionem
1218 3428 1495 3491 agnoscat,
1535 3437 1635 3489 qua
1672 3418 1841 3491 plures
1869 3416 2148 3471 adversarii

294 3506 577 3562 Romanam
607 3509 814 3574 sedem,
837 3509 1153 3570 cathedram,
1182 3523 1268 3560 seu
1295 3504 1579 3561 Ecclesiam
1620 3507 1669 3559 in
1698 3504 1903 3576 negotio
1932 3504 2071 3571 fidei,
2100 3515 2149 3559 et
