2314 3984
935 167 1598 229 *292*—

344 341 658 395 inerrantiae
694 336 1014 410 privilegium
1059 355 1132 392 ex
1166 337 1429 410 promissis
1468 336 1664 394 Christi
1710 346 1789 392 est
1825 335 2193 393 vindicandum.

343 427 496 484 Solas
521 429 692 498 itaque
730 423 843 478 fidei
878 423 1196 479 definitiones
1232 424 1284 478 id
1320 425 1528 498 respicit
1564 444 1596 480 a
1630 426 1836 480 summis
1861 424 2195 479 Pontificibus

342 516 608 572 Ecclesiae
643 511 930 587 propositas
967 522 1148 567 contra
1183 512 1508 585 insurgentes
1545 512 1887 569 dissensiones
1914 523 1967 568 et
1992 531 2196 567 errores

344 606 398 658 in
425 603 643 658 materia
669 600 811 668 fidei3
838 619 942 654 non
969 611 1135 656 autem
1147 599 1204 674 *)
1232 600 1526 674 opinioneS,
1555 601 1730 671 quihus
1757 602 1856 657 etsi
1881 601 2066 673 aliquid
2091 610 2197 654 sta-

344 701 518 758 tuant,
546 690 672 744 nihil
695 699 866 743 tamen
892 689 1170 753 decernunt
1194 689 1495 744 credendum
1521 705 1592 742 ex
1617 690 1861 744 catholica
1886 690 2007 756 fide,
2047 689 2196 742 nihil-

346 799 442 851 que
469 779 711 832 damnant
735 787 990 849 tamquam
1017 778 1233 832 alienmn
1263 778 1324 831 ab
1352 776 1527 831 eadem
1562 775 1652 849 (de
1678 796 1775 848 quo
1802 779 1945 850 plura
1969 778 2199 832 dicentur

348 867 559 922 inferius
598 885 650 919 n.
678 865 768 920 40.
809 876 861 920 et
885 866 1037 939 41.)3
1075 885 1178 920 non
1215 864 1461 939 simplicia
1494 875 1796 938 praecepta,
1836 884 1964 937 quae
1999 864 2060 918 ad
2086 865 2200 918 fidei

348 955 691 1011 definitionem
718 955 901 1009 referri
926 974 1029 1010 non
1054 953 1280 1029 possint3
1309 973 1411 1008 non
1423 952 1718 1027 judicia**)
1747 953 1806 1007 de
1825 953 2059 1027 personis
2085 963 2200 1006 tan-

347 1056 484 1112 tu1n3
513 1062 616 1097 non
643 1043 848 1096 decreta
874 1043 1196 1117 disciplinae,
1237 1061 1365 1114 quae
1392 1042 1452 1095 ad
1478 1042 1623 1096 fidem
1648 1061 1750 1095 non
1776 1041 2063 1115 pertinent3
2099 1060 2202 1094 non

348 1134 552 1187 tandem
588 1129 890 1186 omissiones
927 1132 1269 1187 definitionum
1306 1131 1449 1198 fidei,
1486 1149 1615 1202 quae
1650 1130 1695 1184 si
1727 1131 2053 1196 omittantur,
2091 1149 2202 1183 eum

350 1220 682 1276 definiendum
710 1230 877 1286 esset,
917 1222 1062 1294 culpa
1088 1219 1379 1273 omissionis
1418 1238 1521 1273 non
1559 1228 1697 1274 esset
1724 1238 1872 1274 error
1899 1218 2202 1272 definitionis

352 1307 698 1381 dogmaticae,
725 1325 820 1360 nec
847 1326 995 1361 error
1020 1308 1073 1360 in
1099 1307 1212 1359 fide.

498 1394 587 1449 ⁶23.
627 1391 914 1448 Praeterea
954 1394 1069 1448 fidei
1105 1393 1420 1447 definitiones
1447 1394 1630 1446 debent
1654 1411 1769 1447 esse
1796 1404 1937 1448 actus
1974 1395 2122 1466 plane
2147 1393 2206 1446 li-

350 1485 462 1539 beri
488 1494 540 1538 et
564 1482 869 1538 voluntarii:
898 1481 943 1536 si
970 1501 1100 1553 quae
1127 1480 1262 1535 enim
1281 1482 1439 1537 verba
1459 1480 1573 1535 fidei
1593 1482 1854 1535 contraria
1880 1481 2131 1536 exteriori
2156 1482 2206 1537 vi

351 1581 786 1644 extorquerentur
814 1570 874 1623 ab
903 1569 1091 1637 invito,
1121 1569 1220 1623 etsi
1247 1570 1440 1642 culpam
1467 1568 1809 1636 involverent,
1837 1569 2104 1623 manifesta
2129 1580 2206 1623 ta-

352 1681 469 1717 men
496 1659 729 1715 exterior
755 1657 833 1713 vis
859 1657 986 1711 satis
1011 1660 1350 1731 patefaceret,
1389 1676 1450 1711 ea
1475 1657 1633 1712 verba
1668 1676 1770 1711 non
1807 1658 2096 1732 exprimere
2121 1677 2209 1714 ve-

354 1771 463 1804 ram
491 1746 799 1803 sententiam
826 1755 877 1800 et
902 1746 1047 1800 fidem
1074 1748 1208 1819 ejus,
1248 1745 1331 1817 qui
1359 1745 1431 1799 sic
1458 1745 1691 1800 exterius
1719 1746 1939 1819 adigitur
1975 1748 2038 1801 ad
2061 1747 2112 1800 id
2137 1747 2209 1799 di-

354 1839 595 1904 cendum,
623 1835 753 1907 quod
778 1834 886 1906 ipse
911 1833 1128 1889 interius
1155 1853 1257 1888 non
1286 1834 1461 1901 credit,
1490 1853 1583 1888 nec
1611 1835 1829 1901 diceret,
1858 1835 1902 1888 si
1928 1854 2031 1888 non
2058 1853 2207 1906 coge-

355 1938 514 1982 retur.
566 1924 699 1978 Hinc
740 1931 882 1976 actus
918 1933 1054 1977 metu
1092 1922 1288 1978 extorti
1314 1932 1568 1994 tamquam
1606 1943 1708 1977 non
1735 1924 1940 1978 omnino
1966 1922 2114 1977 liberi
2140 1941 2209 1976 ex

358 2131 549 2177 firmant,
585 2139 756 2180 quorum
786 2127 928 2177 aliqua
961 2126 1116 2167 recitat
1147 2127 1195 2167 P.
1227 2127 1502 2167 Constantius
1544 2127 1587 2166 in
1619 2127 1882 2179 praefatione
1912 2128 1967 2167 ad
1997 2128 2213 2180 Epistolas

358 2193 643 2233 Romanorum
674 2187 936 2228 Pontificum.
999 2187 1148 2240 Neque
1189 2187 1314 2228 aliter
1357 2200 1456 2236 eOS,
1499 2199 1625 2241 posse
1668 2189 1783 2229 circa
1814 2189 1936 2229 fidem
1969 2189 2210 2235 decernere,

357 2252 549 2293 indicare
579 2249 774 2289 videntur
812 2249 886 2287 illa
918 2248 964 2287 S.
998 2249 1220 2300 Augustini
1262 2249 1332 2288 lib.
1367 2250 1408 2289 1.
1452 2249 1495 2288 in
1526 2249 1676 2289 Julian.
1712 2262 1747 2289 c.
1780 2249 1824 2292 2.
1868 2250 2017 2302 quibus
2047 2250 2216 2302 scripsit

358 2312 647 2354 Innocentium
680 2311 721 2350 in
737 2309 1061 2360 Pelagianorum
1094 2321 1224 2349 causa
1253 2321 1336 2349 non
1368 2310 1500 2350 solum
1531 2309 1643 2349 haud
1673 2312 1797 2351 aliter
1828 2311 2107 2362 respondisse,
2142 2309 2215 2350 sed

359 2388 440 2415 uec
473 2372 668 2426 potuisse
709 2370 970 2422 respondere
1010 2371 1202 2411 conciliis
1234 2371 1420 2411 Africae:
1467 2371 1580 2417 Quid
1612 2372 1748 2422 enim,
1791 2372 1946 2423 inquit,
1982 2368 2223 2412 POTUIT

360 2437 435 2476 ille
465 2435 535 2474 vir
565 2434 746 2473 sanctus
780 2430 1008 2481 Africanis
1038 2430 1299 2483 respondere
1330 2431 1539 2482 conciliis,
1570 2432 1659 2471 nisi
1691 2432 1805 2484 quod
1837 2432 2079 2484 antiquitus
2097 2433 2215 2482 Apo-

362 2495 518 2537 stolica
549 2493 672 2533 sedes
703 2494 743 2531 et
776 2491 980 2531 Romana
1011 2504 1104 2531 cum
1139 2492 1290 2532 ceteris
1323 2494 1436 2531 tenet
1467 2495 1792 2541 perseueranter
1823 2491 2052 2532 Ecclesia?
2105 2492 2217 2531 Hinc

360 2557 405 2596 in
438 2555 542 2606 ipsis
576 2551 761 2591 decretis
794 2550 894 2590 fidei
927 2562 1090 2603 semper
1123 2552 1275 2590 Petrus
1318 2551 1522 2602 loquitur,
1569 2563 1661 2591 cum
1703 2552 1938 2603 exprimant
1980 2552 2215 2591 doctrinam

363 2630 389 2656 a
429 2615 557 2654 Petro
601 2610 821 2659 traditam;
863 2609 1091 2663 eademque
1134 2611 1305 2650 decreta
1348 2615 1446 2650 sunt
1487 2623 1539 2650 ea
1578 2611 1695 2651 Petri
1728 2611 1855 2660 fides,
1898 2615 2018 2664 petra
2049 2617 2092 2652 et
2125 2614 2216 2653 sun-

365 2677 600 2717 damentum
619 2671 858 2718 Ecclesiae,
892 2684 1027 2722 quam,
1062 2672 1210 2712 eodem
1241 2672 1472 2722 Augustino
1505 2675 1690 2712 testante
1722 2673 1765 2711 in
1798 2673 1908 2712 Psal.
1941 2676 2089 2713 contra
2121 2686 2217 2725 par-

363 2743 449 2778 tem
483 2734 659 2781 Donati,
691 2744 781 2772 uon
810 2732 996 2773 vincunt
1025 2734 1237 2785 superbae
1268 2732 1508 2783 inferorum
1538 2737 1707 2785 portae.

488 2825 528 2876 *)
560 2824 607 2863 P.
641 2820 824 2873 Angelus
864 2820 917 2861 de
956 2822 1078 2863 Nuce
1122 2822 1257 2863 Abbas
1297 2822 1562 2862 Cassinensis
1605 2823 1646 2862 in
1689 2823 1881 2864 Excursu
1921 2823 2122 2865 historico
2163 2824 2217 2863 ad

365 2886 606 2928 Chronicon
637 2883 890 2922 Cassinense
921 2886 1023 2922 tom.
1042 2883 1086 2922 4.
1118 2883 1274 2923 Rerum
1305 2883 1439 2922 Italic.
1472 2895 1568 2936 pag.
1591 2883 1694 2923 482.
1727 2885 1837 2924 scite
1867 2886 2038 2938 monuit,
2068 2885 2216 2924 distin-

364 2947 532 3001 guenda
563 2956 671 2997 quae
701 2942 933 2985 Pontifices
968 2943 1143 2984 tradunt
1174 2956 1227 2984 ex
1259 2944 1456 2996 opinione
1487 2945 1540 2983 ab
1571 2945 1640 2992 iis,
1674 2957 1779 2996 quae
1810 2943 1865 2985 de
1895 2945 1978 2984 fide
2010 2945 2217 2984 credenda

366 3008 642 3050 constituunt.
706 3002 806 3045 Non
838 3004 973 3056 enim,
1006 3004 1153 3055 inquit,
1187 3016 1479 3056 quaecamque
1510 3004 1714 3054 Pontifex
1745 3017 2006 3057 quamquam
2034 3005 2082 3045 in
2115 3017 2218 3046 con-

367 3068 513 3112 ciliari
544 3065 741 3108 oratione
774 3065 992 3118 loquitur,
1027 3065 1183 3115 dogma
1206 3063 1320 3114 fidei
1349 3065 1642 3114 constituunt,
1678 3068 1755 3105 aut
1776 3063 1888 3115 fidei
1917 3068 2109 3116 regulam
2143 3067 2215 3105 in—

367 3129 605 3173 tellectibus
637 3126 964 3178 praescribunt,
997 3125 1072 3166 sed
1103 3127 1207 3166 tunc
1239 3127 1433 3176 tantum,
1474 3136 1568 3165 cum
1602 3137 1653 3165 ex
1686 3124 1890 3166 cathedra
1922 3126 2135 3179 loquitur,
2179 3129 2218 3165 et

368 3189 638 3242 sufficienter
669 3187 882 3238 declarat,
922 3199 967 3227 se
998 3186 1046 3227 id
1075 3187 1181 3226 velle
1213 3182 1421 3235 definire.-
1460 3187 1504 3224 et
1536 3197 1631 3225 mox
1674 3187 1869 3226 nonnulla
1901 3187 2088 3240 exempla
2125 3187 2220 3226 sub-

362 3252 473 3304 jicit.
535 3248 643 3288 Vide
677 3259 786 3299 quae
816 3247 993 3288 inferius
1024 3246 1224 3286 addemus
1253 3257 1296 3287 n.
1327 3244 1400 3286 38.

491 3336 550 3391 '*)
579 3339 642 3379 De
668 3336 842 3390 judiciis
871 3337 986 3376 circa
1016 3347 1218 3389 personas
1248 3347 1386 3387 agens.
1411 3335 1682 3376 Innocentius
1700 3337 1773 3377 111.
1806 3338 1848 3377 in
1881 3349 1974 3390 cap.
2010 3338 2048 3377 A
2079 3337 2217 3378 uobis.

372 3401 424 3442 de
455 3402 564 3442 sent.
599 3410 800 3439 excomm.
832 3398 916 3438 ait:
948 3397 1168 3438 Iudicium
1201 3395 1282 3437 Dei
1311 3396 1516 3448 veritate,
1561 3410 1671 3450 quae
1701 3409 1788 3438 uon.
1814 3397 1965 3448 fallit,
1995 3409 2074 3437 nec
2097 3397 2221 3448 falli-

373 3466 458 3509 tur,
488 3470 658 3511 semper
686 3459 922 3500 innititur:
949 3455 1166 3508 judicium
1197 3461 1340 3498 autem
1362 3456 1585 3498 Ecclesiae
1615 3470 1942 3512 nonnumquam
1971 3458 2220 3510 opinionem

373 3521 592 3575 sequitur,
625 3531 754 3572 quam
788 3523 828 3560 et
851 3519 1009 3570 fallere
1038 3531 1168 3573 saepe
1199 3518 1405 3570 contigit,
1438 3522 1478 3560 et
1501 3518 1619 3570 falli.
