<?xml version="1.0" encoding="UTF-8"?>
<!DOCTYPE html PUBLIC "-//W3C//DTD XHTML 1.0 Transitional//EN"
    "http://www.w3.org/TR/xhtml1/DTD/xhtml1-transitional.dtd">
<html xmlns="http://www.w3.org/1999/xhtml" xml:lang="en" lang="en">
 <head>
  <title>
</title>
<meta http-equiv="Content-Type" content="text/html;charset=utf-8" />
  <meta name='ocr-system' content='tesseract 3.04.00' />
  <meta name='ocr-capabilities' content='ocr_page ocr_carea ocr_par ocr_line ocrx_word'/>
</head>
<body>
  <div class='ocr_page' id='page_1' title='image "a546178500balluoft_0119.png"; bbox 0 0 2320 3990; ppageno 0'>
   <div class='ocr_carea' id='block_1_1' title="bbox 715 251 1324 310">
    <p class='ocr_par' dir='ltr' id='par_1_1' title="bbox 715 251 1324 310">
     <span class='ocr_line' id='line_1_1' title="bbox 715 251 1324 310; baseline -0.002 -14"><span class='ocrx_word' id='word_1_1' title='bbox 715 251 1324 310; x_wconf 65' lang='lat'>—87—</span> 
     </span>
    </p>
   </div>
   <div class='ocr_carea' id='block_1_2' title="bbox 104 414 1935 3587">
    <p class='ocr_par' dir='ltr' id='par_1_2' title="bbox 112 414 1935 1353">
     <span class='ocr_line' id='line_1_2' title="bbox 115 414 1935 490; baseline -0.005 -11"><span class='ocrx_word' id='word_1_2' title='bbox 115 425 295 479; x_wconf 66' lang='lat' dir='ltr'><strong>deciae</strong></span> <span class='ocrx_word' id='word_1_3' title='bbox 320 423 560 476; x_wconf 78' lang='lat' dir='ltr'><strong>unitatem</strong></span> <span class='ocrx_word' id='word_1_4' title='bbox 584 421 752 475; x_wconf 82' lang='lat' dir='ltr'><strong>divina</strong></span> <span class='ocrx_word' id='word_1_5' title='bbox 777 421 1095 475; x_wconf 85' lang='lat' dir='ltr'><strong>institutione</strong></span> <span class='ocrx_word' id='word_1_6' title='bbox 1121 419 1455 490; x_wconf 79' lang='lat' dir='ltr'><strong>exigebat‚e</strong></span> <span class='ocrx_word' id='word_1_7' title='bbox 1427 434 1488 472; x_wconf 77' lang='lat' dir='ltr'><strong>ea</strong></span> <span class='ocrx_word' id='word_1_8' title='bbox 1505 417 1624 475; x_wconf 76' lang='lat' dir='ltr'><strong>fides</strong></span> <span class='ocrx_word' id='word_1_9' title='bbox 1642 414 1761 480; x_wconf 72' lang='lat' dir='ltr'><strong>fuit,</strong></span> <span class='ocrx_word' id='word_1_10' title='bbox 1789 433 1935 486; x_wconf 81' lang='lat' dir='ltr'><strong>quam</strong></span> 
     </span>
     <span class='ocr_line' id='line_1_3' title="bbox 114 502 1934 580; baseline -0.005 -16"><span class='ocrx_word' id='word_1_11' title='bbox 114 510 300 564; x_wconf 80' lang='lat' dir='ltr'><strong>Petrus</strong></span> <span class='ocrx_word' id='word_1_12' title='bbox 339 527 430 563; x_wconf 85' lang='lat' dir='ltr'><strong>sua</strong></span> <span class='ocrx_word' id='word_1_13' title='bbox 465 507 838 580; x_wconf 86' lang='lat' dir='ltr'><strong>praedicatione</strong></span> <span class='ocrx_word' id='word_1_14' title='bbox 870 507 1134 562; x_wconf 83' lang='lat' dir='ltr'><strong>Ecclesiae</strong></span> <span class='ocrx_word' id='word_1_15' title='bbox 1170 503 1460 578; x_wconf 77' lang='lat' dir='ltr'><strong>proposuit3</strong></span> <span class='ocrx_word' id='word_1_16' title='bbox 1505 502 1578 556; x_wconf 81' lang='lat' dir='ltr'><strong>ita</strong></span> <span class='ocrx_word' id='word_1_17' title='bbox 1607 511 1669 557; x_wconf 85' lang='lat' dir='ltr'><strong>et</strong></span> <span class='ocrx_word' id='word_1_18' title='bbox 1702 520 1765 556; x_wconf 84' lang='lat' dir='ltr'><strong>ea</strong></span> <span class='ocrx_word' id='word_1_19' title='bbox 1795 502 1934 567; x_wconf 76' lang='lat' dir='ltr'><strong>fides,</strong></span> 
     </span>
     <span class='ocr_line' id='line_1_4' title="bbox 115 583 1934 667; baseline -0.004 -18"><span class='ocrx_word' id='word_1_20' title='bbox 115 614 260 667; x_wconf 88' lang='lat' dir='ltr'><strong>quam</strong></span> <span class='ocrx_word' id='word_1_21' title='bbox 307 597 479 649; x_wconf 85' lang='lat' dir='ltr'><strong>eadem</strong></span> <span class='ocrx_word' id='word_1_22' title='bbox 520 592 667 647; x_wconf 87' lang='lat' dir='ltr'><strong>Petri</strong></span> <span class='ocrx_word' id='word_1_23' title='bbox 719 593 1028 648; x_wconf 77' lang='lat' dir='ltr'><strong>auctoritate</strong></span> <span class='ocrx_word' id='word_1_24' title='bbox 1058 583 1342 664; x_wconf 80' lang='lat' dir='ltr'><strong>proponunt</strong></span> <span class='ocrx_word' id='word_1_25' title='bbox 1377 588 1599 643; x_wconf 85' lang='lat' dir='ltr'><strong>Romani</strong></span> <span class='ocrx_word' id='word_1_26' title='bbox 1642 586 1934 652; x_wconf 75' lang='lat' dir='ltr'><strong>Pontifices,</strong></span> 
     </span>
     <span class='ocr_line' id='line_1_5' title="bbox 115 675 1934 750; baseline -0.005 -15"><span class='ocrx_word' id='word_1_27' title='bbox 115 682 335 736; x_wconf 85' lang='lat' dir='ltr'><strong>eamdem</strong></span> <span class='ocrx_word' id='word_1_28' title='bbox 360 681 469 734; x_wconf 80' lang='lat' dir='ltr'><strong>fidei</strong></span> <span class='ocrx_word' id='word_1_29' title='bbox 498 680 737 734; x_wconf 85' lang='lat' dir='ltr'><strong>unitatem</strong></span> <span class='ocrx_word' id='word_1_30' title='bbox 763 679 929 734; x_wconf 77' lang='lat' dir='ltr'><strong>divino</strong></span> <span class='ocrx_word' id='word_1_31' title='bbox 954 678 1147 750; x_wconf 82' lang='lat' dir='ltr'><strong>pariter</strong></span> <span class='ocrx_word' id='word_1_32' title='bbox 1161 678 1278 747; x_wconf 86' lang='lat' dir='ltr'><strong>jure</strong></span> <span class='ocrx_word' id='word_1_33' title='bbox 1303 675 1569 747; x_wconf 80' lang='lat' dir='ltr'><strong>efflagitat,</strong></span> <span class='ocrx_word' id='word_1_34' title='bbox 1606 675 1728 728; x_wconf 87' lang='lat' dir='ltr'><strong>adeo</strong></span> <span class='ocrx_word' id='word_1_35' title='bbox 1754 684 1809 727; x_wconf 87' lang='lat' dir='ltr'><strong>ut</strong></span> <span class='ocrx_word' id='word_1_36' title='bbox 1833 693 1934 727; x_wconf 89' lang='lat' dir='ltr'><strong>non</strong></span> 
     </span>
     <span class='ocr_line' id='line_1_6' title="bbox 116 760 1935 838; baseline -0.005 -15"><span class='ocrx_word' id='word_1_37' title='bbox 116 770 223 823; x_wconf 81' lang='lat' dir='ltr'><strong>sola</strong></span> <span class='ocrx_word' id='word_1_38' title='bbox 248 768 367 821; x_wconf 89' lang='lat' dir='ltr'><strong>fides</strong></span> <span class='ocrx_word' id='word_1_39' title='bbox 393 786 422 820; x_wconf 88' lang='lat' dir='ltr'><strong>a</strong></span> <span class='ocrx_word' id='word_1_40' title='bbox 452 765 606 819; x_wconf 89' lang='lat' dir='ltr'><strong>Petro</strong></span> <span class='ocrx_word' id='word_1_41' title='bbox 633 765 888 838; x_wconf 87' lang='lat' dir='ltr'><strong>proposita</strong></span> <span class='ocrx_word' id='word_1_42' title='bbox 913 774 965 818; x_wconf 92' lang='lat' dir='ltr'><strong>et</strong></span> <span class='ocrx_word' id='word_1_43' title='bbox 987 763 1275 835; x_wconf 84' lang='lat' dir='ltr'><strong>praedicata</strong></span> <span class='ocrx_word' id='word_1_44' title='bbox 1291 801 1307 827; x_wconf 82' lang='lat'>‚</span> <span class='ocrx_word' id='word_1_45' title='bbox 1345 761 1432 815; x_wconf 85' lang='lat' dir='ltr'><strong>sed</strong></span> <span class='ocrx_word' id='word_1_46' title='bbox 1457 761 1543 814; x_wconf 86' lang='lat' dir='ltr'><strong>illa</strong></span> <span class='ocrx_word' id='word_1_47' title='bbox 1568 760 1742 826; x_wconf 81' lang='lat' dir='ltr'><strong>etiam,</strong></span> <span class='ocrx_word' id='word_1_48' title='bbox 1788 779 1935 830; x_wconf 85' lang='lat' dir='ltr'><strong>quam</strong></span> 
     </span>
     <span class='ocr_line' id='line_1_7' title="bbox 114 847 1933 925; baseline -0.004 -19"><span class='ocrx_word' id='word_1_49' title='bbox 114 863 395 925; x_wconf 87' lang='lat' dir='ltr'><strong>proponunt</strong></span> <span class='ocrx_word' id='word_1_50' title='bbox 421 862 472 906; x_wconf 87' lang='lat' dir='ltr'><strong>et</strong></span> <span class='ocrx_word' id='word_1_51' title='bbox 497 851 782 923; x_wconf 83' lang='lat' dir='ltr'><strong>praedicant</strong></span> <span class='ocrx_word' id='word_1_52' title='bbox 806 853 914 921; x_wconf 88' lang='lat' dir='ltr'><strong>ejus</strong></span> <span class='ocrx_word' id='word_1_53' title='bbox 940 866 1286 914; x_wconf 77' lang='lat' dir='ltr'><strong>successores,</strong></span> <span class='ocrx_word' id='word_1_54' title='bbox 1313 847 1538 901; x_wconf 87' lang='lat' dir='ltr'><strong>habenda</strong></span> <span class='ocrx_word' id='word_1_55' title='bbox 1563 847 1629 900; x_wconf 91' lang='lat' dir='ltr'><strong>sit</strong></span> <span class='ocrx_word' id='word_1_56' title='bbox 1652 847 1737 900; x_wconf 83' lang='lat' dir='ltr'><strong>illa</strong></span> <span class='ocrx_word' id='word_1_57' title='bbox 1757 854 1933 916; x_wconf 81' lang='lat' dir='ltr'><strong>petra,</strong></span> 
     </span>
     <span class='ocr_line' id='line_1_8' title="bbox 116 931 1934 992; baseline -0.003 0"><span class='ocrx_word' id='word_1_58' title='bbox 116 940 192 992; x_wconf 89' lang='lat' dir='ltr'><strong>cui</strong></span> <span class='ocrx_word' id='word_1_59' title='bbox 217 939 427 992; x_wconf 80' lang='lat' dir='ltr'><strong>unitatis</strong></span> <span class='ocrx_word' id='word_1_60' title='bbox 453 941 585 991; x_wconf 86' lang='lat' dir='ltr'><strong>hono</strong></span> <span class='ocrx_word' id='word_1_61' title='bbox 610 946 716 990; x_wconf 85' lang='lat' dir='ltr'><strong>tota</strong></span> <span class='ocrx_word' id='word_1_62' title='bbox 737 934 971 990; x_wconf 80' lang='lat' dir='ltr'><strong>Ecclesia</strong></span> <span class='ocrx_word' id='word_1_63' title='bbox 997 931 1204 988; x_wconf 87' lang='lat' dir='ltr'><strong>Christo</strong></span> <span class='ocrx_word' id='word_1_64' title='bbox 1230 934 1526 987; x_wconf 84' lang='lat' dir='ltr'><strong>instituente</strong></span> <span class='ocrx_word' id='word_1_65' title='bbox 1563 933 1708 987; x_wconf 90' lang='lat' dir='ltr'><strong>debet</strong></span> <span class='ocrx_word' id='word_1_66' title='bbox 1746 934 1934 987; x_wconf 89' lang='lat' dir='ltr'><strong>incum-</strong></span> 
     </span>
     <span class='ocr_line' id='line_1_9' title="bbox 115 1020 1934 1092; baseline -0.003 -15"><span class='ocrx_word' id='word_1_67' title='bbox 115 1027 234 1079; x_wconf 87' lang='lat' dir='ltr'><strong>bere</strong></span> <span class='ocrx_word' id='word_1_68' title='bbox 260 1036 313 1079; x_wconf 86' lang='lat' dir='ltr'><strong>et</strong></span> <span class='ocrx_word' id='word_1_69' title='bbox 336 1026 618 1079; x_wconf 84' lang='lat' dir='ltr'><strong>inhaerere.</strong></span> <span class='ocrx_word' id='word_1_70' title='bbox 682 1020 843 1076; x_wconf 89' lang='lat' dir='ltr'><strong>Secus</strong></span> <span class='ocrx_word' id='word_1_71' title='bbox 869 1021 990 1075; x_wconf 89' lang='lat' dir='ltr'><strong>nihil</strong></span> <span class='ocrx_word' id='word_1_72' title='bbox 1014 1020 1112 1074; x_wconf 86' lang='lat' dir='ltr'><strong>erit</strong></span> <span class='ocrx_word' id='word_1_73' title='bbox 1137 1021 1390 1092; x_wconf 80' lang='lat' dir='ltr'><strong>praecipui</strong></span> <span class='ocrx_word' id='word_1_74' title='bbox 1414 1020 1566 1092; x_wconf 86' lang='lat' dir='ltr'><strong>juris,</strong></span> <span class='ocrx_word' id='word_1_75' title='bbox 1593 1020 1720 1089; x_wconf 87' lang='lat' dir='ltr'><strong>quod</strong></span> <span class='ocrx_word' id='word_1_76' title='bbox 1746 1021 1799 1072; x_wconf 92' lang='lat' dir='ltr'><strong>in</strong></span> <span class='ocrx_word' id='word_1_77' title='bbox 1824 1020 1934 1072; x_wconf 88' lang='lat' dir='ltr'><strong>uni-</strong></span> 
     </span>
     <span class='ocr_line' id='line_1_10' title="bbox 114 1106 1934 1180; baseline -0.002 -19"><span class='ocrx_word' id='word_1_78' title='bbox 114 1120 266 1163; x_wconf 80' lang='lat' dir='ltr'><strong>tatem</strong></span> <span class='ocrx_word' id='word_1_79' title='bbox 291 1110 551 1164; x_wconf 82' lang='lat' dir='ltr'><strong>Ecclesiae</strong></span> <span class='ocrx_word' id='word_1_80' title='bbox 575 1127 631 1163; x_wconf 90' lang='lat' dir='ltr'><strong>ac</strong></span> <span class='ocrx_word' id='word_1_81' title='bbox 657 1108 708 1161; x_wconf 89' lang='lat' dir='ltr'><strong>in</strong></span> <span class='ocrx_word' id='word_1_82' title='bbox 733 1108 975 1180; x_wconf 81' lang='lat' dir='ltr'><strong>primatus</strong></span> <span class='ocrx_word' id='word_1_83' title='bbox 1001 1108 1247 1160; x_wconf 84' lang='lat' dir='ltr'><strong>rationem</strong></span> <span class='ocrx_word' id='word_1_84' title='bbox 1272 1106 1417 1160; x_wconf 84' lang='lat' dir='ltr'><strong>Petri</strong></span> <span class='ocrx_word' id='word_1_85' title='bbox 1442 1107 1584 1159; x_wconf 87' lang='lat' dir='ltr'><strong>simul</strong></span> <span class='ocrx_word' id='word_1_86' title='bbox 1609 1116 1659 1159; x_wconf 92' lang='lat' dir='ltr'><strong>et</strong></span> <span class='ocrx_word' id='word_1_87' title='bbox 1676 1124 1934 1159; x_wconf 88' lang='lat' dir='ltr'><strong>successo-</strong></span> 
     </span>
     <span class='ocr_line' id='line_1_11' title="bbox 113 1192 1934 1267; baseline -0.002 -21"><span class='ocrx_word' id='word_1_88' title='bbox 113 1214 219 1247; x_wconf 86' lang='lat' dir='ltr'><strong>rum</strong></span> <span class='ocrx_word' id='word_1_89' title='bbox 247 1198 351 1267; x_wconf 88' lang='lat' dir='ltr'><strong>ejus</strong></span> <span class='ocrx_word' id='word_1_90' title='bbox 378 1195 630 1267; x_wconf 90' lang='lat' dir='ltr'><strong>proprium</strong></span> <span class='ocrx_word' id='word_1_91' title='bbox 656 1213 727 1248; x_wconf 82' lang='lat' dir='ltr'><strong>ex</strong></span> <span class='ocrx_word' id='word_1_92' title='bbox 762 1196 962 1248; x_wconf 86' lang='lat' dir='ltr'><strong>laudato</strong></span> <span class='ocrx_word' id='word_1_93' title='bbox 989 1193 1299 1265; x_wconf 83' lang='lat' dir='ltr'><strong>Evangelieo</strong></span> <span class='ocrx_word' id='word_1_94' title='bbox 1337 1202 1486 1246; x_wconf 78' lang='lat' dir='ltr'><strong>textu</strong></span> <span class='ocrx_word' id='word_1_95' title='bbox 1523 1211 1746 1263; x_wconf 86' lang='lat' dir='ltr'><strong>congrua</strong></span> <span class='ocrx_word' id='word_1_96' title='bbox 1778 1192 1934 1245; x_wconf 85' lang='lat' dir='ltr'><strong>inter-</strong></span> 
     </span>
     <span class='ocr_line' id='line_1_12' title="bbox 112 1279 1339 1353; baseline -0.002 -19"><span class='ocrx_word' id='word_1_97' title='bbox 112 1283 393 1353; x_wconf 78' lang='lat' dir='ltr'><strong>pretatione</strong></span> <span class='ocrx_word' id='word_1_98' title='bbox 419 1282 662 1346; x_wconf 75' lang='lat' dir='ltr'><strong>eliciatur,</strong></span> <span class='ocrx_word' id='word_1_99' title='bbox 689 1291 742 1333; x_wconf 90' lang='lat' dir='ltr'><strong>ut</strong></span> <span class='ocrx_word' id='word_1_100' title='bbox 768 1282 1106 1335; x_wconf 86' lang='lat' dir='ltr'><strong>consideranti</strong></span> <span class='ocrx_word' id='word_1_101' title='bbox 1133 1279 1339 1352; x_wconf 86' lang='lat' dir='ltr'><strong>patebit.</strong></span> 
     </span>
    </p>

    <p class='ocr_par' dir='ltr' id='par_1_3' title="bbox 104 1365 1933 3587">
     <span class='ocr_line' id='line_1_13' title="bbox 255 1365 1932 1436; baseline -0.002 -16"><span class='ocrx_word' id='word_1_102' title='bbox 255 1369 341 1421; x_wconf 73' lang='lat'><strong>52.</strong></span> <span class='ocrx_word' id='word_1_103' title='bbox 394 1368 741 1420; x_wconf 84' lang='lat' dir='ltr'><strong>Traditionem</strong></span> <span class='ocrx_word' id='word_1_104' title='bbox 778 1368 972 1436; x_wconf 88' lang='lat' dir='ltr'><strong>quidem</strong></span> <span class='ocrx_word' id='word_1_105' title='bbox 1010 1368 1053 1420; x_wconf 89' lang='lat' dir='ltr'><strong>si</strong></span> <span class='ocrx_word' id='word_1_106' title='bbox 1082 1368 1426 1429; x_wconf 83' lang='lat' dir='ltr'><strong>consulamuS‚</strong></span> <span class='ocrx_word' id='word_1_107' title='bbox 1466 1365 1686 1417; x_wconf 87' lang='lat' dir='ltr'><strong>eamdem</strong></span> <span class='ocrx_word' id='word_1_108' title='bbox 1724 1365 1932 1416; x_wconf 89' lang='lat' dir='ltr'><strong>unitatis</strong></span> 
     </span>
     <span class='ocr_line' id='line_1_14' title="bbox 112 1450 1933 1515; baseline -0.001 -11"><span class='ocrx_word' id='word_1_109' title='bbox 112 1454 221 1505; x_wconf 85' lang='lat' dir='ltr'><strong>fidei</strong></span> <span class='ocrx_word' id='word_1_110' title='bbox 249 1454 599 1506; x_wconf 86' lang='lat' dir='ltr'><strong>necessitatem</strong></span> <span class='ocrx_word' id='word_1_111' title='bbox 626 1472 734 1505; x_wconf 87' lang='lat' dir='ltr'><strong>cum</strong></span> <span class='ocrx_word' id='word_1_112' title='bbox 761 1451 817 1505; x_wconf 89' lang='lat' dir='ltr'><strong>S.</strong></span> <span class='ocrx_word' id='word_1_113' title='bbox 839 1451 985 1504; x_wconf 85' lang='lat' dir='ltr'><strong>Petri</strong></span> <span class='ocrx_word' id='word_1_114' title='bbox 1011 1470 1068 1504; x_wconf 90' lang='lat' dir='ltr'><strong>ac</strong></span> <span class='ocrx_word' id='word_1_115' title='bbox 1094 1451 1356 1504; x_wconf 84' lang='lat' dir='ltr'><strong>Romanae</strong></span> <span class='ocrx_word' id='word_1_116' title='bbox 1382 1450 1532 1515; x_wconf 86' lang='lat' dir='ltr'><strong>sediS‚</strong></span> <span class='ocrx_word' id='word_1_117' title='bbox 1559 1469 1649 1503; x_wconf 86' lang='lat' dir='ltr'><strong>seu</strong></span> <span class='ocrx_word' id='word_1_118' title='bbox 1674 1450 1933 1504; x_wconf 87' lang='lat' dir='ltr'><strong>Romano-</strong></span> 
     </span>
     <span class='ocr_line' id='line_1_15' title="bbox 113 1537 1933 1609; baseline 0 -19"><span class='ocrx_word' id='word_1_119' title='bbox 113 1559 218 1591; x_wconf 71' lang='lat' dir='ltr'><strong>riun</strong></span> <span class='ocrx_word' id='word_1_120' title='bbox 244 1538 543 1591; x_wconf 84' lang='lat' dir='ltr'><strong>Pontificum</strong></span> <span class='ocrx_word' id='word_1_121' title='bbox 563 1537 705 1591; x_wconf 87' lang='lat' dir='ltr'><strong>Petri</strong></span> <span class='ocrx_word' id='word_1_122' title='bbox 733 1556 1074 1592; x_wconf 83' lang='lat' dir='ltr'><strong>successorum</strong></span> <span class='ocrx_word' id='word_1_123' title='bbox 1101 1538 1193 1591; x_wconf 91' lang='lat' dir='ltr'><strong>fide</strong></span> <span class='ocrx_word' id='word_1_124' title='bbox 1218 1547 1455 1609; x_wconf 88' lang='lat' dir='ltr'><strong>perpetuo</strong></span> <span class='ocrx_word' id='word_1_125' title='bbox 1484 1537 1706 1607; x_wconf 77' lang='lat' dir='ltr'><strong>agnovit,</strong></span> <span class='ocrx_word' id='word_1_126' title='bbox 1734 1547 1787 1589; x_wconf 93' lang='lat' dir='ltr'><strong>ut</strong></span> <span class='ocrx_word' id='word_1_127' title='bbox 1816 1557 1933 1590; x_wconf 90' lang='lat' dir='ltr'><strong>con-</strong></span> 
     </span>
     <span class='ocr_line' id='line_1_16' title="bbox 112 1621 1932 1695; baseline 0 -20"><span class='ocrx_word' id='word_1_128' title='bbox 112 1624 262 1676; x_wconf 88' lang='lat' dir='ltr'><strong>stabit</strong></span> <span class='ocrx_word' id='word_1_129' title='bbox 286 1641 355 1675; x_wconf 78' lang='lat' dir='ltr'><strong>ex</strong></span> <span class='ocrx_word' id='word_1_130' title='bbox 380 1623 598 1675; x_wconf 84' lang='lat' dir='ltr'><strong>dicendis</strong></span> <span class='ocrx_word' id='word_1_131' title='bbox 623 1625 784 1695; x_wconf 92' lang='lat' dir='ltr'><strong>capite</strong></span> <span class='ocrx_word' id='word_1_132' title='bbox 811 1625 1054 1693; x_wconf 87' lang='lat' dir='ltr'><strong>sequenti.</strong></span> <span class='ocrx_word' id='word_1_133' title='bbox 1109 1622 1262 1677; x_wconf 87' lang='lat' dir='ltr'><strong>Certe</strong></span> <span class='ocrx_word' id='word_1_134' title='bbox 1284 1624 1429 1676; x_wconf 88' lang='lat' dir='ltr'><strong>iidem</strong></span> <span class='ocrx_word' id='word_1_135' title='bbox 1443 1621 1586 1676; x_wconf 85' lang='lat' dir='ltr'><strong>Petri</strong></span> <span class='ocrx_word' id='word_1_136' title='bbox 1614 1642 1932 1677; x_wconf 81' lang='lat' dir='ltr'><strong>successores</strong></span> 
     </span>
     <span class='ocr_line' id='line_1_17' title="bbox 111 1708 1931 1778; baseline 0.002 -18"><span class='ocrx_word' id='word_1_137' title='bbox 111 1709 279 1760; x_wconf 90' lang='lat' dir='ltr'><strong>eadem</strong></span> <span class='ocrx_word' id='word_1_138' title='bbox 307 1708 530 1772; x_wconf 83' lang='lat' dir='ltr'><strong>ratione,</strong></span> <span class='ocrx_word' id='word_1_139' title='bbox 557 1727 653 1778; x_wconf 87' lang='lat' dir='ltr'><strong>qua</strong></span> <span class='ocrx_word' id='word_1_140' title='bbox 670 1708 730 1761; x_wconf 88' lang='lat' dir='ltr'><strong>S.</strong></span> <span class='ocrx_word' id='word_1_141' title='bbox 758 1709 944 1762; x_wconf 88' lang='lat' dir='ltr'><strong>Petrus</strong></span> <span class='ocrx_word' id='word_1_142' title='bbox 962 1749 976 1772; x_wconf 83' lang='lat'>,</span> <span class='ocrx_word' id='word_1_143' title='bbox 1012 1708 1270 1762; x_wconf 83' lang='lat' dir='ltr'><strong>Ecclesiae</strong></span> <span class='ocrx_word' id='word_1_144' title='bbox 1290 1717 1452 1777; x_wconf 84' lang='lat' dir='ltr'><strong>petra</strong></span> <span class='ocrx_word' id='word_1_145' title='bbox 1478 1729 1507 1761; x_wconf 92' lang='lat' dir='ltr'><strong>a</strong></span> <span class='ocrx_word' id='word_1_146' title='bbox 1533 1708 1735 1762; x_wconf 87' lang='lat' dir='ltr'><strong>Sanctis</strong></span> <span class='ocrx_word' id='word_1_147' title='bbox 1762 1710 1931 1763; x_wconf 86' lang='lat' dir='ltr'><strong>Patri-</strong></span> 
     </span>
     <span class='ocr_line' id='line_1_18' title="bbox 109 1793 1929 1868; baseline 0.002 -23"><span class='ocrx_word' id='word_1_148' title='bbox 109 1795 198 1845; x_wconf 88' lang='lat' dir='ltr'><strong>bus</strong></span> <span class='ocrx_word' id='word_1_149' title='bbox 225 1793 341 1846; x_wconf 88' lang='lat' dir='ltr'><strong>dicti</strong></span> <span class='ocrx_word' id='word_1_150' title='bbox 370 1793 706 1847; x_wconf 88' lang='lat' dir='ltr'><strong>inveniuntur.</strong></span> <span class='ocrx_word' id='word_1_151' title='bbox 770 1793 826 1847; x_wconf 88' lang='lat' dir='ltr'><strong>S.</strong></span> <span class='ocrx_word' id='word_1_152' title='bbox 854 1795 1169 1866; x_wconf 85' lang='lat' dir='ltr'><strong>Augustinus</strong></span> <span class='ocrx_word' id='word_1_153' title='bbox 1203 1795 1254 1847; x_wconf 92' lang='lat' dir='ltr'><strong>iu</strong></span> <span class='ocrx_word' id='word_1_154' title='bbox 1290 1793 1493 1847; x_wconf 86' lang='lat' dir='ltr'><strong>Psalmo</strong></span> <span class='ocrx_word' id='word_1_155' title='bbox 1528 1805 1702 1848; x_wconf 87' lang='lat' dir='ltr'><strong>contra</strong></span> <span class='ocrx_word' id='word_1_156' title='bbox 1740 1807 1929 1868; x_wconf 84' lang='lat' dir='ltr'><strong>partem</strong></span> 
     </span>
     <span class='ocr_line' id='line_1_19' title="bbox 108 1878 1930 1951; baseline 0.002 -20"><span class='ocrx_word' id='word_1_157' title='bbox 108 1878 297 1931; x_wconf 87' lang='lat' dir='ltr'><strong>Donati</strong></span> <span class='ocrx_word' id='word_1_158' title='bbox 334 1881 622 1934; x_wconf 87' lang='lat' dir='ltr'><strong>memoratis</strong></span> <span class='ocrx_word' id='word_1_159' title='bbox 661 1881 921 1935; x_wconf 87' lang='lat' dir='ltr'><strong>Romanae</strong></span> <span class='ocrx_word' id='word_1_160' title='bbox 974 1882 1104 1935; x_wconf 89' lang='lat' dir='ltr'><strong>sedis</strong></span> <span class='ocrx_word' id='word_1_161' title='bbox 1154 1880 1508 1945; x_wconf 79' lang='lat' dir='ltr'><strong>Pontificibus,</strong></span> <span class='ocrx_word' id='word_1_162' title='bbox 1556 1882 1637 1951; x_wconf 88' lang='lat' dir='ltr'><strong>qui</strong></span> <span class='ocrx_word' id='word_1_163' title='bbox 1675 1880 1732 1935; x_wconf 89' lang='lat' dir='ltr'><strong>S.</strong></span> <span class='ocrx_word' id='word_1_164' title='bbox 1773 1882 1930 1936; x_wconf 87' lang='lat' dir='ltr'><strong>Petro</strong></span> 
     </span>
     <span class='ocr_line' id='line_1_20' title="bbox 110 1967 1929 2039; baseline 0.003 -21"><span class='ocrx_word' id='word_1_165' title='bbox 110 1976 472 2030; x_wconf 81' lang='lat' dir='ltr'><strong>successerunt,</strong></span> <span class='ocrx_word' id='word_1_166' title='bbox 502 1967 712 2019; x_wconf 86' lang='lat' dir='ltr'><strong>addidit:</strong></span> <span class='ocrx_word' id='word_1_167' title='bbox 741 1970 867 2037; x_wconf 78' lang='lat' dir='ltr'><strong>Ipsa</strong></span> <span class='ocrx_word' id='word_1_168' title='bbox 896 1978 974 2022; x_wconf 81' lang='lat' dir='ltr'><strong>est</strong></span> <span class='ocrx_word' id='word_1_169' title='bbox 990 1977 1171 2038; x_wconf 77' lang='lat' dir='ltr'><strong>petra,</strong></span> <span class='ocrx_word' id='word_1_170' title='bbox 1199 1988 1354 2037; x_wconf 80' lang='lat' dir='ltr'><strong>quam</strong></span> <span class='ocrx_word' id='word_1_171' title='bbox 1380 1988 1484 2020; x_wconf 74' lang='lat' dir='ltr'><strong>non</strong></span> <span class='ocrx_word' id='word_1_172' title='bbox 1513 1973 1727 2022; x_wconf 74' lang='lat' dir='ltr'><strong>vincunt</strong></span> <span class='ocrx_word' id='word_1_173' title='bbox 1751 1990 1929 2039; x_wconf 76' lang='lat' dir='ltr'><strong>super-</strong></span> 
     </span>
     <span class='ocr_line' id='line_1_21' title="bbox 108 2053 1928 2121; baseline 0.004 -19"><span class='ocrx_word' id='word_1_174' title='bbox 108 2053 204 2102; x_wconf 74' lang='lat' dir='ltr'><strong>bae</strong></span> <span class='ocrx_word' id='word_1_175' title='bbox 229 2056 526 2119; x_wconf 73' lang='lat' dir='ltr'><strong>inferorum</strong></span> <span class='ocrx_word' id='word_1_176' title='bbox 555 2062 763 2121; x_wconf 81' lang='lat' dir='ltr'><strong>portae.</strong></span> <span class='ocrx_word' id='word_1_177' title='bbox 825 2053 881 2106; x_wconf 36' lang='lat' dir='ltr'><strong>Si</strong></span> <span class='ocrx_word' id='word_1_178' title='bbox 911 2053 1020 2107; x_wconf 91' lang='lat' dir='ltr'><strong>Leo</strong></span> <span class='ocrx_word' id='word_1_179' title='bbox 1048 2073 1198 2108; x_wconf 89' lang='lat' dir='ltr'><strong>serm.</strong></span> <span class='ocrx_word' id='word_1_180' title='bbox 1227 2054 1280 2107; x_wconf 85' lang='lat'><strong>5.</strong></span> <span class='ocrx_word' id='word_1_181' title='bbox 1309 2055 1373 2106; x_wconf 90' lang='lat' dir='ltr'><strong>al.</strong></span> <span class='ocrx_word' id='word_1_182' title='bbox 1401 2055 1453 2106; x_wconf 89' lang='grc'><strong>4.</strong></span> <span class='ocrx_word' id='word_1_183' title='bbox 1482 2055 1532 2106; x_wconf 88' lang='lat' dir='ltr'><strong>in</strong></span> <span class='ocrx_word' id='word_1_184' title='bbox 1559 2055 1928 2110; x_wconf 82' lang='lat' dir='ltr'><strong>Anniversario</strong></span> 
     </span>
     <span class='ocr_line' id='line_1_22' title="bbox 111 2138 1925 2211; baseline 0.005 -24"><span class='ocrx_word' id='word_1_185' title='bbox 111 2138 429 2189; x_wconf 83' lang='lat' dir='ltr'><strong>assumtionis</strong></span> <span class='ocrx_word' id='word_1_186' title='bbox 469 2157 589 2190; x_wconf 87' lang='lat' dir='ltr'><strong>suae</strong></span> <span class='ocrx_word' id='word_1_187' title='bbox 628 2157 671 2191; x_wconf 91' lang='lat' dir='ltr'><strong>c.</strong></span> <span class='ocrx_word' id='word_1_188' title='bbox 710 2139 763 2191; x_wconf 82' lang='grc'><strong>4.</strong></span> <span class='ocrx_word' id='word_1_189' title='bbox 824 2143 1084 2193; x_wconf 73' lang='lat' dir='ltr'><strong>soliditas</strong></span> <span class='ocrx_word' id='word_1_190' title='bbox 1125 2145 1259 2194; x_wconf 78' lang='lat' dir='ltr'><strong>enim</strong></span> <span class='ocrx_word' id='word_1_191' title='bbox 1295 2143 1422 2201; x_wconf 82' lang='lat' dir='ltr'><strong>illa,</strong></span> <span class='ocrx_word' id='word_1_192' title='bbox 1472 2162 1628 2210; x_wconf 79' lang='lat' dir='ltr'><strong>quam</strong></span> <span class='ocrx_word' id='word_1_193' title='bbox 1667 2146 1732 2194; x_wconf 81' lang='lat' dir='ltr'><strong>dc</strong></span> <span class='ocrx_word' id='word_1_194' title='bbox 1768 2153 1925 2211; x_wconf 79' lang='lat' dir='ltr'><strong>petra</strong></span> 
     </span>
     <span class='ocr_line' id='line_1_23' title="bbox 118 2223 1925 2299; baseline 0.004 -25"><span class='ocrx_word' id='word_1_195' title='bbox 118 2223 329 2274; x_wconf 80' lang='lat' dir='ltr'><strong>Christo</strong></span> <span class='ocrx_word' id='word_1_196' title='bbox 358 2227 513 2275; x_wconf 77' lang='lat' dir='ltr'><strong>etiam</strong></span> <span class='ocrx_word' id='word_1_197' title='bbox 539 2228 653 2292; x_wconf 76' lang='lat' dir='ltr'><strong>ipse-</strong></span> <span class='ocrx_word' id='word_1_198' title='bbox 680 2224 923 2294; x_wconf 82' lang='lat' dir='ltr'><strong>(Petrus)</strong></span> <span class='ocrx_word' id='word_1_199' title='bbox 943 2234 1107 2295; x_wconf 78' lang='lat' dir='ltr'><strong>petra</strong></span> <span class='ocrx_word' id='word_1_200' title='bbox 1128 2230 1309 2294; x_wconf 79' lang='lat' dir='ltr'><strong>factus</strong></span> <span class='ocrx_word' id='word_1_201' title='bbox 1336 2231 1561 2295; x_wconf 79' lang='lat' dir='ltr'><strong>accepit,</strong></span> <span class='ocrx_word' id='word_1_202' title='bbox 1589 2232 1641 2279; x_wconf 78' lang='lat' dir='ltr'><strong>in</strong></span> <span class='ocrx_word' id='word_1_203' title='bbox 1662 2248 1784 2280; x_wconf 78' lang='lat' dir='ltr'><strong>suos</strong></span> <span class='ocrx_word' id='word_1_204' title='bbox 1804 2250 1925 2299; x_wconf 81' lang='lat' dir='ltr'><strong>quo-</strong></span> 
     </span>
     <span class='ocr_line' id='line_1_24' title="bbox 110 2311 1926 2385; baseline 0.004 -26"><span class='ocrx_word' id='word_1_205' title='bbox 110 2327 208 2377; x_wconf 83' lang='lat' dir='ltr'><strong>que</strong></span> <span class='ocrx_word' id='word_1_206' title='bbox 233 2328 288 2360; x_wconf 82' lang='lat' dir='ltr'><strong>se</strong></span> <span class='ocrx_word' id='word_1_207' title='bbox 314 2313 607 2377; x_wconf 75' lang='lat' dir='ltr'><strong>transfudit</strong></span> <span class='ocrx_word' id='word_1_208' title='bbox 632 2313 880 2363; x_wconf 78' lang='lat' dir='ltr'><strong>heredes:</strong></span> <span class='ocrx_word' id='word_1_209' title='bbox 909 2321 958 2364; x_wconf 86' lang='lat' dir='ltr'><strong>et</strong></span> <span class='ocrx_word' id='word_1_210' title='bbox 985 2322 1100 2363; x_wconf 87' lang='lat' dir='ltr'><strong>ante</strong></span> <span class='ocrx_word' id='word_1_211' title='bbox 1126 2311 1282 2382; x_wconf 90' lang='lat' dir='ltr'><strong>ipsum</strong></span> <span class='ocrx_word' id='word_1_212' title='bbox 1308 2311 1598 2364; x_wconf 83' lang='lat' dir='ltr'><strong>Bonifacius</strong></span> <span class='ocrx_word' id='word_1_213' title='bbox 1617 2312 1655 2365; x_wconf 92' lang='grc' dir='ltr'><strong>Ι.</strong></span> <span class='ocrx_word' id='word_1_214' title='bbox 1685 2333 1761 2385; x_wconf 88' lang='lat' dir='ltr'><strong>ep.</strong></span> <span class='ocrx_word' id='word_1_215' title='bbox 1787 2316 1838 2367; x_wconf 81' lang='lat'><strong>4.</strong></span> <span class='ocrx_word' id='word_1_216' title='bbox 1869 2318 1926 2368; x_wconf 88' lang='lat' dir='ltr'><strong>ad</strong></span> 
     </span>
     <span class='ocr_line' id='line_1_25' title="bbox 108 2393 1927 2469; baseline 0.005 -25"><span class='ocrx_word' id='word_1_217' title='bbox 108 2393 291 2446; x_wconf 72' lang='lat' dir='ltr'><strong>Ruftun</strong></span> <span class='ocrx_word' id='word_1_218' title='bbox 320 2394 821 2450; x_wconf 86' lang='lat' dir='ltr'><strong>Thessalonicensem</strong></span> <span class='ocrx_word' id='word_1_219' title='bbox 849 2416 898 2449; x_wconf 88' lang='lat' dir='ltr'><strong>n.</strong></span> <span class='ocrx_word' id='word_1_220' title='bbox 930 2398 979 2450; x_wconf 93' lang='lat' dir='ltr'><strong>l.</strong></span> <span class='ocrx_word' id='word_1_221' title='bbox 1052 2399 1218 2457; x_wconf 79' lang='lat' dir='ltr'><strong>Quam</strong></span> <span class='ocrx_word' id='word_1_222' title='bbox 1247 2397 1560 2469; x_wconf 80' lang='lat' dir='ltr'><strong>(Romanam</strong></span> <span class='ocrx_word' id='word_1_223' title='bbox 1588 2400 1782 2468; x_wconf 77' lang='lat' dir='ltr'><strong>sedem)</strong></span> <span class='ocrx_word' id='word_1_224' title='bbox 1809 2421 1927 2454; x_wconf 78' lang='lat' dir='ltr'><strong>con-</strong></span> 
     </span>
     <span class='ocr_line' id='line_1_26' title="bbox 106 2483 1925 2556; baseline 0.005 -25"><span class='ocrx_word' id='word_1_225' title='bbox 106 2488 211 2532; x_wconf 81' lang='lat' dir='ltr'><strong>stat</strong></span> <span class='ocrx_word' id='word_1_226' title='bbox 236 2483 544 2549; x_wconf 70' lang='lat' dir='ltr'><strong>‹liquatione</strong></span> <span class='ocrx_word' id='word_1_227' title='bbox 579 2491 768 2551; x_wconf 80' lang='lat' dir='ltr'><strong>petrae</strong></span> <span class='ocrx_word' id='word_1_228' title='bbox 809 2486 1071 2552; x_wconf 77' lang='lat' dir='ltr'><strong>spiritalis</strong></span> <span class='ocrx_word' id='word_1_229' title='bbox 1111 2486 1319 2536; x_wconf 82' lang='lat' dir='ltr'><strong>elatam.</strong></span> <span class='ocrx_word' id='word_1_230' title='bbox 1383 2483 1536 2537; x_wconf 86' lang='lat' dir='ltr'><strong>Mitto</strong></span> <span class='ocrx_word' id='word_1_231' title='bbox 1575 2485 1672 2537; x_wconf 90' lang='lat' dir='ltr'><strong>alia</strong></span> <span class='ocrx_word' id='word_1_232' title='bbox 1710 2489 1925 2556; x_wconf 87' lang='lat' dir='ltr'><strong>ejusdem</strong></span> 
     </span>
     <span class='ocr_line' id='line_1_27' title="bbox 105 2566 1926 2641; baseline 0.004 -23"><span class='ocrx_word' id='word_1_233' title='bbox 105 2566 308 2635; x_wconf 83' lang='lat' dir='ltr'><strong>generis</strong></span> <span class='ocrx_word' id='word_1_234' title='bbox 334 2568 506 2638; x_wconf 86' lang='lat' dir='ltr'><strong>plura:</strong></span> <span class='ocrx_word' id='word_1_235' title='bbox 534 2588 662 2638; x_wconf 92' lang='lat' dir='ltr'><strong>quae</strong></span> <span class='ocrx_word' id='word_1_236' title='bbox 689 2569 963 2641; x_wconf 83' lang='lat' dir='ltr'><strong>respiciens</strong></span> <span class='ocrx_word' id='word_1_237' title='bbox 989 2569 1266 2623; x_wconf 88' lang='lat' dir='ltr'><strong>Bossuetus</strong></span> <span class='ocrx_word' id='word_1_238' title='bbox 1292 2570 1343 2622; x_wconf 92' lang='lat' dir='ltr'><strong>in</strong></span> <span class='ocrx_word' id='word_1_239' title='bbox 1370 2589 1600 2623; x_wconf 88' lang='lat' dir='ltr'><strong>sermone</strong></span> <span class='ocrx_word' id='word_1_240' title='bbox 1624 2573 1683 2623; x_wconf 91' lang='lat' dir='ltr'><strong>ad</strong></span> <span class='ocrx_word' id='word_1_241' title='bbox 1710 2570 1926 2625; x_wconf 88' lang='lat' dir='ltr'><strong>Comitia</strong></span> 
     </span>
     <span class='ocr_line' id='line_1_28' title="bbox 109 2649 1925 2729; baseline 0.005 -26"><span class='ocrx_word' id='word_1_242' title='bbox 109 2649 247 2703; x_wconf 87' lang='lat' dir='ltr'><strong>Cleri</strong></span> <span class='ocrx_word' id='word_1_243' title='bbox 272 2651 515 2706; x_wconf 88' lang='lat' dir='ltr'><strong>Gallicani</strong></span> <span class='ocrx_word' id='word_1_244' title='bbox 555 2674 635 2706; x_wconf 90' lang='lat' dir='ltr'><strong>an.</strong></span> <span class='ocrx_word' id='word_1_245' title='bbox 679 2656 836 2710; x_wconf 83' lang='lat'>1681.</span> <span class='ocrx_word' id='word_1_246' title='bbox 875 2656 922 2707; x_wconf 91' lang='lat' dir='ltr'><strong>id</strong></span> <span class='ocrx_word' id='word_1_247' title='bbox 961 2665 1209 2725; x_wconf 89' lang='lat' dir='ltr'><strong>tamquam</strong></span> <span class='ocrx_word' id='word_1_248' title='bbox 1246 2667 1435 2709; x_wconf 88' lang='lat' dir='ltr'><strong>certum</strong></span> <span class='ocrx_word' id='word_1_249' title='bbox 1472 2676 1541 2710; x_wconf 85' lang='lat' dir='ltr'><strong>ex</strong></span> <span class='ocrx_word' id='word_1_250' title='bbox 1569 2658 1660 2710; x_wconf 89' lang='lat' dir='ltr'><strong>fide</strong></span> <span class='ocrx_word' id='word_1_251' title='bbox 1698 2660 1925 2729; x_wconf 74' lang='lat' dir='ltr'><strong>prodidit,</strong></span> 
     </span>
     <span class='ocr_line' id='line_1_29' title="bbox 108 2734 1925 2813; baseline 0.005 -25"><span class='ocrx_word' id='word_1_252' title='bbox 108 2734 165 2788; x_wconf 88' lang='lat' dir='ltr'><strong>S.</strong></span> <span class='ocrx_word' id='word_1_253' title='bbox 194 2735 398 2788; x_wconf 89' lang='lat' dir='ltr'><strong>Petrum</strong></span> <span class='ocrx_word' id='word_1_254' title='bbox 427 2742 480 2790; x_wconf 80' lang='lat' dir='ltr'><strong>in</strong></span> <span class='ocrx_word' id='word_1_255' title='bbox 506 2743 613 2791; x_wconf 78' lang='lat' dir='ltr'><strong>suis</strong></span> <span class='ocrx_word' id='word_1_256' title='bbox 640 2743 1026 2794; x_wconf 79' lang='lat' dir='ltr'><strong>successoribus</strong></span> <span class='ocrx_word' id='word_1_257' title='bbox 1053 2762 1258 2809; x_wconf 76' lang='lat' dir='ltr'><strong>semper</strong></span> <span class='ocrx_word' id='word_1_258' title='bbox 1285 2763 1396 2795; x_wconf 77' lang='lat' dir='ltr'><strong>esse</strong></span> <span class='ocrx_word' id='word_1_259' title='bbox 1434 2753 1657 2813; x_wconf 80' lang='lat' dir='ltr'><strong>petram,</strong></span> <span class='ocrx_word' id='word_1_260' title='bbox 1697 2763 1783 2798; x_wconf 89' lang='lat' dir='ltr'><strong>seu</strong></span> <span class='ocrx_word' id='word_1_261' title='bbox 1806 2751 1925 2813; x_wconf 78' lang='lat' dir='ltr'><strong>fun-</strong></span> 
     </span>
     <span class='ocr_line' id='line_1_30' title="bbox 107 2824 1924 2900; baseline 0.007 -28"><span class='ocrx_word' id='word_1_262' title='bbox 107 2824 405 2873; x_wconf 72' lang='lat' dir='ltr'><strong>damentum</strong></span> <span class='ocrx_word' id='word_1_263' title='bbox 437 2825 703 2892; x_wconf 73' lang='lat' dir='ltr'><strong>fidelium-3</strong></span> <span class='ocrx_word' id='word_1_264' title='bbox 741 2826 1009 2894; x_wconf 86' lang='lat' dir='ltr'><strong>eademque</strong></span> <span class='ocrx_word' id='word_1_265' title='bbox 1035 2824 1253 2878; x_wconf 88' lang='lat' dir='ltr'><strong>Comitia</strong></span> <span class='ocrx_word' id='word_1_266' title='bbox 1280 2826 1328 2876; x_wconf 91' lang='lat' dir='ltr'><strong>in</strong></span> <span class='ocrx_word' id='word_1_267' title='bbox 1357 2827 1540 2879; x_wconf 88' lang='lat' dir='ltr'><strong>litteris</strong></span> <span class='ocrx_word' id='word_1_268' title='bbox 1569 2830 1687 2880; x_wconf 90' lang='lat' dir='ltr'><strong>anni</strong></span> <span class='ocrx_word' id='word_1_269' title='bbox 1715 2848 1924 2900; x_wconf 83' lang='lat' dir='ltr'><strong>sequen-</strong></span> 
     </span>
     <span class='ocr_line' id='line_1_31' title="bbox 107 2905 1924 2971; baseline 0.008 -14"><span class='ocrx_word' id='word_1_270' title='bbox 107 2905 170 2958; x_wconf 82' lang='lat' dir='ltr'><strong>tis</strong></span> <span class='ocrx_word' id='word_1_271' title='bbox 198 2906 353 2961; x_wconf 73' lang='lat'><strong>1682.</strong></span> <span class='ocrx_word' id='word_1_272' title='bbox 376 2909 435 2959; x_wconf 91' lang='lat' dir='ltr'><strong>ad</strong></span> <span class='ocrx_word' id='word_1_273' title='bbox 456 2907 719 2962; x_wconf 86' lang='lat' dir='ltr'><strong>universos</strong></span> <span class='ocrx_word' id='word_1_274' title='bbox 740 2911 981 2964; x_wconf 87' lang='lat' dir='ltr'><strong>eeclesiae</strong></span> <span class='ocrx_word' id='word_1_275' title='bbox 1001 2909 1289 2964; x_wconf 86' lang='lat' dir='ltr'><strong>Gallicanae</strong></span> <span class='ocrx_word' id='word_1_276' title='bbox 1310 2909 1580 2966; x_wconf 87' lang='lat' dir='ltr'><strong>Praesules</strong></span> <span class='ocrx_word' id='word_1_277' title='bbox 1607 2923 1724 2968; x_wconf 85' lang='lat' dir='ltr'><strong>tunc</strong></span> <span class='ocrx_word' id='word_1_278' title='bbox 1751 2917 1924 2971; x_wconf 84' lang='lat' dir='ltr'><strong>viven-</strong></span> 
     </span>
     <span class='ocr_line' id='line_1_32' title="bbox 106 2993 1923 3069; baseline 0.007 -26"><span class='ocrx_word' id='word_1_279' title='bbox 106 3001 203 3044; x_wconf 85' lang='lat' dir='ltr'><strong>tem</strong></span> <span class='ocrx_word' id='word_1_280' title='bbox 243 3010 478 3044; x_wconf 88' lang='lat' dir='ltr'><strong>summum</strong></span> <span class='ocrx_word' id='word_1_281' title='bbox 521 2993 813 3048; x_wconf 77' lang='lat' dir='ltr'><strong>Pontificem</strong></span> <span class='ocrx_word' id='word_1_282' title='bbox 843 2998 1119 3049; x_wconf 73' lang='lat' dir='ltr'><strong>Ecclesiae</strong></span> <span class='ocrx_word' id='word_1_283' title='bbox 1147 3005 1359 3065; x_wconf 75' lang='lat' dir='ltr'><strong>petram</strong></span> <span class='ocrx_word' id='word_1_284' title='bbox 1407 2999 1669 3069; x_wconf 87' lang='lat' dir='ltr'><strong>appellant.</strong></span> <span class='ocrx_word' id='word_1_285' title='bbox 1736 3001 1923 3057; x_wconf 89' lang='lat' dir='ltr'><strong>Eadem</strong></span> 
     </span>
     <span class='ocr_line' id='line_1_33' title="bbox 106 3079 1925 3154; baseline 0.007 -25"><span class='ocrx_word' id='word_1_286' title='bbox 106 3097 253 3148; x_wconf 87' lang='lat' dir='ltr'><strong>porro</strong></span> <span class='ocrx_word' id='word_1_287' title='bbox 281 3079 644 3149; x_wconf 86' lang='lat' dir='ltr'><strong>significatione</strong></span> <span class='ocrx_word' id='word_1_288' title='bbox 671 3080 762 3134; x_wconf 90' lang='lat' dir='ltr'><strong>hoc</strong></span> <span class='ocrx_word' id='word_1_289' title='bbox 792 3091 986 3151; x_wconf 81' lang='lat' dir='ltr'><strong>petrae</strong></span> <span class='ocrx_word' id='word_1_290' title='bbox 1026 3102 1204 3136; x_wconf 89' lang='lat' dir='ltr'><strong>nomen</strong></span> <span class='ocrx_word' id='word_1_291' title='bbox 1243 3083 1574 3154; x_wconf 81' lang='lat' dir='ltr'><strong>accipiendum</strong></span> <span class='ocrx_word' id='word_1_292' title='bbox 1602 3098 1678 3140; x_wconf 89' lang='lat' dir='ltr'><strong>est</strong></span> <span class='ocrx_word' id='word_1_293' title='bbox 1705 3088 1755 3140; x_wconf 88' lang='lat' dir='ltr'><strong>in</strong></span> <span class='ocrx_word' id='word_1_294' title='bbox 1782 3087 1925 3144; x_wconf 84' lang='lat' dir='ltr'><strong>Petri</strong></span> 
     </span>
     <span class='ocr_line' id='line_1_34' title="bbox 106 3164 1923 3241; baseline 0.009 -27"><span class='ocrx_word' id='word_1_295' title='bbox 106 3164 473 3216; x_wconf 85' lang='lat' dir='ltr'><strong>successoribus</strong></span> <span class='ocrx_word' id='word_1_296' title='bbox 501 3185 558 3219; x_wconf 93' lang='lat' dir='ltr'><strong>ac</strong></span> <span class='ocrx_word' id='word_1_297' title='bbox 583 3166 634 3218; x_wconf 88' lang='lat' dir='ltr'><strong>iu</strong></span> <span class='ocrx_word' id='word_1_298' title='bbox 661 3165 818 3220; x_wconf 87' lang='lat' dir='ltr'><strong>Petro</strong></span> <span class='ocrx_word' id='word_1_299' title='bbox 836 3209 850 3234; x_wconf 81' lang='lat'>,</span> <span class='ocrx_word' id='word_1_300' title='bbox 888 3169 959 3221; x_wconf 90' lang='lat' dir='ltr'><strong>ita</strong></span> <span class='ocrx_word' id='word_1_301' title='bbox 998 3179 1054 3221; x_wconf 92' lang='lat' dir='ltr'><strong>ut</strong></span> <span class='ocrx_word' id='word_1_302' title='bbox 1083 3170 1223 3221; x_wconf 86' lang='lat' dir='ltr'><strong>fidem</strong></span> <span class='ocrx_word' id='word_1_303' title='bbox 1261 3171 1321 3221; x_wconf 89' lang='lat' dir='ltr'><strong>ab</strong></span> <span class='ocrx_word' id='word_1_304' title='bbox 1349 3169 1470 3240; x_wconf 84' lang='lat' dir='ltr'><strong>ipsis</strong></span> <span class='ocrx_word' id='word_1_305' title='bbox 1496 3174 1828 3241; x_wconf 85' lang='lat' dir='ltr'><strong>praedicatam</strong></span> <span class='ocrx_word' id='word_1_306' title='bbox 1867 3195 1923 3229; x_wconf 89' lang='lat' dir='ltr'><strong>ac</strong></span> 
     </span>
     <span class='ocr_line' id='line_1_35' title="bbox 104 3249 1922 3328; baseline 0.008 -28"><span class='ocrx_word' id='word_1_307' title='bbox 104 3249 408 3320; x_wconf 78' lang='lat' dir='ltr'><strong>propositam</strong></span> <span class='ocrx_word' id='word_1_308' title='bbox 433 3250 630 3306; x_wconf 88' lang='lat' dir='ltr'><strong>indicet.</strong></span> <span class='ocrx_word' id='word_1_309' title='bbox 687 3250 833 3321; x_wconf 86' lang='lat' dir='ltr'><strong>Quod</strong></span> <span class='ocrx_word' id='word_1_310' title='bbox 859 3254 903 3307; x_wconf 92' lang='lat' dir='ltr'><strong>si</strong></span> <span class='ocrx_word' id='word_1_311' title='bbox 930 3255 1216 3308; x_wconf 84' lang='lat' dir='ltr'><strong>consideres</strong></span> <span class='ocrx_word' id='word_1_312' title='bbox 1257 3274 1453 3326; x_wconf 86' lang='lat' dir='ltr'><strong>semper</strong></span> <span class='ocrx_word' id='word_1_313' title='bbox 1489 3259 1725 3312; x_wconf 84' lang='lat' dir='ltr'><strong>creditmn</strong></span> <span class='ocrx_word' id='word_1_314' title='bbox 1754 3262 1922 3328; x_wconf 80' lang='lat' dir='ltr'><strong>fuisse,</strong></span> 
     </span>
     <span class='ocr_line' id='line_1_36' title="bbox 106 3333 1921 3414; baseline 0.008 -29"><span class='ocrx_word' id='word_1_315' title='bbox 106 3333 364 3387; x_wconf 89' lang='lat' dir='ltr'><strong>Romanos</strong></span> <span class='ocrx_word' id='word_1_316' title='bbox 390 3333 691 3403; x_wconf 71' lang='grc' dir='ltr'>Ροιιῐὶίίεθε,</span> <span class='ocrx_word' id='word_1_317' title='bbox 729 3359 838 3393; x_wconf 90' lang='lat' dir='ltr'><strong>eum</strong></span> <span class='ocrx_word' id='word_1_318' title='bbox 863 3341 973 3394; x_wconf 87' lang='lat' dir='ltr'><strong>fidei</strong></span> <span class='ocrx_word' id='word_1_319' title='bbox 1002 3341 1195 3394; x_wconf 88' lang='lat' dir='ltr'><strong>doctrin</strong></span> <span class='ocrx_word' id='word_1_320' title='bbox 1200 3361 1277 3394; x_wconf 91' lang='lat' dir='ltr'><strong>am</strong></span> <span class='ocrx_word' id='word_1_321' title='bbox 1304 3354 1612 3414; x_wconf 87' lang='lat' dir='ltr'><strong>proponunt,</strong></span> <span class='ocrx_word' id='word_1_322' title='bbox 1632 3366 1748 3399; x_wconf 88' lang='grc' dir='ltr'>ιιοιι</span> <span class='ocrx_word' id='word_1_323' title='bbox 1775 3349 1839 3400; x_wconf 92' lang='lat' dir='ltr'><strong>ali</strong></span> <span class='ocrx_word' id='word_1_324' title='bbox 1844 3369 1921 3402; x_wconf 88' lang='lat' dir='ltr'><strong>am</strong></span> 
     </span>
     <span class='ocr_line' id='line_1_37' title="bbox 104 3421 1921 3503; baseline 0.009 -33"><span class='ocrx_word' id='word_1_325' title='bbox 104 3437 397 3501; x_wconf 79' lang='lat' dir='ltr'><strong>proponere,</strong></span> <span class='ocrx_word' id='word_1_326' title='bbox 426 3421 521 3474; x_wconf 87' lang='lat' dir='ltr'><strong>uisi</strong></span> <span class='ocrx_word' id='word_1_327' title='bbox 549 3441 692 3492; x_wconf 87' lang='lat' dir='ltr'><strong>quam</strong></span> <span class='ocrx_word' id='word_1_328' title='bbox 717 3424 816 3479; x_wconf 92' lang='lat' dir='ltr'><strong>aS.</strong></span> <span class='ocrx_word' id='word_1_329' title='bbox 834 3425 992 3480; x_wconf 88' lang='lat' dir='ltr'><strong>Petro</strong></span> <span class='ocrx_word' id='word_1_330' title='bbox 1018 3437 1066 3479; x_wconf 86' lang='lat' dir='ltr'><strong>tr</strong></span> <span class='ocrx_word' id='word_1_331' title='bbox 1071 3428 1250 3480; x_wconf 86' lang='lat' dir='ltr'><strong>aditam</strong></span> <span class='ocrx_word' id='word_1_332' title='bbox 1277 3437 1327 3480; x_wconf 85' lang='lat' dir='ltr'><strong>et</strong></span> <span class='ocrx_word' id='word_1_333' title='bbox 1353 3446 1452 3480; x_wconf 90' lang='lat' dir='ltr'><strong>non</strong></span> <span class='ocrx_word' id='word_1_334' title='bbox 1479 3429 1754 3503; x_wconf 74' lang='lat' dir='ltr'><strong>internupta</strong></span> <span class='ocrx_word' id='word_1_335' title='bbox 1771 3433 1921 3486; x_wconf 86' lang='lat' dir='ltr'><strong>Anti-</strong></span> 
     </span>
     <span class='ocr_line' id='line_1_38' title="bbox 109 3502 1921 3587; baseline 0.009 -33"><span class='ocrx_word' id='word_1_336' title='bbox 109 3502 305 3556; x_wconf 88' lang='lat' dir='ltr'><strong>stitum</strong></span> <span class='ocrx_word' id='word_1_337' title='bbox 305 3509 619 3561; x_wconf 77' lang='lat' dir='ltr'><strong>successione</strong></span> <span class='ocrx_word' id='word_1_338' title='bbox 641 3509 690 3562; x_wconf 85' lang='lat' dir='ltr'><strong>in</strong></span> <span class='ocrx_word' id='word_1_339' title='bbox 713 3513 830 3565; x_wconf 75' lang='lat' dir='ltr'><strong>ead(</strong></span> <span class='ocrx_word' id='word_1_340' title='bbox 834 3532 878 3565; x_wconf 93' lang='lat' dir='ltr'><strong>m</strong></span> <span class='ocrx_word' id='word_1_341' title='bbox 900 3511 974 3565; x_wconf 87' lang='grc' dir='ltr'><strong>Ρι</strong></span> <span class='ocrx_word' id='word_1_342' title='bbox 964 3514 1042 3565; x_wconf 79' lang='grc' dir='ltr'><strong>ιιι</strong></span> <span class='ocrx_word' id='word_1_343' title='bbox 1072 3515 1185 3565; x_wconf 76' lang='lat' dir='ltr'><strong>sede</strong></span> <span class='ocrx_word' id='word_1_344' title='bbox 1214 3514 1496 3587; x_wconf 70' lang='lat' dir='ltr'><strong>incorrupte</strong></span> <span class='ocrx_word' id='word_1_345' title='bbox 1516 3528 1766 3574; x_wconf 84' lang='lat' dir='ltr'><strong>servatam</strong></span> <span class='ocrx_word' id='word_1_346' title='bbox 1793 3537 1921 3572; x_wconf 87' lang='lat' dir='ltr'><strong>sem-</strong></span> 
     </span>
    </p>
   </div>
  </div>
 </body>
</html>
