2320 3990
345 351 607 418 existimo,
634 349 1582 421 antiquissimam-iumwcrffltiunom,
1617 355 1757 426 cujus
1785 352 1939 406 testis
1963 363 2044 406 est
2067 361 2213 408 vetu-

343 436 597 494 stissimus
621 435 782 490 Pater
806 434 866 490 S.
893 435 1137 492 Irenae-us
1153 473 1168 503 ,
1208 436 1272 509 (1.
1299 432 1764 496 audium-uhaer.
1795 459 1839 495 c.
1867 439 1954 512 3.)
2000 458 2212 495 necesse

347 545 463 580 esse
501 524 696 579 scilicet
734 542 912 579 omnes
950 509 1170 596 midique
1203 524 1377 580 fideles
1414 535 1467 579 et
1505 523 1749 582 ecelesias
1799 524 2077 584 convenire
2101 545 2212 582 cum

343 614 438 667 fide
477 612 725 667 eeclesiae
763 611 1064 667 Romanam
1104 613 1164 667 de
1193 632 1292 684 quo
1328 614 1470 686 plura
1510 611 1940 687 capite-sequenti
1975 616 2022 684 ξ.
2053 617 2104 669 l.
2157 614 2210 668 Id

344 719 414 755 ex
441 719 502 756 eo
528 700 845 774 potissimum
870 701 1083 774 pendet,
1111 701 1228 772 quia
1253 699 1400 755 Petri
1427 702 1551 756 fides
1579 701 1782 758 Romae
1800 703 2123 776 praedicata,
2159 712 2211 756 et

345 790 407 843 ad
433 806 761 844 successores
784 787 1118 856 transmissa,
1157 788 1423 844 Ecclesiae
1449 801 1594 864 petra
1626 799 1678 845 et
1701 791 2077 846 fundamentum
2114 802 2212 857 est,

346 877 426 931 cui
453 895 661 943 omnes,
689 876 773 948 qui
798 875 977 931 volunt
1001 895 1117 932 esse
1142 877 1196 931 in
1225 875 1423 933 Christi
1448 877 1703 944 Ecclesia,
1729 877 2034 932 inhaereant
2059 898 2212 951 opor-

345 975 448 1031 tet,
475 974 532 1019 ut
558 965 802 1020 hactenus
829 964 1076 1037 probasse
1119 965 1240 1019 mihi
1265 966 1460 1021 videor.
1523 965 1614 1020 Ex
1655 967 1731 1020 his
1773 976 1942 1020 autem
1980 967 2212 1020 omnibus

346 1054 512 1126 palam
541 1053 887 1126 consequitur,
915 1051 1283 1125 Evangelicum
1311 1055 1655 1109 testimonium
1693 1055 1772 1108 Tu
1801 1075 1855 1108 es
1886 1056 2086 1109 Petrus
2114 1065 2210 1108 etc.

345 1141 494 1195 unius
521 1140 669 1196 Petri
709 1143 854 1197 fidem
876 1150 1073 1213 petrae
1113 1142 1316 1197 nomine
1342 1143 1415 1197 ita
1442 1143 1742 1215 designare,
1779 1151 1835 1208 ut
1862 1161 1973 1197 cum
1999 1141 2092 1196 hac
2117 1142 2211 1194 fide

344 1230 500 1283 totius
526 1228 793 1284 Ecclesiae
818 1230 1064 1284 unitatem
1092 1230 1335 1301 efflagitet
1351 1271 1365 1296 ,
1394 1231 1567 1301 sicque
1586 1234 1908 1301 primatum,
1937 1238 1988 1283 ct
2007 1232 2211 1300 princi-

340 1325 530 1388 patum
549 1321 686 1388 fidei
706 1317 758 1369 in
783 1336 843 1370 eo
871 1326 1082 1382 statuat,
1110 1319 1250 1387 cujus
1271 1318 1526 1388 peculiare
1547 1321 1633 1389 jus
1657 1319 1720 1371 ad
1739 1318 1985 1371 unitatem
2006 1316 2212 1389 potissi-

347 1423 478 1457 mum
504 1404 618 1457 fidei
644 1403 952 1474 exigendam
978 1402 1289 1476 porrigatur,

350 1583 424 1624 IV.
490 1582 655 1625 Eadem
674 1580 785 1634 fidet
828 1584 980 1625 totitas
1020 1595 1115 1624 cum
1138 1578 1231 1632 fide
1266 1581 1564 1624 Romanorum
1609 1581 1875 1634 Pontificum
1918 1595 2211 1625 successorum

350 1646 395 1684 S.
414 1643 534 1686 Petra·
567 1645 713 1686 eodem
745 1645 965 1696 primatus
990 1641 1091 1692 jure
1123 1644 1371 1684 necessaria
1402 1644 1660 1684 ostenditur.
1724 1644 1875 1685 Pauca
1904 1644 2131 1684 adduntur
2162 1644 2212 1682 de

346 1705 534 1746 ‹tam'um
557 1707 790 1758 potestate,
810 1717 921 1757 quae
950 1704 1094 1744 eodem
1121 1705 1238 1743 textu
1259 1702 1526 1754 Evangelico
1553 1703 1771 1755 promissa
1802 1703 1846 1747 S.
1866 1703 2008 1755 Petro,
2034 1703 2211 1756 aequali

846 1763 948 1814 jure
978 1764 1027 1804 in
1057 1775 1325 1804 successores
1357 1761 1453 1812 ejus
1484 1764 1702 1805 transivit.

495 1895 583 1949 51.
640 1894 770 1950 Cum
797 1895 1041 1968 primatus
1067 1895 1272 1969 propria
1300 1895 1377 1950 vis
1405 1895 1490 1961 sit,
1519 1914 1646 1967 quae
1688 1895 1871 1968 (supra
1893 1912 1936 1948 c.
1965 1894 2017 1950 8.
2049 1903 2100 1948 et
2125 1893 2210 1961 9.)

349 1986 410 2039 ad
437 1985 682 2038 unitatem
708 1983 865 2037 totius
891 1981 1159 2038 Ecclesiae
1187 1983 1458 2057 praecipuo
1478 1986 1595 2056 jure
1623 1983 1978 2037 continendam
2006 1992 2213 2054 proten-

347 2072 510 2139 ditur3
558 2072 639 2127 vis
690 2071 861 2142 utique
903 2071 1134 2126 coactiva
1174 2070 1386 2124 unitatis
1425 2071 1747 2144 potissimum
1792 2070 1906 2124 fidei
1956 2088 2066 2123 cum
2118 2070 2212 2123 fide

350 2158 408 2213 S.
439 2159 618 2225 Petri,
661 2178 809 2230 quam
837 2177 907 2212 ex
932 2156 1250 2230 Evangelico
1277 2168 1429 2212 textu
1467 2158 1712 2212 hactenus
1740 2158 1996 2230 explicato
2026 2158 2214 2211 consti—

346 2247 559 2313 mimus,
601 2246 847 2319 primatus
875 2244 1022 2300 Petri
1053 2246 1260 2320 propria
1298 2246 1526 2300 habenda
1553 2256 1651 2300 est.
1733 2241 1879 2313 Quod
1919 2255 2084 2298 autem
2120 2245 2215 2298 fuit

350 2335 606 2410 proprium
645 2335 892 2408 primatus
919 2333 977 2388 S.
1007 2333 1182 2400 Petri,
1219 2352 1321 2387 non
1359 2334 1411 2386 in
1441 2334 1549 2387 solo
1587 2332 1748 2386 Petro
1790 2332 2005 2398 sistere,
2046 2332 2212 2386 sedin

348 2442 673 2477 successores
701 2425 806 2495 ejus
834 2422 1101 2476 Romanos
1127 2420 1407 2475 Pontifices
1443 2420 1667 2474 transire
1693 2419 1887 2492 pariter
1926 2421 2119 2487 debuit,
2160 2420 2212 2473 iu

348 2529 475 2582 quos
515 2510 740 2564 eumdem
778 2509 1049 2582 primatum
1086 2510 1263 2563 eodem
1303 2528 1415 2563 cum
1447 2510 1563 2580 jure
1591 2526 1650 2562 ac
1676 2507 1726 2562 vi
1753 2507 1805 2560 in
1832 2505 2098 2561 Ecclesiae
2123 2508 2212 2560 bo-

347 2619 464 2652 num
490 2597 743 2652 transisse
770 2608 962 2652 certum
990 2606 1086 2652 est.
1138 2596 1298 2670 Igitur
1317 2597 1397 2653 vis
1427 2595 1657 2651 coactiva
1682 2594 1892 2648 unitatis
1917 2594 2029 2648 fidei
2056 2595 2212 2648 totius

347 2686 614 2741 Ecclesiae
663 2705 774 2740 cum
817 2687 911 2740 fide
950 2685 1301 2740 Romanorum
1339 2684 1644 2739 Pontificum
1698 2701 1856 2754 aeque
1905 2681 2213 2735 admittenda

347 2785 443 2841 est,
473 2794 533 2829 ac
552 2774 656 2840 illa,
685 2775 888 2845 quaein
910 2773 1073 2828 Petro
1100 2775 1209 2828 fuit,
1262 2772 1539 2829 Enimvero
1569 2791 1678 2827 cum
1706 2773 1831 2825 haec
1857 2770 1936 2824 vis
1959 2768 2211 2824 aChristo

348 2864 500 2918 suerit
534 2862 772 2936 primatui
822 2862 1050 2928 adnexa,
1096 2872 1151 2915 ut
1191 2861 1377 2916 unitati
1425 2860 1775 2935 prospice1¹et3
1823 2858 2006 2912 unitati
2047 2869 2211 2912 autem

348 2950 613 3005 Ecclesiae
650 2969 751 3003 non
779 2950 832 3003 in
858 2949 943 3005 illo
970 2949 1115 3002 initio
1154 2960 1379 3016 tantum,
1420 2948 1655 3019 quamdiu
1691 2946 1828 3001 vixit
1863 2945 2082 3012 PetruS,
2125 2947 2211 3000 sed

350 3058 549 3113 semper
587 3057 745 3110 usque
786 3039 849 3092 ad
899 3037 1087 3092 saeculi
1142 3037 1293 3090 finem
1342 3035 1747 3109 prospiciendum
1797 3033 1977 3100 suerit,
2038 3034 2209 3088 eadem

347 3127 425 3182 vis
453 3146 556 3181 non
583 3128 749 3181 minus
777 3125 955 3193 Petri,
991 3144 1140 3197 quam
1167 3142 1519 3180 successorum
1547 3124 1652 3194 ejus
1679 3121 1916 3195 primatui
1944 3141 1974 3175 a
2003 3119 2210 3176 Christo

352 3216 540 3269 tributa
567 3215 777 3271 dicenda
798 3224 895 3270 est.
949 3211 1116 3270 Sicuti
1151 3232 1305 3288 porro
1334 3212 1456 3267 fides
1482 3208 1540 3264 S.
1570 3209 1746 3276 Petri,
1775 3230 1902 3282 quae
1928 3210 2084 3265 totius
2110 3209 2211 3264 Ec-

352 3422 486 3464 usquc
504 3410 562 3451 ad
579 3408 658 3451 hoc
674 3412 844 3463 tempus
860 3411 908 3451 in
926 3411 1086 3454 mundo
1109 3409 1313 3451 universo
1340 3408 1598 3450 celebratur.
1631 3406 1877 3448 Consolatio
1905 3409 1969 3446 est
1983 3404 2211 3447 catholicis

351 3471 546 3525 antiquis
584 3474 626 3511 et
649 3471 776 3512 novis
814 3471 962 3513 videre
989 3484 1033 3513 se
1070 3469 1140 3514 IN
1171 3467 1393 3512 EADEM
1419 3466 1739 3511 DOCTRINA
1771 3464 2048 3508 JUNCTOS
2085 3464 2214 3507 ILLI

352 3529 706 3575 ECCLESIAE.
