2314 3984
924 187 1584 247 —284—

329 354 680 410 vindicandam
704 353 832 408 fidei
827 354 1089 409 unitatem
1116 357 1310 411 eodem
1316 358 1562 470 primatus
1577 363 1700 436 jure
1725 371 1877 433 atque
1902 362 2066 416 officio
2093 363 2180 416 de-

327 443 539 508 finiunt,
567 459 682 495 esse
710 441 1538 514 accipiendas.

474 529 560 582 15.
613 525 717 597 Qui
752 548 906 603 porro
944 549 1006 585 ea
1041 531 1335 586 testimonia
1374 536 1750 592 accommodant
1773 537 1887 592 fidei
1910 537 2177 593 Ecclesiae

326 617 620 684 catholicae,
648 618 692 671 si
719 619 865 672 modo
891 638 993 673 non
1020 620 1294 674 excludant
1319 621 1463 675 fidem
1489 639 1520 674 a
1535 619 1696 676 Petro
1722 635 1774 678 et
1799 627 2176 682 successoribus

325 708 437 779 ejus
465 705 743 760 catholicae
756 705 1022 762 Ecclesiae
1046 709 1376 781 propositam,
1405 727 1533 780 quae
1558 709 1716 782 ipsius
1741 708 2005 769 Ecclesiae
2031 716 2174 769 fidem

326 813 397 848 ex
422 794 743 848 institutione
765 792 960 849 Christi
980 806 1032 850 et
1049 799 1166 870 jure
1192 798 1437 871 primatus
1464 798 1691 852 continet
1713 798 1767 852 in
1793 803 2039 856 catholica
2063 803 2177 856 uni-

323 892 447 949 tate,
475 901 622 937 nemo
648 883 1046 956 reprehenderit.
1072 885 1149 939 Ita
1175 886 1307 940 enim
1333 886 1698 959 promissiones
1721 884 1916 942 Christi
1941 890 2003 942 ad
2028 887 2175 943 Petri

325 981 376 1024 et
403 990 753 1026 successorum
780 975 886 1045 ejus
913 974 1057 1027 fidem
1082 975 1416 1047 pertinentcS,
1445 975 1507 1027 ad
1532 974 1689 1046 ipsius
1714 973 1977 1030 Ecclesiae
2003 977 2176 1030 catho-

323 1060 448 1115 licae
474 1061 619 1114 fidem
644 1062 926 1133 bonumque
952 1074 1290 1129 revocantar‚
1331 1073 1578 1134 quatenus
1604 1061 1869 1118 Ecclesiae
1897 1065 2174 1119 catholicae

321 1148 443 1201 fides
471 1148 750 1203 adhaerens
789 1150 902 1204 fidei
939 1150 1088 1206 Petri
1125 1162 1176 1206 et
1213 1170 1564 1206 successorum
1602 1154 1738 1224 ejuS,
1777 1171 1847 1206 ex
1872 1152 1964 1207 hac
1991 1154 2174 1207 adhae-

321 1236 465 1295 sione
491 1246 641 1306 atque
668 1239 861 1292 unitate
886 1240 1096 1311 perinde
1121 1241 1266 1294 firma
1291 1251 1341 1294 et
1366 1240 1717 1294 indefectibilis
1743 1242 1911 1294 futura
1937 1242 2020 1309 sit,
2046 1252 2102 1294 ut
2114 1241 2168 1314 *)

322 1342 391 1377 ex
418 1324 635 1376 laudatis
663 1321 858 1378 Christi
882 1327 1146 1396 promissis
1171 1328 1317 1380 firma
1342 1337 1393 1381 et
1427 1327 1778 1380 indefectibilis
1805 1329 1903 1382 erit
1937 1327 2083 1382 Petri
2121 1339 2172 1382 et

319 1430 669 1466 successorum
696 1413 805 1483 ejus
831 1412 970 1466 fides.
1017 1411 1076 1466 Si
1104 1423 1270 1467 autem
1295 1424 1486 1486 negent
1512 1415 1786 1470 convenire
1814 1400 1861 1468 ei
1886 1415 2016 1480 fidei,
2045 1434 2172 1485 quae

318 1510 398 1554 est
435 1510 583 1573 petra
609 1510 660 1555 et
683 1501 1060 1555 fundamentum
1084 1500 1367 1565 Ecclesiae,
1394 1513 1683 1574 certumque
1707 1503 1983 1557 catholicae
2009 1504 2173 1556 unita-

319 1589 383 1643 tis
409 1600 461 1644 et
486 1590 599 1644 fidei
626 1600 880 1658 centrum3
912 1602 1198 1663 repugnent
1224 1610 1434 1645 necesse
1462 1602 1541 1645 est
1568 1589 1738 1646 Chrisi
1764 1591 2073 1645 institutioni
2098 1601 2174 1645 at-

319 1698 415 1749 que
441 1678 631 1732 rationi
657 1678 921 1751 primatuS,
951 1680 1033 1750 qui
1059 1681 1121 1733 ob
1150 1680 1392 1734 unitatem
1412 1681 1726 1752 potissimum
1746 1681 1859 1734 fidei
1877 1680 2169 1734 firmandam

317 1777 368 1820 et
393 1767 767 1820 custodiendam
792 1767 1078 1835 institutuS,
1119 1771 1339 1822 omnium
1367 1769 1581 1822 fidelium
1608 1771 1853 1823 unitatem
1890 1788 1999 1823 cum
2026 1767 2171 1822 Petri

318 1875 376 1910 ac
403 1874 754 1910 successorum
782 1859 890 1928 ejus
917 1857 1011 1911 fide
1038 1857 1328 1911 necessario
1357 1857 1595 1928 requirit,
1642 1869 1698 1911 ut
1725 1877 1794 1912 ex
1821 1856 2086 1931 Scriptura
2113 1877 2171 1911 ac

316 1943 591 1997 traditione
616 1945 957 2016 probavimus.

465 2033 552 2086 16.
607 2029 737 2086 Cum
761 2053 914 2106 porro
941 2033 1086 2106 hujus
1112 2024 1358 2106 primatus
1385 2034 1516 2087 ratio
1545 2045 1595 2088 ct
1620 2035 1697 2089 vis
1725 2033 1782 2088 S.
1805 2033 1953 2088 Petri
1979 2045 2030 2088 et
2055 2054 2168 2088 suc-

317 2139 575 2174 cessorum
603 2124 712 2193 ejus
741 2122 807 2177 sit
833 2122 1137 2195 personalis,
1166 2142 1259 2176 nec
1287 2124 1347 2175 ad
1371 2123 1651 2196 hujusmodi
1670 2125 1753 2194 jus
1779 2123 2046 2196 personale
2073 2142 2168 2177 ex-

315 2210 549 2263 erendum
579 2210 703 2262 alius
731 2213 1021 2284 cujusquam
1061 2211 1373 2265 consortium
1410 2223 1559 2284 atque
1599 2212 1870 2266 subsidium
1911 2212 2169 2284 efflagitet,

314 2309 369 2351 ut
396 2308 514 2352 ante
542 2299 952 2366 observavimus3
982 2300 1216 2371 quidquid
1243 2301 1486 2373 ejusmodi
1512 2301 1757 2374 primatus
1785 2319 1936 2354 causa
1975 2302 2037 2354 ob
2064 2300 2168 2353 uni-

315 2398 470 2442 tatem
498 2388 611 2442 fidei
635 2388 984 2442 vindicandam
1003 2429 1016 2454 ,
1045 2387 1313 2442 Romanae
1341 2388 1474 2442 sedis
1490 2429 1503 2454 ,
1533 2407 1621 2442 seu
1647 2386 1912 2442 Ecclesiae
1938 2389 2051 2442 fidei
2075 2388 2168 2441 tri-

314 2477 558 2529 buendum
595 2477 775 2547 negari
813 2497 915 2529 non
961 2486 1159 2548 potest3
1206 2477 1427 2548 ipsorum
1478 2475 1827 2529 Romanorum
1863 2475 2165 2530 Pontificum

314 2583 564 2637 personae
592 2584 650 2618 ac
678 2565 789 2617 fidei
816 2564 1199 2617 adscribendum
1239 2574 1343 2630 est,
1383 2582 1476 2617 nec
1512 2564 1719 2634 perinde
1747 2563 1793 2617 ei
1821 2563 1952 2630 sedi,
1993 2564 2165 2617 cathe-

314 2655 453 2720 drae,
479 2651 839 2708 velEcclesiae
865 2663 1032 2725 potest
1059 2652 1295 2719 attribui3
1326 2671 1382 2706 ac
1411 2652 1453 2705 si
1481 2651 1665 2722 aliquid
1692 2671 1723 2705 a
1748 2670 1967 2724 persona
1992 2662 2043 2705 et
2072 2652 2166 2705 fide

431 2882 470 2934 ')
503 2882 551 2923 Id
582 2895 683 2922 sane
702 2883 875 2922 innuere
894 2882 1090 2922 videntur
1119 2882 1192 2921 illa
1222 2882 1438 2927 Bossueti,
1473 2893 1564 2920 cum
1596 2881 1637 2919 in
1671 2880 1805 2931 prima
1838 2880 2040 2932 pastorali
2075 2880 2162 2930 epi-

309 2946 420 2984 stola
452 2944 502 2984 de
538 2943 699 2984 Christi
730 2943 957 2995 promissis
981 2943 1119 2992 factis
1148 2942 1369 2982 Ecclesiae
1399 2942 1569 2993 scripsit
1599 2953 1641 2979 n.
1673 2940 1746 2982 32.
1813 2939 1862 2979 Se:
1893 2951 1992 2990 ergo
2013 2936 2159 2988 firmi-

310 3010 374 3045 ter
407 3004 733 3045 adhaerebimus
767 3004 868 3044 huic
893 3003 1122 3045 cathedrae
1152 3002 1228 3053 (de
1259 3003 1448 3042 Romana
1490 3001 1693 3040 cathedra
1734 3001 1779 3039 S.
1813 2999 1931 3039 Petri
1964 2999 2161 3050 loquitur,

310 3067 422 3106 idest
455 3065 508 3105 dc
541 3079 592 3105 ea
624 3066 819 3106 doctrina
849 3064 963 3112 fidei,
1000 3076 1107 3116 quae
1141 3075 1164 3101 e
1197 3063 1399 3102 cathedra
1416 3063 1461 3104 S.
1480 3061 1597 3101 Petri
1628 3060 1848 3110 traditur),
1883 3060 1968 3100 tuti
2001 3060 2161 3099 erimus

311 3128 362 3167 dc
393 3127 493 3167 Iesu
529 3126 689 3167 Christi
721 3126 961 3177 promissis.
995 3125 1042 3164 Si
1077 3123 1355 3163 adhaerentes
1372 3121 1597 3161 cathedrae
1627 3121 1857 3167 Romanae,
1892 3121 2000 3160 unde
2033 3120 2160 3160 edun-

309 3194 378 3227 tur
410 3187 678 3227 definitiones
709 3190 752 3226 et
785 3187 956 3226 decreta
986 3185 1110 3233 fidei,
1143 3187 1259 3224 tutos
1290 3182 1470 3222 affirmat
1503 3193 1553 3220 ex
1586 3182 1801 3233 promissis
1833 3180 2015 3229 Christi,
2062 3193 2158 3233 pro-

309 3249 517 3288 missionis
549 3249 696 3298 utique
726 3248 885 3287 Christi
919 3247 1112 3286 laudatas
1141 3245 1355 3284 Romanae
1387 3242 1643 3293 cathedrae,
1687 3254 1760 3280 seu
1790 3241 1890 3281 fidei
1923 3254 1975 3281 ex
2007 3254 2059 3281 ea
2090 3253 2158 3281 ca—

308 3309 483 3348 thedrae
516 3309 657 3348 editae
689 3309 822 3349 factas
855 3308 1055 3360 agnovit:
1088 3317 1260 3356 cumque
1292 3303 1512 3345 distinctio
1547 3303 1658 3342 inter
1690 3302 1812 3342 fidem
1855 3302 2083 3341 cathedrae
2116 3305 2158 3340 et

309 3369 429 3408 tidem
462 3369 745 3409 Romanorum
776 3368 1024 3410 Pontificum
1074 3367 1112 3406 ei
1141 3365 1384 3405 cathedrae
1413 3363 1683 3403 insidentium
1731 3375 1781 3402 ex
1825 3363 1916 3415 ipso
1949 3364 2154 3402 Bossueto

309 3429 568 3481 repudianda
600 3430 670 3477 sit,
703 3434 748 3469 ut
781 3442 833 3470 ex
865 3431 953 3481 eJus
986 3427 1126 3468 verbis
1167 3437 1263 3466 mox
1305 3425 1348 3464 in
1380 3427 1499 3464 textu
1533 3424 1766 3464 recitandis
1797 3424 2036 3469 audiemus;
2069 3423 2157 3461 lau-

308 3492 431 3531 datae
463 3490 773 3542 promissiones,
805 3491 840 3530 si
874 3490 1112 3530 referantur
1142 3487 1197 3527 ad
1212 3486 1426 3526 Romanae
1459 3485 1683 3525 cathedrae
1715 3483 1853 3531 fidem,
1886 3482 1983 3522 fidei
2000 3483 2154 3522 Roma-

310 3563 454 3592 norum
490 3548 734 3591 Pontificum
769 3563 819 3591 ex
853 3552 945 3604 ipsa
977 3547 1180 3590 cathedra
1221 3546 1467 3600 propositae
1514 3549 1754 3598 competere
1786 3543 1989 3584 dicendae
2022 3546 2157 3583 erunt.
