2314 3984
949 201 1612 263 *332*-

355 371 657 425 eredendum
677 379 758 426 est
771 367 1056 426 Concilium
1070 368 1492 443 Constantiense‚
1516 377 1592 431 uti
1610 395 1643 432 a
1667 377 1925 432 nonnullis
1949 397 2216 452 perperam

352 459 713 532 praesumitur.
783 456 924 514 Nam
962 461 1061 515 etsi
1095 462 1410 517 sessionibus
1446 471 1632 535 quarta
1662 475 1716 520 et
1751 467 1927 538 quinta
1961 477 2217 522 statuatur

353 547 571 600 decretis
596 547 910 619 generalium
936 549 1264 604 conciliorum
1291 551 1427 606 circa
1452 551 1598 606 fidem
1622 551 1763 627 ipsos
1783 540 2071 610 Pontifices
2089 556 2217 609 obli-

347 634 465 706 gari
491 633 652 708 (quae
677 636 960 710 propositio
985 656 1160 711 perse
1185 640 1456 695 verissima
1483 650 1590 708 est,
1627 651 1684 695 ut
1709 644 1969 717 explicavi
2006 663 2050 698 c.
2078 644 2131 697 8.
2159 663 2214 696 n.

350 722 464 795 9.)3
493 742 598 778 non
622 733 796 779 tamen
822 724 939 780 hinc
964 727 1198 798 sequitur
1223 729 1424 782 eosdem
1462 729 1516 782 in
1542 729 1836 786 definiendis
1870 732 1984 786 fidei
2008 733 2217 804 dogma—

352 811 487 865 tibus
524 831 687 886 posse-
716 832 927 883 errare3
968 834 1134 888 neque
1174 815 1267 871 hac
1291 816 1346 870 in
1374 836 1432 871 re
1459 817 1724 890 quicquam
1758 819 1943 874 ibidem
1975 830 2062 873 aut
2099 820 2218 874 alibi

353 900 552 974 uspiam
601 902 862 957 decretum
913 903 1230 972 invenietur,
1283 906 1413 977 quod
1464 907 1820 963 oecumenicae
1867 908 2079 982 synodi,
2130 918 2218 961 aut

350 989 671 1061 dogmaticae
697 992 1004 1048 definitionis
1035 993 1139 1050 vim
1164 994 1376 1062 habeat,
1413 995 1491 1049 uti
1517 995 1756 1068 colligere
1783 1006 1864 1050 est
1894 1015 1965 1051 ex
1991 996 2137 1050 dictis
2162 996 2217 1049 in

349 1097 504 1152 opere
530 1079 620 1134 De
640 1089 914 1151 potestate
941 1084 1152 1136 Eccles.
1182 1084 1295 1139 c.7.
1312 1094 1363 1138 et
1375 1085 1428 1140 8.
1479 1083 1615 1138 Hinc
1641 1085 1839 1157 quidem
1865 1085 2037 1139 statim
2064 1085 2216 1139 etiam

348 1177 465 1239 post
490 1187 603 1222 eam
631 1187 829 1242 quoque
856 1172 1107 1245 synodum
1141 1171 1282 1226 licuit
1307 1191 1507 1246 semper
1531 1183 1760 1228 veterem
1785 1173 2112 1227 traditionem
2138 1183 2216 1226 at-

348 1273 445 1326 que
480 1257 790 1312 sententiam
829 1259 973 1330 sequi
1008 1278 1159 1331 quam
1195 1261 1421 1332 plerique
1460 1262 1685 1335 amplexi
1728 1265 1933 1315 fuerunt
1970 1261 2122 1315 etiam
2159 1263 2215 1315 in

349 1342 548 1411 Gallia,
590 1345 713 1399 adeo
749 1354 805 1398 ut
842 1345 979 1399 inter
1014 1346 1153 1420 ipsos
1191 1346 1369 1401 Gallos
1405 1366 1582 1402 omnes
1626 1351 1735 1403 fere
1773 1347 2064 1421 Scriptores
2104 1348 2215 1403 sive

348 1431 604 1505 Theologi
638 1433 747 1489 sive
775 1431 1093 1489 Canonistae
1118 1434 1426 1490 Pontificum
1460 1436 1866 1490 infallibilitatem
1903 1436 2216 1490 defenderint

346 1540 506 1593 usque
542 1522 604 1575 ad
631 1541 715 1576 an.
746 1523 906 1577 1682.
949 1520 1164 1578 Claudio
1189 1523 1366 1579 Florio
1392 1535 1526 1580 teste
1552 1523 1755 1579 dissert.
1770 1525 1823 1580 9.
1851 1525 1906 1579 in
1930 1523 2214 1579 Historiam

347 1609 794 1665 Ecclesiasticam:
825 1613 886 1665 In
922 1614 1110 1667 Gall-ia
1135 1617 1232 1667 vix
1258 1619 1564 1684 reperietur
1594 1615 1890 1686 Refflclaris
1907 1655 1922 1681 ,
1949 1619 2039 1668 cui
2063 1623 2214 1668 certa

346 1720 457 1753 non
483 1701 942 1755 sitRomanorum
971 1704 1300 1773 Pontificum
1326 1705 1711 1774 infallibilitas.
1751 1704 1879 1756 Non
1909 1705 2215 1775 Reyzzlares

346 1797 572 1852 tantum,
600 1793 698 1843 sed
714 1793 1164 1864 presbyterorum
1191 1797 1349 1845 etiam
1370 1790 1766 1865 (saecularium)
1796 1796 1891 1863 qui
1907 1795 2214 1863 privileyiis

349 1885 565 1940 carent,
595 1886 646 1931 et
673 1881 967 1950 Episcopis
995 1883 1222 1935 subsunt
1244 1889 1428 1935 coetus
1446 1922 1460 1948 ‚
1487 1886 1543 1935 in
1572 1883 1715 1934 hanc
1740 1885 2059 1934 sententiam
2084 1889 2210 1934 tam-

347 1987 508 2038 quam
527 1971 728 2039 pietati
753 1972 922 2039 mayz's
949 1975 1284 2041 conformem
1308 1973 1593 2024 inclinant.
1646 1969 1726 2023 Ita
1763 1970 1917 2022 multo
1955 1969 2121 2040 magis
2158 1967 2212 2020 in

346 2055 461 2109 aliis
487 2056 760 2110 universae
785 2055 1052 2112 Ecclesiae
1085 2058 1380 2131 regionibus
1416 2059 1661 2132 potestati
1685 2057 2017 2131 Apostolicae
2050 2057 2213 2129 magis

349 2144 559 2198 addictis
574 2185 587 2210 ,
626 2144 794 2198 veteri
818 2145 1094 2200 traditione
1119 2157 1322 2202 retenta
1337 2189 1351 2215 ‚
1392 2166 1569 2202 omnes
1594 2149 1752 2201 ferme
1777 2146 1831 2199 in
1855 2146 2213 2200 infallibilitate

346 2231 616 2287 Romanae
642 2232 757 2287 fidei
784 2234 1094 2288 defendenda
1118 2237 1473 2309 perstiterunt.
1513 2235 1646 2290 Post
1671 2235 2063 2290 declarationem
2087 2254 2212 2291 vero

347 2319 490 2376 Cleri
529 2320 783 2376 Gallicani
822 2323 943 2375 anni
971 2324 1130 2379 1682.
1170 2326 1295 2380 nihil
1332 2326 1516 2380 mirum
1555 2326 1601 2380 si
1646 2344 1750 2379 non
1784 2324 1928 2398 pauci
1955 2343 2025 2378 ex
2052 2321 2212 2377 Gallis

346 2411 659 2464 contrariam
697 2413 1004 2466 sententiam
1042 2425 1319 2487 coeperunt
1353 2415 1533 2469 fortius
1571 2415 1811 2487 ingerere
1850 2423 1901 2467 et
1932 2412 2211 2477 vindicare,

346 2518 458 2552 cum
499 2499 778 2553 auctoritas
819 2500 1064 2572 ejusmodi
1099 2499 1438 2556 Comitiorum
1475 2502 1623 2575 (lieet
1660 2513 1851 2557 certam
1887 2501 2001 2555 fidei
2026 2501 2213 2554 doctri-

344 2606 461 2641 nam
478 2586 624 2661 [Vid.
641 2587 882 2641 Bossueti
908 2587 1340 2644 dissert.Defens.
1369 2607 1535 2645 novae
1561 2590 1680 2666 edit.
1709 2589 2044 2663 praemissam
2064 2587 2209 2661 §.6.]

346 2695 451 2731 non
479 2675 854 2749 condidissent)
894 2677 1022 2749 apud
1061 2676 1264 2730 eosdem
1291 2675 1469 2731 Gallos
1503 2679 1855 2751 praevaleret,
1895 2687 1947 2733 et
1973 2679 2211 2749 quodam-

343 2765 491 2819 modo
520 2774 747 2837 cogeret.
802 2761 931 2819 Cum
959 2774 1127 2819 autem
1151 2773 1334 2837 postea
1365 2767 1588 2838 ejusdem
1625 2767 1981 2822 declarationis
2006 2768 2211 2837 Defen-

344 2858 424 2908 sio
463 2853 583 2907 olim
622 2872 653 2906 a
689 2853 945 2907 Bossueto
982 2853 1380 2909 luculentissime
1416 2856 1636 2929 scripta,
1689 2867 1740 2910 et
1775 2856 1984 2910 subinde
2019 2854 2212 2910 auctior

344 2943 478 2997 edita
504 2943 697 2997 duobus
733 2941 935 3013 magnis
971 2943 1308 2998 voluminibus
1346 2945 1620 3018 prodierit,
1662 2955 1714 2999 et
1745 2954 1855 2999 toto
1883 2943 2022 2998 Orbe
2059 2943 2212 2997 fuerit

343 3033 583 3105 vulgata3
613 3023 808 3085 summa
832 3029 966 3082 tanti
990 3030 1090 3083 viri
1119 3032 1423 3099 auctoritaS‚
1453 3043 1505 3087 et
1528 3034 1683 3087 multo
1709 3033 1874 3105 magis
1900 3032 2075 3084 modus
2101 3041 2210 3084 tra-

345 3121 516 3175 ctandi
553 3121 686 3174 hanc
724 3117 990 3172 materiem
1030 3120 1224 3187 effecit,
1260 3131 1317 3174 ut
1354 3122 1528 3176 eadem
1566 3121 1821 3176 sententia
1855 3129 2010 3175 extra
2047 3120 2207 3193 ipsam

346 3208 565 3264 Galliam
590 3209 787 3264 facilius
813 3209 1233 3281 persuaderetur,
1261 3219 1313 3264 et
1336 3210 1728 3284 persuaderetur
1753 3228 1857 3263 non
1882 3209 2085 3282 pauciS‚
2125 3208 2208 3279 qui

347 3306 502 3351 antea
550 3309 784 3352 nostram
832 3307 1163 3370 veterumque
1214 3298 1519 3355 sententiam
1575 3300 1981 3373 propugnabant.
2058 3295 2210 3350 Licet

347 3384 573 3458 Magnus
598 3385 883 3441 Bossuetus
909 3387 969 3441 de
994 3384 1231 3442 Ecclesia
1256 3385 1532 3454 catholica,
1563 3406 1622 3441 ac
1647 3388 1707 3442 de
1733 3386 1846 3441 fidei
1872 3385 2207 3458 dogmatibus,

337 3493 439 3547 pro
465 3474 647 3547 quibus
674 3485 856 3529 contra
880 3473 935 3528 N
937 3485 1204 3531 ovatorum
1239 3493 1443 3530 errores
1478 3476 1666 3532 invicte
1691 3475 1947 3531 dimicavit
1970 3476 2208 3529 beneme-

345 3562 494 3629 ritus,
522 3562 828 3618 auctoritate
853 3564 1121 3637 plurimum
1146 3565 1348 3632 valeat3
1377 3583 1479 3620 non
1505 3574 1675 3621 tamen
1703 3565 1754 3618 in
1782 3564 1876 3620 hac
1903 3581 2055 3619 causa
2075 3561 2206 3617 tanti
