2320 3990
695 229 1305 291 *59—

98 422 203 463 tur
214 407 427 480 suspicio
442 445 456 472 ,
492 422 561 459 ex
587 413 727 458 certa
763 402 911 455 etiam
944 399 1070 472 apud
1107 397 1245 471 ipsos
1281 395 1508 451 doctrina
1527 394 1588 448 de
1617 393 1920 465 necessitate

96 491 302 547 unitatis
324 501 376 546 et
409 487 765 546 communionis
787 507 893 541 cum
914 486 1084 541 eadem
1115 484 1232 539 sede
1260 481 1506 553 originem
1539 480 1686 535 ducit.
1747 478 1918 551 ltaque

98 581 156 633 ad
183 578 495 633 statuendam
530 577 668 648 hujus
705 573 911 628 unitatis
948 571 1327 635 necessitatem,
1365 587 1492 639 quae
1530 569 1591 620 ab
1617 567 1920 623 adversariis

99 665 399 730 conceditur,
426 663 648 736 pluribus
673 679 796 734 opus
822 675 923 713 non
946 667 1043 712 est.

241 753 293 806 6.
345 750 526 821 Neque
550 767 673 804 vero
699 744 1081 802 concedentibus
1107 743 1199 796 hoc
1235 741 1526 814 principium
1566 741 1921 796 dubitationem

99 847 306 912 possunt
354 837 588 908 ingerere
636 835 873 906 quaedam
934 829 1216 903 personalia
1265 830 1398 882 facta
1448 847 1516 882 ex
1567 825 1762 881 Meletii
1810 828 1922 879 An-

100 924 338 990 tiocheni,
379 932 429 978 et
453 923 630 978 Aeacii
666 915 1210 988 constantinopolitani
1247 914 1619 980 schismatibus,
1656 915 1717 966 in¹
1747 914 1922 984 quihus

102 1011 342 1076 nonnulli,
369 1010 562 1064 etiamsi
587 1007 794 1062 actualis
821 1003 1179 1060 communionis
1197 1019 1306 1055 cum
1326 1000 1570 1054 Romanis
1597 1000 1922 1055 Pontificibus

101 1107 272 1150 essent
296 1105 565 1168 experteS,
608 1112 710 1147 non
736 1093 892 1146 solum
927 1099 1095 1144 tamen
1130 1099 1387 1143 aeternam
1421 1089 1628 1141 salutem
1656 1088 1922 1157 consequi,

100 1202 271 1237 verum
320 1183 470 1236 etiam
517 1182 651 1235 inter
699 1187 900 1233 sanctos
946 1185 1218 1250 potuerunt
1249 1175 1448 1228 referri.
1508 1173 1648 1228 Haec
1686 1174 1924 1244 siquidem

101 1272 231 1324 facta
250 1269 301 1321 in
325 1269 521 1321 dubium
542 1285 780 1321 revocare
806 1273 1075 1335 nequeunt,
1102 1264 1256 1316 multo
1283 1272 1449 1315 autem
1474 1261 1636 1314 minus
1664 1262 1924 1315 destruere

102 1354 419 1428 principium,
457 1355 582 1424 quod
609 1372 678 1406 ex
707 1352 948 1406 catholieo
976 1352 1206 1421 dogmate
1232 1350 1291 1401 ab
1317 1349 1437 1420 ipsis
1476 1348 1778 1402 adversariis
1817 1367 1925 1401 cer-

105 1453 208 1493 tum
235 1441 535 1494 conceditur.
590 1439 727 1491 Tota
753 1438 1010 1491 difficultas
1036 1436 1087 1488 in
1115 1454 1173 1488 eo
1201 1435 1298 1488 sita
1324 1445 1418 1501 est,
1447 1453 1579 1501 num,
1607 1446 1658 1489 et
1684 1436 1923 1506 quomodo

107 1528 340 1598 ejusmodi
377 1524 642 1598 peculiaria
679 1527 812 1578 facta
839 1543 946 1577 cum
974 1540 1212 1576 concesso
1249 1532 1484 1592 certoque
1519 1522 1759 1595 principio
1795 1541 1927 1575 com·

104 1613 235 1685 poni,
265 1623 315 1666 et
341 1611 591 1666 conciliari
615 1621 816 1680 queant.
870 1608 967 1662 Ubi
990 1626 1111 1662 vero
1134 1609 1194 1662 de
1216 1610 1357 1663 factis
1377 1610 1663 1680 quibusdam
1690 1609 1927 1662 difficilio-

104 1699 239 1751 ribus
266 1699 325 1750 ad
352 1707 540 1751 certum
566 1695 855 1767 principium
884 1694 1148 1763 exigendis
1173 1696 1365 1764 agitur,
1402 1712 1576 1747 omnes
1603 1696 1928 1748 circumstan-

105 1785 202 1837 tiae
238 1783 610 1854 cognoscendae
649 1791 700 1834 et
737 1781 1094 1852 expendendae
1131 1790 1330 1846 essent,
1380 1799 1586 1851 quarum
1620 1783 1857 1852 quaedam
1887 1782 1928 1834 si

104 1873 308 1935 lateant,
327 1888 451 1924 vera
470 1869 759 1940 quandoque
779 1867 1038 1940 responsio
1054 1877 1104 1920 et
1118 1867 1396 1921 conciliatio
1418 1886 1484 1921 ex
1507 1868 1626 1940 ipsis
1649 1869 1928 1923 deducenda

104 1958 301 2010 lateret.
364 1954 520 2010 Certe
554 1972 678 2010 vero
716 1955 759 2008 si
797 1954 1074 2008 conciliatio
1110 1972 1179 2007 ex
1226 1955 1358 2008 notis
1395 1955 1780 2009 circumstantiis
1814 1975 1930 2028 pro-

106 2045 247 2096 ducta
284 2043 613 2096 difficultatem
647 2042 892 2114 patiatur,
926 2060 1027 2093 non
1064 2041 1246 2095 idcirco
1282 2042 1572 2114 principium
1607 2062 1676 2096 ex
1702 2044 1930 2115 dogmate

108 2140 295 2182 certum
334 2129 711 2199 repudiandum,
748 2138 832 2179 aut
869 2128 1199 2180 revocandum
1235 2128 1333 2180 erit
1365 2128 1418 2179 in
1443 2129 1656 2180 dubium.
1720 2129 1929 2183 Factum

109 2215 301 2268 Meletii
325 2214 628 2267 Antiocheni
653 2212 795 2267 facile
822 2213 1158 2284 componitur,
1199 2213 1239 2265 si
1268 2214 1552 2267 consideres
1592 2234 1699 2267 cum
1727 2234 1930 2269 excom-

109 2301 436 2354 municatione
471 2299 670 2371 proprie
709 2298 837 2350 dicta
872 2317 1135 2368 numquam
1172 2299 1327 2352 fuisse
1352 2301 1627 2371 praecisum
1655 2303 1713 2354 ab
1739 2303 1931 2355 unitate

107 2397 156 2440 et
184 2387 523 2440 communione
561 2384 824 2450 catholica,
872 2395 923 2438 et
949 2386 1080 2440 sedis
1105 2386 1451 2458 Apostolicae‚
1489 2388 1574 2440 sed
1612 2388 1703 2459 ipsi
1740 2398 1931 2441 tantum

106 2482 315 2543 negatas
351 2472 505 2526 fuisse
531 2491 559 2524 a
585 2489 772 2524 summo
809 2469 1053 2524 Pontifice
1088 2471 1310 2524 Damaso
1345 2473 1541 2526 litteras
1577 2476 1932 2528 communionis

107 2557 438 2630 Episcopalis,
485 2577 544 2613 eo
583 2559 708 2628 quod
746 2557 824 2610 hic
857 2557 1130 2632 Pontifex,
1182 2559 1264 2629 qui
1291 2558 1552 2613 Paulinum
1585 2562 1932 2616 Antiochenae

108 2645 238 2697 sedis
257 2644 551 2718 Episcopum
577 2646 892 2717 probaverat,
915 2645 1058 2715 eique
1077 2655 1327 2717 tamqnam
1347 2647 1665 2702 Antiocheno
1686 2648 1932 2722 Episcopo

108 2731 301 2784 litteras
345 2728 702 2784 communionis
737 2728 1046 2802 Episcopalis
1082 2734 1386 2798 tradiderat,
1426 2736 1581 2787 noluit
1607 2735 1749 2787 simul
1774 2735 1935 2788 Mele-

110 2816 226 2868 tium
266 2819 485 2888 ejusdem
519 2817 649 2870 sedis
674 2816 972 2888 Episcopum
1011 2832 1314 2886 agnoscere,
1360 2837 1423 2871 ne
1450 2830 1625 2871 contra
1653 2820 1931 2874 Nicaenum

109 2903 357 2957 decretum
384 2903 476 2955 duo
505 2903 718 2974 ejusdem
742 2899 880 2954 urbis
904 2898 1137 2974 Episcopi
1163 2904 1223 2955 ab
1252 2903 1543 2975 Apostolica
1569 2904 1699 2959 Sede
1735 2908 1933 2979 probari

110 2990 413 3043 viderentur.
478 2989 730 3060 Tempore
769 2998 934 3041 autem
970 2989 1251 3047 schismatis
1286 2991 1557 3057 Acaciani,
1602 3009 1696 3063 quo
1731 2995 1934 3065 vigente

113 3075 398 3129 Orientales
435 3075 778 3130 communione
827 3075 958 3128 sedis
995 3076 1319 3149 Apostolieae
1353 3079 1551 3131 fuerunt
1597 3091 1836 3152 expertes
1873 3083 1934 3135 oh

113 3179 291 3214 nomen
316 3159 507 3227 Aeacii,
540 3161 668 3231 quod
698 3160 794 3214 nisi
820 3180 848 3214 e
874 3162 1120 3235 diptychis
1147 3163 1414 3230 deleretur,
1442 3183 1528 3219 cos
1553 3166 1606 3219 in
1631 3169 1934 3221 communio-

114 3264 223 3299 nem
249 3247 374 3300 haud
398 3248 704 3320 recipiendos
730 3246 947 3301 Romani
966 3249 1238 3304 Pontifices
1258 3255 1371 3322 jure
1398 3252 1577 3306 merito
1604 3266 1933 3323 censuerunt3

112 3332 271 3403 hujus,
296 3333 514 3404 inquam,
542 3335 822 3389 schismatis
842 3347 1063 3408 tempore
1088 3336 1349 3390 nonnullos
1375 3338 1567 3409 quidem
1592 3342 1934 3396 sanctissimos

114 3419 268 3485 viros,
295 3430 346 3473 et
370 3420 421 3473 in
449 3418 748 3474 Sanctorum
775 3423 933 3475 album
971 3426 1155 3477 relatos
1183 3424 1232 3476 in
1260 3423 1468 3480 Oriente
1506 3427 1732 3481 floruisse
1759 3430 1933 3499 negari

121 3519 217 3556 non
245 3517 425 3575 potest.
490 3507 559 3561 At
589 3507 680 3560 hac
706 3507 755 3559 in
783 3524 840 3561 re
866 3509 1034 3562 multis
1061 3521 1110 3562 ct
1137 3511 1358 3564 obscuris
1392 3513 1508 3566 facti
1550 3514 1935 3569 circumstantiis
