2320 3990
716 284 885 300 ...ε-
978 249 1093 312 iai
1202 280 1363 294 ψ,

127 422 358 520 qu‘aeide'm
382 427 738 490 augumentum
764 417 954 488 pariter
990 416 1173 486 objecit
1196 412 1511 474 ahmehaois
1535 412 1855 483 nunquia,
1849 414 1944 469 vel

127 507 338 571 semim,
365 505 583 560 Auctor.
593 503 938 573 quaestionum
973 501 1248 559 vetetisfot
1258 498 1397 563 novis
1405 496 1726 559 Testamenti
1739 506 1942 569 quaest

127 592 252 647 110
262 590 320 646 S.
333 589 553 663 Ephrem
571 591 695 661 apud
721 589 1218 646 Assemamunrtw.
1219 586 1282 640 l
1306 583 1663 644 Bibliothecae
1670 582 1944 662 orientalis

127 677 410 750 pag-129
429 674 486 729 S.
526 673 835 747 Epiphanius
860 674 950 732 ad
970 670 1295 743 carpocratis
1335 669 1596 737 haeresim
1609 669 1695 730 23.
1720 688 1787 729 ιι
1812 668 1943 730 finnt

128 763 254 816 amq
280 763 354 816 At
381 763 530 831 quid,
576 762 786 825 amabo,
820 761 893 814 ad·
920 755 1404 815 veramfsEcclesiam
1429 755 1818 826 dignoscendam
1835 773 1944 811 ⁴non

127 848 403 919 interrupta
457 848 516 900 ab
555 844 1214 919 ApostolisEpiseopomun
1259 841 1510 895 successio
1534 843 1569 902 ’ζ
1617 839 1757 894 Inter
1794 856 1945 897 verae

127 933 387 988 Ecclesiae
420 944 566 987 notas
604 951 799 1004 semper
835 931 956 985 haec
992 930 1202 993 fuit,›ut
1227 927 1543 997 Apostolica
1581 927 1676 992 sit,
1713 927 1775 980 ob
1798 926 1944 984 fidem

128 1019 346 1083 scilicet,
372 1037 498 1088 quae
521 1015 975 1073 iniveraEcclesia
1001 1013 1101 1069 alia
1125 1024 1360 1085 nonest,
1382 1033 1479 1069 nec
1505 1032 1618 1070 esse
1644 1013 1820 1077 debet,
1840 1012 1943 1069 >uisi

127 1124 273 1173 quum
296 1102 879 1176 Apostaolitradiderunt.
930 1098 1097 1168 Quam
1115 1110 1284 1155 autem
1307 1099 1455 1154 fidem
1482 1098 1788 1154 tradiderint?
1802 1098 1944 1169 Apo-

127 1189 270 1253 stoli,
296 1189 379 1242 nbi
404 1188 729 1260 Apostolicae
755 1187 918 1241 desint
944 1187 1169 1251 litterae,
1208 1203 1310 1238 non
1338 1186 1534 1239 aliunde
1561 1201 1869 1255 cognoscere
1894 1194 1944 1235 et

127 1275 338 1345 probare
364 1274 504 1339 licet,
531 1274 629 1327 nisi
655 1292 744 1345 per
767 1272 1127 1346 Episcoporum
1165 1273 1561 1336 successionem,
1601 1271 1683 1340 qui
1701 1275 1808 1342 jam
1832 1270 1944 1323 iude

128 1362 188 1412 ab
215 1361 474 1431 Apostolis
513 1360 734 1414 eamdem
770 1379 965 1431 semper
1002 1360 1277 1414 doctrinam
1317 1378 1416 1412 uon
1442 1359 1721 1428 interrupta
1748 1374 1944 1410 succes-

127 1445 268 1498 sione
294 1445 567 1499 docuerint.
619 1444 701 1498 Ne
728 1465 847 1499 vcro
874 1443 1134 1498 Ecclesiae
1151 1484 1164 1509 ,
1191 1463 1317 1513 quae
1343 1444 1495 1497 multo
1535 1453 1649 1515 post
1673 1442 1946 1514 Apostolo-

131 1550 238 1582 rum
265 1531 783 1595 aetateurinstitutae,
812 1531 939 1584 hanc
970 1530 1338 1584 successionem
1363 1531 1414 1583 in
1442 1530 1546 1583 suis
1570 1528 1833 1600 Episcopis
1858 1547 1945 1581 ne-

129 1626 312 1686 queunt
348 1618 631 1685 praeferre,
670 1618 764 1670 hac
802 1616 1207 1688 Apostolicitatis
1246 1635 1493 1686 veraeque
1527 1614 1788 1675 Ecclesiae
1824 1623 1943 1667 nota

128 1711 362 1765 careant,
390 1701 513 1753 satis
539 1711 646 1765 est,
686 1702 793 1772 ipso
821 1701 1139 1754 Tertulliano
1166 1703 1453 1773 explicante
1479 1722 1521 1755 c.
1551 1702 1636 1754 20.
1668 1711 1747 1765 ut,
1785 1701 1828 1752 si
1854 1720 1946 1754 nec
2003 1703 2007 1706 ’

130 1789 189 1839 ab
216 1786 504 1858 ApostoliS,
552 1805 644 1839 nec
682 1788 742 1839 ab
777 1786 1086 1857 Apostolicis
1123 1787 1246 1840 viris
1295 1787 1540 1856 originem
1578 1787 1786 1850 ducant,
1835 1787 1942 1838 lidei

129 1874 304 1926 saltem
331 1874 578 1926 traducem
608 1872 837 1926 hauriant
877 1873 935 1926 ab
962 1873 1084 1944 ipsis
1111 1871 1354 1927 Ecclesiis
1393 1871 1726 1944 ApostoliciS,
1766 1880 1822 1923 ιιι
1850 1873 1946 1923 Ee·

128 1963 319 2012 clesiae
340 1965 501 2030 fiant.-
529 1977 641 2011 nam
664 1979 766 2028 per
793 1962 922 2023 ltoc,
950 1959 1139 2028 inquit,
1167 1968 1218 2013 et
1242 1963 1390 2028 ipsae
1420 1958 1761 2027 Apostolicae
1788 1961 1945 2026 depu-

129 2053 336 2106 tantur,
375 2053 431 2098 ut
455 2047 660 2098 soboles
689 2045 1120 2114 Apostolicarum
1158 2047 1535 2099 Ecclesiaram.
1595 2047 1758 2097 Omne
1780 2065 1945 2114 yemis

132 2135 205 2183 acl
228 2136 484 2200 originem
509 2152 656 2184 suam
681 2140 957 2184 censeatur
983 2152 1192 2184 necesse
1220 2141 1310 2184 est.
1364 2132 1437 2183 At
1461 2141 1658 2195 monet,
1695 2140 1944 2200 acceptam

133 2217 286 2268 semel
310 2217 384 2284 [ab
422 2215 594 2268 iisdem
632 2214 875 2269 Ecclesiis
910 2217 1184 2269 doctrinam
1222 2226 1459 2287 perpetuo
1499 2225 1705 2268 teneant
1731 2225 1945 2286 oportet,

134 2312 186 2353 ut
210 2310 287 2354 tot
313 2310 363 2354 et
387 2309 566 2354 tantae
594 2303 869 2354 Ecclesiae
909 2305 1006 2354 illa
1043 2304 1301 2354 habeatur
1337 2306 1402 2354 ab
1442 2302 1715 2371 Apostole‘s
1752 2306 1947 2370 prima,

135 2408 204 2440 ea:
239 2408 343 2457 qua
376 2407 567 2440 omnes.
619 2385 706 2440 Sic
743 2388 874 2441 enim
900 2407 1075 2441 onznes
1095 2392 1307 2456 primae
1342 2397 1392 2441 et
1419 2388 1789 2458 Apostolicae,
1826 2391 1946 2440 dum

133 2493 285 2526 unam
313 2493 489 2525 eirenes
507 2475 746 2541 probant
769 2478 1034 2526 unitatem.
1086 2473 1257 2542 Itaque
1285 2493 1352 2526 ex
1381 2484 1454 2526 tot
1481 2493 1539 2527 ac
1564 2484 1816 2526 tantorum
1843 2472 1947 2526 Pa-

133 2569 260 2610 trum
286 2559 535 2612 sententia
561 2569 662 2611 tam
687 2577 894 2613 necesse
920 2569 998 2612 est
1023 2561 1134 2613 fidei
1160 2560 1401 2613 imitatem
1440 2569 1611 2612 tenere
1638 2579 1745 2613 cum
1785 2560 1947 2629 aliqua

134 2644 427 2713 Apostolica
440 2643 685 2709 Ecclesia,
712 2664 838 2713 quae
863 2663 964 2697 uon
990 2645 1319 2715 interruptam
1345 2647 1713 2699 successionem
1738 2644 1949 2717 Episco-

137 2747 307 2798 porum
333 2729 595 2794 exhibeat,
633 2747 779 2799 quam
814 2748 1022 2784 necesse
1060 2741 1138 2782 est
1174 2749 1344 2784 veram
1382 2729 1662 2784 Ecclesiam
1699 2742 1750 2784 et
1777 2751 1947 2785 veram

136 2813 277 2865 fidem
302 2832 416 2865 esse
440 2823 490 2864 et
514 2815 716 2884 probari
741 2815 1098 2884 Apostolicam.

279 2898 367 2950 43.
420 2898 493 2949 At
517 2899 628 2951 dum
665 2900 900 2971 ejusmodi
936 2899 1342 2971 Apostolicarum
1380 2900 1566 2951 sedium
1606 2901 1949 2954 successiones

136 3003 224 3054 pro
251 3002 371 3037 vera
394 2982 622 3037 Ecclesia
660 2996 709 3038 et
732 3004 867 3039 vera·
892 2986 984 3038 fide
1019 2985 1346 3038 discernenda
1379 2985 1685 3038 inculcantur
1724 3006 1753 3039 a
1779 2985 1925 3039 Patri

135 3070 253 3135 bus3
281 3070 462 3123 ceteris
485 3071 794 3143 ‘Apostolicis
821 3070 1064 3125 Ecclesiis
1093 3073 1169 3126 vel
1196 3071 1424 3124 indicatis
1452 3081 1640 3126 tantiun
1657 3113 1670 3137 ,
1699 3075 1777 3127 vel
1804 3093 1948 3144 prae-

89 3156 91 3159 ’
139 3155 411 3220 tei-missis,
438 3157 580 3208 unius
607 3155 869 3210 Romanae
897 3158 1028 3211 sedis
1056 3157 1326 3210 Pontifices
1355 3157 1585 3212 distincto
1615 3161 1844 3229 catalogo
1874 3179 1950 3211 re-

139 3251 429 3306 censentur,
466 3251 515 3294 et
541 3242 601 3294 ad
626 3241 716 3294 hos
743 3244 1012 3314 possimum
1041 3243 1278 3297 haeretici
1295 3283 1308 3306 ,
1342 3244 1421 3296 vel
1448 3244 1746 3298 schismatici
1773 3265 1948 3318 provo-

137 3336 344 3390 cantur,
373 3337 424 3378 ut
449 3345 519 3380 ex
542 3325 766 3395 Irenaei,
793 3327 964 3400 Optati
983 3370 996 3395 ,
1025 3329 1323 3400 Augustini,
1351 3339 1399 3382 et
1423 3328 1687 3403 Epiplianii
1715 3332 1837 3385 locis
1865 3352 1950 3386 an-

138 3420 219 3464 tea
247 3412 456 3465 laudatis
485 3413 665 3483 liquet:
693 3431 898 3485 cumque
938 3434 1081 3469 nemo
1121 3416 1278 3486 (quod
1303 3418 1705 3488 observaverim)
1745 3419 1951 3471 aliarum

141 3497 538 3568 Apostolicaruui
567 3499 748 3552 sedium
777 3502 1139 3556 successionem
1169 3501 1276 3554 sinc
1308 3501 1535 3557 Romana
1572 3513 1951 3558 commemoret:
