2314 3984
941 214 1118 223 ---
1212 181 1343 243 384
1434 218 1608 263 -—÷

343 353 500 406 nulla
539 354 860 422 mortiferae
891 353 1163 420 falsitatis
1185 358 1329 427 jura
1358 359 1748 426 praevaleant3
1790 365 1843 410 et
1877 360 2216 430 quantalibet

342 443 548 494 existat
571 441 870 492 errantium
894 442 1214 504 multitudo,
1245 433 1340 495 'illi
1375 445 1486 496 sint
1516 447 1902 516 redemptionis
1940 453 2065 500 tuae
2085 449 2210 517 filii,

341 535 396 580 et
426 530 539 581 illis
575 527 831 581 Ecclesia
869 535 986 582 tota
1021 538 1364 594 numeretur,
1414 534 1510 602 qui
1541 533 1609 586 ab
1656 535 1951 588 electorum
1993 541 2211 588 tuorum

346 613 822 668 PRINCIPALI
852 620 1150 672 traditione
1185 639 1294 672 non
1333 622 1641 675 dissonant:
1693 626 1918 694 ipsaque
1959 627 2031 676 sit
2063 627 2212 676 sacri

339 706 593 773 corporis
629 705 825 775 ubique
863 724 1322 779 veravcompayo,
1368 728 1507 779 quae
1543 700 1596 763 te
1634 713 1980 780 dispensante
2015 714 2211 765 devota

340 793 682 863 obsequitur,
709 795 979 865 quidquid
1002 797 1156 849 sedes
1182 798 1285 850 illa
1311 801 1612 865 censuerit,
1649 819 1808 870 quam
1835 806 2018 852 tenere
2043 802 2210 852 volui·

339 884 411 934 sti
435 884 599 935 totius
626 883 910 936 Ecclesiae
940 883 1326 939 PRINCIPA
1339 886 1525 940 TUM.
1578 885 1723 940 Haec
1760 905 1888 958 quae
1926 885 1983 940 S.
2012 885 2208 940 Leonis

338 967 509 1022 stilum
538 968 802 1038 exhibent,
831 990 943 1025 cum
967 974 1368 1028 vetustissimum
1394 975 1664 1029 Romanae
1689 972 1957 1029 Ecclesiae
1984 993 2208 1042 sensum,

338 1076 399 1112 ac
428 1059 835 1129 Principalem,
875 1078 966 1114 seu
1001 1062 1294 1137 principalis
1321 1061 1470 1118 Sedis
1507 1065 1855 1118 traditionem
1880 1065 2206 1137 p1‘ael'erunt3

338 1155 445 1199 tum
470 1146 846 1202 infallibilitatis
873 1147 1177 1206 Pontificiae
1202 1152 1544 1218 fundamenta,
1572 1170 1701 1223 quae
1726 1151 2096 1224 praemisimus,
2124 1170 2208 1205 sa-

336 1233 406 1288 tis
442 1233 739 1306 indigitant.
814 1235 1021 1291 Verba:
1068 1244 1163 1310 qui
1208 1243 1501 1294 secundum
1543 1244 1923 1310 promissionis
1967 1248 2094 1294 tuae
2130 1245 2206 1294 in·

338 1323 594 1375 violabile
632 1327 1008 1388 constitutum,
1046 1325 1421 1380 infallibilitatis
1455 1327 1830 1380 fundamentum
1861 1323 2058 1380 Christi
2091 1347 2210 1400 pro—

339 1408 575 1464 missioni
600 1409 838 1465 innixum
864 1413 1144 1467 declarant.
1197 1413 1360 1486 Hujus
1386 1413 1741 1488 promissionis
1769 1414 1999 1468 effectum
2026 1425 2076 1468 et
2102 1416 2209 1469 effi-

341 1498 531 1552 caciam
567 1498 796 1554 indicant
841 1502 1136 1573 sequentia,
1189 1504 1368 1574 quibus
1407 1502 1730 1574 Apostolica
1765 1507 2066 1574 confessio,
2119 1523 2208 1558 seu

336 1587 460 1658 fides
489 1607 559 1642 ex
583 1589 923 1661 promissione
949 1590 1228 1646 inviolabili
1254 1591 1308 1645 in
1334 1591 1574 1645 Romana
1598 1589 1833 1645 Ecclesia
1859 1610 1918 1645 ac
1942 1591 2208 1665 principali

338 1677 561 1749 ejusdem
587 1675 855 1733 Ecclesiae
882 1680 1158 1735 traditione
1184 1680 1257 1734 ita
1282 1683 1521 1735 solidata
1547 1681 1759 1747 dicitur,
1804 1689 1856 1733 ut
1895 1681 2032 1734 nulla
2067 1680 2207 1734 salsi-

337 1765 462 1818 tatis
481 1771 603 1838 jura
629 1767 960 1839 praevaleant
987 1788 1083 1823 nee
1111 1779 1293 1823 contra
1317 1769 1507 1842 ipsam,
1536 1789 1630 1824 nec
1657 1779 1837 1823 contra
1862 1769 2006 1835 illos,
2035 1768 2119 1839 qui
2145 1770 2206 1822 ab

341 1854 515 1908 eadem
541 1855 636 1908 fide
663 1874 721 1908 ac
740 1860 1051 1927 principali
1075 1861 1370 1912 traditione
1409 1879 1518 1912 non
1546 1862 1854 1912 dissonant:
1893 1876 2022 1928 quae
2047 1857 2207 1910 verba

339 1942 589 1996 unitatem
617 1962 729 1996 cum
756 1944 848 1998 fide
878 1964 936 1999 ac
962 1947 1237 2001 traditione
1251 1945 1517 2001 Ecclesiae
1543 1945 1836 2020 principalis
1863 1943 2206 1999 neeessariam

339 2031 628 2084 adstruunt.
683 2031 756 2085 Ut
783 2043 951 2087 autem
976 2035 1113 2088 inter
1152 2035 1431 2090 errantium
1470 2054 1527 2089 ac
1563 2034 1909 2088 dissidentium
1935 2032 2209 2086 multitudi-

341 2138 459 2174 nem
486 2120 826 2187 discernatur,
855 2142 1120 2193 quaenam
1146 2128 1216 2178 sit
1241 2128 1391 2178 sacri
1415 2127 1666 2194 corporis
1693 2125 1888 2194 ubique
1915 2142 2045 2176 vera
2071 2142 2207 2176 com-

331 2230 516 2281 paqo,
543 2210 638 2264 hoc
665 2219 745 2263 est
769 2229 896 2264 vera
922 2209 1157 2267 Ecclesia
1183 2211 1381 2269 Christi
1405 2215 1602 2285 ubique
1629 2212 1826 2278 diffusa,
1854 2220 2035 2265 contra
2060 2230 2210 2282 quam

337 2298 391 2351 in
417 2298 533 2352 fidei
559 2297 778 2352 dissidiis
804 2300 1002 2354 falsitas
1029 2320 1134 2356 non
1159 2302 1504 2375 praevalebit3
1533 2321 1596 2357 ea
1622 2320 1738 2356 esse
1765 2299 2043 2372 subjicitur,
2071 2320 2209 2372 quae

339 2395 390 2441 te
429 2389 810 2458 dispensante,
852 2391 1047 2445 devota
1084 2393 1425 2463 obsequitur,
1462 2391 1732 2463 quidquid
1765 2391 1918 2443 sedes
1957 2391 2057 2442 illa
2091 2409 2208 2442 cen·

339 2479 538 2538 suerit,
589 2495 753 2546 quam
795 2483 980 2531 tenere
1025 2482 1245 2534 voluisti
1291 2484 1452 2532 totius
1488 2481 1771 2532 Ecclesiae
1816 2481 2205 2547 principatum.

339 2561 533 2617 Nonne
558 2563 683 2616 haec
708 2562 955 2618 unitatem
981 2565 1096 2620 fidei
1122 2586 1234 2620 cum
1260 2569 1517 2638 obsequio
1544 2565 1729 2619 mentis
1757 2564 1976 2618 debitam
2015 2564 2208 2636 signifi-

339 2659 461 2704 cant
486 2650 708 2706 decretis
737 2651 1037 2723 dogmaticis
1054 2695 1068 2721 ,
1100 2674 1231 2726 quae
1258 2675 1286 2709 e
1313 2656 1432 2709 sede
1460 2653 1762 2727 Apostolica
1789 2653 1969 2706 summi
1994 2651 2209 2706 Pontifi-

339 2757 426 2793 ces
455 2739 636 2804 edunt‚
667 2757 726 2793 ae
753 2739 970 2795 debitam
998 2742 1196 2814 quidem
1223 2743 1428 2797 ratione
1446 2746 1797 2814 principatus
1825 2759 1916 2795 seu
1939 2741 2207 2814 primatus,

341 2847 487 2900 quem
514 2827 576 2880 ob
603 2826 850 2882 unitatem
877 2829 1195 2902 potissimum
1232 2832 1348 2887 fidei
1384 2851 1438 2885 111
1463 2841 1575 2886 tota
1591 2829 1834 2885 ‘Ecclesia
1860 2829 2210 2885 conservanda

339 2916 566 2990 ipsorum
599 2935 853 2990 personae
894 2919 1179 2988 adnexlun,
1227 2919 1412 2974 idonea
1450 2919 1755 2974 auctoritate
1796 2918 2107 2991 praeditum,
2158 2926 2210 2970 et

341 3004 606 3079 promissis
635 3023 694 3059 ac
721 3006 958 3062 oratione
985 3005 1183 3063 Christi
1207 3007 1453 3062 munitum
1478 3008 1730 3065 vidimus?
1769 3002 1934 3074 Quam
1959 3004 2087 3058 belle
2114 3005 2209 3058 hoc

340 3113 497 3147 unum
524 3093 797 3149 Romanae
832 3096 1025 3151 veteris
1060 3096 1353 3152 traditionis
1389 3095 1734 3151 testimonium
1762 3103 1924 3147 totam
1949 3091 2210 3166 Appendi-

341 3201 450 3236 eem
479 3183 770 3237 confirmati
1884 3174 1885 3177 ¹

346 3330 446 3375 Aa
482 3329 803 3390 MaJorem
843 3332 975 3381 Dei
1017 3332 1315 3382 Gloriam
1338 3331 1828 3391 >neman-aeque
1859 3328 2207 3375 Honorem.
