2314 3984
736 219 1383 277 ——303————

158 397 312 453 refert
324 394 388 447 »in
410 402 750 445 matronarum
769 386 1108 440 Romanarmu
1126 386 1306 451 officia,
1330 402 1431 437 non
1449 392 1614 436 autem
1637 381 1692 434 in
1710 399 1968 454 praesum-

159 493 266 534 tum
283 478 439 551 ipsius
463 479 684 550 lapsum,
710 485 814 528 tum
838 493 961 528 vero
988 472 1209 527 eumdem
1224 469 1520 524 Pontificem
1539 487 1654 525 cuni
1672 469 1815 522 laude
1839 487 1969 523 sem-

159 586 246 640 per
270 565 533 619 nominans
549 603 564 630 ,
590 582 719 616 nunc
744 569 893 617 vocat
918 561 1313 614 celeberrimum
1348 558 1619 610 Liberium
1634 595 1648 620 ‚
1690 574 1822 610 nunc
1850 558 1970 628 ylo-

158 657 357 706 riosum
389 654 627 704 veritatis
663 650 944 709 athletam3
979 654 1031 699 et
1062 663 1126 698 ne
1166 645 1396 698 credatur
1431 643 1597 712 aliqua
1632 643 1796 695 minus
1821 643 1970 714 digna

162 739 357 792 actione
382 737 592 791 rediisse
617 736 670 788 in
696 753 838 788 suam
862 733 1027 786 sedem
1043 771 1058 797 ,
1093 730 1203 803 ipso
1237 731 1290 783 in
1327 730 1487 783 reditu
1511 728 1786 783 mirabilem
1810 738 1969 783 testa-

159 837 264 878 tur:
297 827 427 877 Post
453 826 550 876 lias
584 824 920 875 Christianae
938 819 1113 888 plebis
1150 819 1561 871 acclamationes
1596 813 1882 887 (Liberium
1909 818 1969 870 ab

162 912 465 984 Imperatore
490 906 788 981 postulantis
812 907 864 959 in
892 903 1072 975 Circo)
1113 922 1355 956 reversus
1394 910 1470 957 est
1506 905 1854 957 admirandus
1879 907 1971 959 ille

162 1000 427 1050 Liberius:
456 1014 581 1066 quae
605 996 715 1047 laus
739 990 966 1045 redeunti
989 989 1159 1060 lapsus
1185 988 1460 1060 turpissimi
1486 1006 1638 1041 causa
1661 1007 1971 1060 nequaquam

162 1083 408 1138 convenit.
459 1079 704 1152 Sulpicius
728 1076 980 1141 SeveruS,
1019 1075 1103 1144 qui
1140 1093 1210 1127 ex
1234 1074 1416 1127 Hilarii
1450 1075 1744 1144 fragmentis
1769 1078 1971 1130 multum

159 1168 404 1239 decerpsit
427 1168 478 1219 in
504 1165 723 1219 texenda
746 1164 1052 1216 Arianorum
1078 1160 1313 1226 historia,
1350 1179 1415 1214 ne
1449 1161 1655 1214 verbum
1681 1162 1871 1230 quidem
1897 1164 1973 1215 in-

162 1256 267 1308 nuit
292 1255 351 1305 de
376 1250 567 1305 Liberii
594 1252 762 1322 lapsu,
807 1251 1009 1320 ejusque
1046 1247 1414 1301 restitutionem
1454 1247 1686 1300 seditioni
1719 1266 1776 1300 ac
1810 1249 1972 1302 turbis

164 1343 507 1394 Romanorum
533 1336 776 1401 attribuit,
802 1336 861 1388 de
889 1335 1061 1404 quibus
1086 1353 1189 1387 non
1215 1335 1372 1386 sollmi
1396 1333 1449 1384 in
1474 1334 1769 1403 fragmentis
1795 1334 1974 1388 Hilarii

164 1428 345 1481 nullum
370 1422 600 1476 iudiciuin
627 1433 734 1488 est,
760 1441 934 1474 verum
960 1421 1003 1473 si
1030 1420 1278 1490 genuinae
1305 1428 1476 1472 essent
1499 1418 1754 1474 habendae
1787 1423 1973 1493 episto-

162 1518 270 1580 lae,
297 1531 423 1583 quae
448 1512 499 1563 in
523 1509 619 1562 illis
644 1508 980 1561 inscribuntur
1004 1505 1242 1571 Liberi0,
1282 1506 1403 1558 haec
1437 1505 1567 1558 ratio
1603 1508 1804 1560 omnino
1841 1520 1977 1562 esset

166 1600 451 1673 rejicienda,
487 1615 596 1650 cum
634 1614 702 1648 ex
734 1595 907 1646 iisdem
946 1593 1166 1664 epistolis
1202 1592 1491 1663 colligatur,
1537 1590 1888 1647 Constanti1u11
1923 1595 1974 1647 in

163 1690 271 1760 ejus
298 1683 660 1738 restitutionem
695 1681 849 1733 fuisse
887 1679 1155 1744 difficilem,
1193 1698 1399 1748 eamque
1431 1680 1631 1732 tandem
1666 1682 1975 1735 concessisse

166 1771 482 1845 petitionibus
514 1767 777 1831 Valentis,
819 1764 1048 1830 Ursacii,
1084 1775 1230 1835 atque
1269 1763 1544 1830 Germinii,
1578 1765 1835 1820 Vincentii
1874 1766 1974 1820 Ca-

163 1859 327 1932 puani,
354 1867 404 1910 et
415 1854 459 1907 F
463 1851 769 1907 ortunatiani
782 1851 1137 1922 AquilejensiS,
1166 1852 1470 1922 aliorumque
1498 1850 1843 1905 Orientalium.
1877 1852 1975 1907 So-

165 1957 326 1999 crates
353 1944 526 2005 etiam,
554 1938 637 2008 qui
662 1937 856 1990 Liberii
880 1938 1243 1991 restitutionem
1272 1938 1502 1991 seditioni
1535 1939 1762 2010 populari
1789 1941 1976 1994 adscri-

166 2033 260 2095 bit,
286 2033 474 2100 lapsum
499 2028 606 2097 ejus
632 2044 732 2076 non
758 2025 916 2076 solum
941 2042 1041 2075 non
1066 2035 1339 2090 memorat,
1367 2026 1453 2077 sed
1477 2025 1672 2078 videtur
1698 2026 1859 2096 potius
1884 2028 1975 2079 im-

168 2135 386 2189 pugnare
403 2155 416 2178 ,
443 2131 549 2166 cum
573 2110 928 2181 Imperatorem
955 2110 1195 2163 seditione
1220 2109 1561 2162 Romanorum
1586 2123 1859 2181 permotum
1896 2133 1977 2166 re-

170 2200 413 2255 stitutioni
441 2196 678 2270 (Socrxl.
701 2196 750 2247 2.
780 2214 823 2248 c.
846 2195 963 2267 37.)
993 2216 1260 2248 assensum
1277 2199 1609 2265 praebuisse,
1635 2198 1827 2263 scribit,
1856 2202 1980 2252 licet

169 2293 412 2348 invitum3
440 2286 650 2336 libenter
676 2282 806 2334 enim
833 2282 1045 2353 perfidus
1073 2301 1180 2335 eum
1207 2283 1536 2348 restituisset,
1575 2283 1619 2335 si
1644 2286 1974 2338 constantiam

167 2378 269 2445 ejus
293 2376 533 2443 frangens
571 2368 890 2433 obtinuisset,
927 2379 982 2420 ut
1015 2370 1058 2421 is
1095 2379 1197 2421 tam
1235 2371 1369 2441 turpi
1407 2371 1545 2442 lapsu
1582 2371 1860 2425 libertatem
1886 2373 1979 2425 sibi

165 2467 492 2531 compararet.
547 2452 752 2508 Certmu
791 2455 965 2507 saltem
1000 2474 1101 2507 non
1134 2455 1288 2508 fuisse
1325 2456 1526 2508 ineunte
1552 2476 1743 2526 quoque
1779 2462 1977 2512 saeculo

167 2545 338 2615 quinto
365 2545 550 2614 lapsum
579 2540 821 2611 ejusdem,
859 2542 1172 2613 exploratum
1209 2541 1275 2594 sit
1308 2559 1378 2594 ex
1405 2541 1615 2607 Rufino,
1656 2544 1737 2612 qui
1772 2545 1896 2597 libro
1924 2547 1975 2598 ἱ).

170 2627 299 2678 Hist.
326 2624 461 2679 Eccl.
491 2626 676 2696 scripto
703 2627 839 2678 circa
865 2645 944 2679 an.
974 2628 1097 2680 402.
1127 2647 1170 2680 c.
1198 2629 1285 2682 27.
1315 2628 1413 2679 ait:
1440 2629 1687 2682 Liberius
1713 2633 1857 2684 urbis
1872 2633 1977 2684 Ro-

171 2730 354 2763 manae
370 2712 666 2778 Episcopus
688 2712 997 2764 Constantio
1023 2716 1222 2764 vivente
1247 2733 1519 2781 reyressus
1547 2724 1636 2767 est.
1670 2718 1782 2768 Sed
1803 2725 1978 2769 utrum

171 2799 314 2865 quod
337 2799 659 2864 acquieverit
680 2799 940 2849 voluntati
963 2816 1089 2849 suae
1116 2801 1190 2849 ad
1212 2799 1668 2861 subscribendum,
1694 2822 1763 2853 an
1791 2806 1866 2854 ad
1882 2823 1978 2871 po-

165 2884 286 2950 puli
312 2882 544 2932 Romani
562 2886 822 2950 qratiam,
848 2889 1170 2950 compertum
1195 2902 1300 2934 non
1327 2886 1510 2936 babeo.
1563 2884 1635 2937 Ni
1673 2887 1891 2939 certiora
1930 2900 1979 2942 et

170 2966 350 3018 Rufino
376 2966 548 3036 ignota
573 2968 864 3021 documenta
890 2968 1167 3020 adversarii
1191 2970 1475 3039 proferant,
1514 2971 1686 3040 quibus
1722 2973 1849 3026 idem
1876 2976 1979 3047 lap-

169 3071 251 3105 sus
278 3061 441 3106 certus
468 3053 728 3123 probetur,
754 3053 875 3105 nihil
899 3054 1178 3106 conficient.
1206 3054 1334 3108 Vide
1361 3055 1452 3108 hac
1479 3057 1537 3109 de
1564 3076 1620 3110 re
1644 3059 1785 3129 plura
1811 3060 1860 3112 in
1886 3061 1976 3113 Hi-

172 3138 328 3189 storia
351 3136 546 3191 Eccles.
576 3137 859 3192 Cardinalis
885 3139 1023 3192 Ursii
1050 3140 1132 3192 lib.
1165 3141 1246 3192 14.
1276 3159 1322 3192 ιι.
1353 3142 1436 3195 7⁶2.
1467 3152 1516 3195 et
1541 3161 1680 3214 seqq.

312 3222 399 3276 30.
450 3221 595 3289 Quod
618 3226 662 3306 si
686 3227 853 3298 lapsus
880 3228 1095 3297 ejusdem
1122 3225 1383 3279 Pontificis
1422 3238 1585 3282 certus
1611 3244 1975 3302 praesumatur,

171 3307 400 3377 numquid
426 3308 591 3378 lapsus
617 3311 710 3363 dici
740 3322 905 3382 potest
942 3312 1241 3366 definitionis
1284 3313 1431 3365 fidei?
1482 3312 1594 3367 Duo
1620 3317 1783 3388 capita
1807 3319 1856 3371 in
1885 3320 1976 3373 hoc

170 3394 305 3464 lapsu
331 3402 595 3459 notantur,
631 3394 669 3446 Ι.
698 3398 822 3465 quod
848 3397 904 3450 S.
932 3398 1200 3451 Athanasii
1227 3399 1559 3454 defensionem
1586 3403 1838 3470 deserens,
1867 3425 1977 3458 eum

166 3497 193 3529 a
220 3497 307 3532 sua
336 3480 673 3533 communione
712 3493 988 3552 separatum
1029 3485 1385 3550 declaraverit,
1423 3497 1472 3541 et
1509 3507 1535 3541 e
1567 3500 1743 3543 contra
1767 3491 1817 3543 iu
1845 3510 1977 3544 com-
