2320 3990
997 260 1201 279 ——2
1270 239 1394 298 116
1487 274 1660 282 —-

547 405 636 460 13.
682 403 928 478 Apertius
951 405 1206 476 aliquanto
1221 406 1281 459 de
1300 406 1495 464 unitate
1513 408 1627 466 fidei
1645 431 1786 466 suam
1807 423 2026 467 mentem
2042 413 2261 488 Cypria-

401 513 495 548 nus
533 492 759 564 explicat
796 491 943 564 epist.
973 492 1061 545 55.
1103 494 1165 546 ad
1203 491 1532 562 Cornelium,³
1559 498 1711 571 ubi*)
1751 519 1904 553 unum
1940 501 1992 554 in
2031 501 2259 559 Ecclesia

399 580 703 653 Episcopum
728 597 841 655 esse
869 590 920 634 et
947 581 1157 654 agnosci
1185 592 1422 654 oportere
1449 583 1658 653 statuit,
1699 605 1801 642 non
1827 589 1993 642 minus
2022 600 2075 643 ut
2102 591 2260 646 schis-

399 678 555 734 mata,
572 686 720 738 quam
739 677 795 719 ut
807 667 1048 723 haereses
1067 670 1417 742 impediantur.
1459 673 1651 744 Neque
1668 679 1822 741 enim,
1838 676 2019 747 inquit,
2037 680 2259 733 aliunde

400 759 652 812 haereses
692 757 916 809 obortae
955 766 1105 819 sunt,
1145 767 1241 812 aut
1277 767 1407 812 nata
1435 768 1557 813 sam
1584 761 1901 825 schismata,
1929 785 2088 836 quam
2116 769 2258 829 inde,
2314 816 2320 820 .

400 848 548 917 quod
571 847 850 898 sacerdoti
875 845 986 898 Dei
1021 866 1128 898 non
1169 849 1597 917 obtemperatur,
1636 869 1735 902 nec
1760 870 1896 904 unus
1923 855 1978 904 in
2007 855 2258 908 Ecclesia

397 936 472 986 ad
496 941 702 1003 tempus
729 935 1015 995 sacerdos,
1056 942 1107 987 et
1131 936 1206 987 acl
1231 943 1434 1005 tempus
1456 939 1644 1009 judea:
1672 941 1784 990 vice
1819 939 2023 993 Christi
2059 945 2256 1011 cogita-

397 1030 515 1085 tar5
553 1021 731 1092 quibus
766 1019 951 1074 similia
989 1022 1224 1094 leguntur
1250 1022 1302 1074 in
1330 1023 1477 1095 epist.
1507 1024 1596 1078 69.
1666 1022 1794 1078 Cum
1834 1026 2080 1100 quispiam
2119 1030 2256 1081 nullo

399 1111 448 1161 in
477 1110 711 1178 dogmate
740 1127 920 1161 errans
949 1111 1009 1162 ab
1038 1110 1181 1182 hujus
1210 1111 1492 1164 sacerdotis
1522 1114 1868 1166 communione
1897 1134 1952 1167 se
1981 1117 2256 1182 subtraxit,

397 1196 668 1251 schismata
707 1207 894 1250 exorta
932 1208 1080 1265 sunt,
1123 1217 1234 1294 ew
1275 1218 1396 1253 vcro
1426 1201 1488 1253 ab
1517 1202 1626 1272 ejus
1653 1201 1766 1254 fidei
1805 1203 2034 1256 doctrina
2061 1223 2116 1257 se
2144 1206 2258 1257 sub-

397 1284 571 1349 duxit,
610 1293 763 1337 natae
803 1294 922 1337 sunt
962 1285 1222 1339 haereses.
1287 1286 1518 1359 Agnosci
1562 1287 1720 1359 igitur
1758 1289 1905 1342 debet
1938 1291 1988 1342 in
2027 1289 2259 1344 Ecclesia

395 1390 526 1424 unus
555 1371 816 1436 sacerdos,
845 1372 927 1424 vel
953 1370 1262 1443 EpiscopuS,
1304 1390 1413 1424 cum
1442 1393 1538 1442 quo
1566 1394 1742 1428 omnes
1770 1377 2165 1444 communicent,
2204 1389 2258 1431 ut

397 1458 729 1531 impediantur
756 1457 1056 1520 schismata,
1096 1467 1147 1511 et
1175 1457 1254 1511 cui
1279 1458 1331 1510 in
1359 1458 1472 1512 fidei
1498 1460 1694 1515 unitate
1729 1481 1904 1516 omnes
1933 1463 2256 1531 cohaereant,

394 1557 448 1600 ut
476 1545 770 1600 haeresibus
798 1545 960 1598 aditus
986 1545 1371 1618 intercipiatur,
1414 1546 1583 1617 sicque
1610 1548 1661 1601 in
1688 1549 1795 1615 illo,
1825 1559 1976 1620 atque
2003 1571 2093 1624 pcr
2120 1553 2255 1606 illum

393 1646 503 1688 tota
531 1634 807 1688 catholicae
834 1631 1096 1687 Ecclesiae
1124 1635 1293 1687 unitas
1321 1635 1620 1687 vindicetur.
1686 1635 1782 1689 Hic
1810 1648 1976 1690 autem
2017 1658 2146 1693 unus
2175 1659 2257 1693 sa-

395 1724 573 1776 cerdos
604 1732 690 1774 aut
703 1719 1005 1793 EpiscopuS,
1034 1741 1135 1774 non
1159 1722 1322 1791 quivis
1351 1721 1729 1792 particularium
1758 1724 2080 1778 ecclesiarum
2108 1725 2257 1798 Epis-

397 1829 548 1883 copus
591 1828 705 1862 esse
745 1818 942 1880 potest,
986 1809 1067 1879 qui
1095 1810 1147 1861 in
1177 1809 1338 1861 solum
1377 1827 1519 1860 suum
1559 1811 1915 1880 particularem
1944 1830 2153 1883 gregem
2180 1815 2256 1885 jus

395 1900 596 1964 habeat,
625 1898 711 1951 sed
739 1915 867 1948 unus
895 1907 973 1950 est
1000 1916 1223 1950 summus
1252 1897 1490 1950 sacerdos
1520 1896 1782 1950 Romanus
1821 1896 2133 1971 EpiscopuS,
2178 1901 2256 1954 cui

395 1998 503 2040 tota
529 1985 791 2051 Ecclesia,
823 2004 880 2038 ac
916 1987 1071 2039 totius
1099 1984 1364 2039 Ecclesiae
1390 1985 1559 2038 unitas
1589 1986 1859 2039 conuuissa
1886 1997 1980 2039 est.
2045 1983 2191 2054 Quod
2212 1989 2255 2041 si

394 2066 555 2129 unam
582 2076 946 2135 sacerdotem,
983 2075 1066 2127 vel
1095 2077 1427 2144 Episcopum
1465 2095 1624 2127 anum
1662 2094 1752 2146 pro
1789 2075 1897 2146 ipso
1925 2074 2254 2148 Episcopatu,

394 2163 477 2232 qui
503 2163 555 2215 in
584 2162 814 2215 omnibus
840 2159 1108 2233 Episcopis
1136 2180 1264 2215 unus
1292 2172 1395 2226 est,
1438 2159 1729 2233 Cyprianus
1757 2163 1995 2234 sumpsit,
2037 2174 2092 2215 ut
2130 2183 2256 2217 non-

395 2251 517 2303 nulli
546 2249 875 2316 existimant,
915 2251 1326 2319 quemadmodum
1356 2260 1405 2302 et
1437 2249 1563 2320 apud
1589 2249 1921 2320 Agobardum
1951 2249 2059 2323 (De
2086 2253 2252 2324 privil.

396 2349 445 2391 ct
475 2341 579 2410 jur.
623 2337 819 2390 sacerd.
863 2355 906 2389 c.
937 2337 1020 2409 ⁶2.)
1073 2357 1249 2391 omnes
1289 2356 1485 2408 quoque
1524 2337 1694 2389 fideles
1735 2356 1848 2390 csse
1889 2338 2119 2392 dicuntur
2162 2344 2255 2392 sub

394 2430 574 2495 capite
598 2445 797 2478 smmno
818 2445 954 2478 utens
970 2429 1245 2487 sacerdos,
1273 2425 1320 2476 id
1341 2424 1649 2496 propositum
1672 2435 1901 2479 nostrum
1923 2445 1993 2479 cx
2007 2424 2255 2499 Cypriani

395 2513 651 2566 sententia
678 2512 802 2563 nihil
835 2512 1073 2563 infirmat.
1129 2511 1257 2567 Cum
1286 2512 1417 2564 enim
1445 2530 1514 2563 ex
1541 2512 1697 2582 ipsius
1724 2523 1892 2565 mente
1917 2511 2255 2586 Episcopatus

395 2619 498 2653 non
527 2600 677 2653 aliter
703 2617 831 2651 unus
858 2599 941 2664 sit,
971 2618 1119 2669 quam
1146 2600 1198 2651 in
1227 2597 1462 2650 Romano
1484 2596 1734 2653 Pontifice
1763 2610 1813 2653 et
1838 2600 1890 2652 in
1914 2598 2062 2653 Petri
2089 2602 2256 2654 cathe-

396 2689 512 2753 dra,
552 2689 683 2740 unde
723 2690 978 2740 unitatem
1007 2689 1432 2751 sacerdotalem,
1473 2685 1605 2739 idest
1630 2684 1965 2759 Episcopatus
1991 2688 2253 2754 unitatem,

397 2783 647 2829 exortam
686 2773 922 2839 tradidit,
972 2774 1336 2828 connnunionis
1378 2784 1427 2827 et
1467 2774 1580 2826 fidei
1626 2775 1794 2828 unitas
1828 2776 1888 2827 ad
1943 2775 2255 2847 impedienda

396 2863 669 2917 schismata
696 2871 746 2915 et
766 2861 1008 2914 haereses
1035 2881 1138 2915 non
1165 2862 1314 2915 aliter
1338 2881 1430 2934 per
1458 2881 1609 2915 uuum
1624 2861 1982 2935 Episcopatum
2009 2863 2254 2917 vindicari

397 2961 445 3004 et
473 2948 714 3003 custodiri
740 2947 956 3021 poterit,
997 2949 1097 3001 nisi
1123 2969 1298 3003 omnes
1326 2950 1478 3003 etiam
1503 2948 1744 3020 Episcopi
1771 2969 1880 3002 cum
1909 2949 2057 3003 Petri
2084 2950 2254 3003 cathe-

397 3040 516 3102 dra,
545 3056 634 3090 seu
661 3055 771 3089 cum
799 3034 1036 3088 Romano
1063 3034 1312 3089 Pontifice
1339 3034 1396 3087 S.
1429 3034 1578 3088 Petri
1615 3053 1909 3088 successore
1948 3055 2049 3090 non
2089 3038 2254 3091 minus

398 3124 795 3189 communioniS,
836 3141 982 3193 quam
1021 3123 1133 3176 fidei
1161 3123 1354 3175 unitate
1381 3121 1763 3175 adhaerescant.
1812 3121 1864 3174 Id
1893 3134 2060 3177 autem
2098 3127 2253 3178 multo

396 3213 560 3285 magis
589 3212 906 3276 suadebitur,
936 3211 979 3264 si
1007 3211 1468 3264 animadvertamus
1495 3209 1736 3263 haereses
1764 3210 1959 3280 quidem
1986 3231 2254 3282 numquam

397 3310 544 3351 natas
571 3299 726 3352 fuisse
752 3299 804 3351 in
822 3296 1059 3351 Ecclesia
1084 3298 1399 3352 adhaerendo
1428 3297 1541 3350 huic
1569 3307 1746 3351 centro
1773 3298 1984 3351 unitatis
2012 3309 2062 3351 et
2083 3299 2254 3352 catho-

521 3448 564 3500 *)
599 3450 644 3488 ld
675 3453 854 3489 sumtum
889 3448 1056 3489 videtur
1085 3462 1138 3490 ex
1165 3448 1290 3501 epist.
1323 3447 1397 3488 46.
1430 3447 1616 3488 Cornelii
1646 3447 1696 3486 ad
1727 3448 1859 3500 ipsum
1884 3448 2151 3499 cyprianum,
2185 3448 2251 3488 ubi

398 3520 536 3549 unum
568 3507 838 3560 Episcopum
869 3510 917 3549 in
952 3509 1165 3551 catholica
1199 3507 1396 3549 Ecclesia
1439 3521 1526 3548 csse
1569 3508 1717 3548 debere
1750 3519 1800 3547 ex
1833 3507 2016 3559 ipsorum
2049 3507 2253 3548 Novatia-

400 3581 546 3610 norum
577 3568 784 3609 unitatem
817 3568 1065 3611 catholicam
1099 3569 1380 3622 expetentium
1416 3568 1680 3608 confessione
1711 3566 1918 3620 proditur.
