<?xml version="1.0" encoding="UTF-8"?>
<!DOCTYPE html PUBLIC "-//W3C//DTD XHTML 1.0 Transitional//EN"
    "http://www.w3.org/TR/xhtml1/DTD/xhtml1-transitional.dtd">
<html xmlns="http://www.w3.org/1999/xhtml" xml:lang="en" lang="en">
 <head>
  <title>
</title>
<meta http-equiv="Content-Type" content="text/html;charset=utf-8" />
  <meta name='ocr-system' content='tesseract 3.04.00' />
  <meta name='ocr-capabilities' content='ocr_page ocr_carea ocr_par ocr_line ocrx_word'/>
</head>
<body>
  <div class='ocr_page' id='page_1' title='image "a546178500balluoft_0293.png"; bbox 0 0 2314 3984; ppageno 0'>
   <div class='ocr_carea' id='block_1_1' title="bbox 754 233 1390 292">
    <p class='ocr_par' dir='ltr' id='par_1_1' title="bbox 754 233 1390 292">
     <span class='ocr_line' id='line_1_1' title="bbox 754 233 1390 292; baseline -0.005 -13"><span class='ocrx_word' id='word_1_1' title='bbox 754 233 1390 292; x_wconf 67' lang='lat'>——261—</span> 
     </span>
    </p>
   </div>
   <div class='ocr_carea' id='block_1_2' title="bbox 169 397 2040 3559">
    <p class='ocr_par' dir='ltr' id='par_1_2' title="bbox 171 397 2040 2101">
     <span class='ocr_line' id='line_1_2' title="bbox 180 397 1969 475; baseline -0.003 -15"><span class='ocrx_word' id='word_1_2' title='bbox 180 409 285 461; x_wconf 84' lang='lat' dir='ltr'><strong>dem</strong></span> <span class='ocrx_word' id='word_1_3' title='bbox 318 407 422 460; x_wconf 82' lang='lat' dir='ltr'><strong>fere</strong></span> <span class='ocrx_word' id='word_1_4' title='bbox 453 405 678 459; x_wconf 77' lang='lat' dir='ltr'><strong>formulis</strong></span> <span class='ocrx_word' id='word_1_5' title='bbox 707 404 787 457; x_wconf 86' lang='lat' dir='ltr'><strong>usi</strong></span> <span class='ocrx_word' id='word_1_6' title='bbox 821 413 938 456; x_wconf 90' lang='lat' dir='ltr'><strong>sunt</strong></span> <span class='ocrx_word' id='word_1_7' title='bbox 961 403 1264 475; x_wconf 79' lang='lat' dir='ltr'><strong>posteriores</strong></span> <span class='ocrx_word' id='word_1_8' title='bbox 1296 399 1542 455; x_wconf 85' lang='lat' dir='ltr'><strong>Gallicani</strong></span> <span class='ocrx_word' id='word_1_9' title='bbox 1563 397 1826 472; x_wconf 73' lang='lat' dir='ltr'><strong>Episcopi,</strong></span> <span class='ocrx_word' id='word_1_10' title='bbox 1860 415 1969 454; x_wconf 81' lang='lat' dir='ltr'><strong>cum</strong></span> 
     </span>
     <span class='ocr_line' id='line_1_3' title="bbox 178 483 1966 563; baseline -0.005 -18"><span class='ocrx_word' id='word_1_11' title='bbox 178 500 468 563; x_wconf 88' lang='lat' dir='ltr'><strong>receperunt</strong></span> <span class='ocrx_word' id='word_1_12' title='bbox 511 490 812 561; x_wconf 82' lang='lat' dir='ltr'><strong>dogmaticas</strong></span> <span class='ocrx_word' id='word_1_13' title='bbox 860 489 1241 543; x_wconf 76' lang='lat' dir='ltr'><strong>constitutiones</strong></span> <span class='ocrx_word' id='word_1_14' title='bbox 1289 488 1619 560; x_wconf 76' lang='lat' dir='ltr'><strong>posteriorum</strong></span> <span class='ocrx_word' id='word_1_15' title='bbox 1653 483 1966 539; x_wconf 82' lang='lat' dir='ltr'><strong>Pontificum.</strong></span> 
     </span>
     <span class='ocr_line' id='line_1_4' title="bbox 179 571 1967 648; baseline -0.003 -20"><span class='ocrx_word' id='word_1_16' title='bbox 179 575 318 644; x_wconf 79' lang='lat' dir='ltr'><strong>Quod</strong></span> <span class='ocrx_word' id='word_1_17' title='bbox 342 577 504 646; x_wconf 82' lang='lat' dir='ltr'><strong>siquo</strong></span> <span class='ocrx_word' id='word_1_18' title='bbox 529 594 647 629; x_wconf 89' lang='lat' dir='ltr'><strong>casu</strong></span> <span class='ocrx_word' id='word_1_19' title='bbox 671 576 1091 648; x_wconf 80' lang='lat' dir='ltr'><strong>deprehenderent</strong></span> <span class='ocrx_word' id='word_1_20' title='bbox 1123 589 1332 628; x_wconf 85' lang='lat' dir='ltr'><strong>suarum</strong></span> <span class='ocrx_word' id='word_1_21' title='bbox 1353 573 1674 628; x_wconf 69' lang='lat' dir='ltr'><strong>ecclesiarum</strong></span> <span class='ocrx_word' id='word_1_22' title='bbox 1697 571 1967 625; x_wconf 85' lang='lat' dir='ltr'><strong>doctrinam</strong></span> 
     </span>
     <span class='ocr_line' id='line_1_5' title="bbox 178 659 1969 733; baseline -0.003 -18"><span class='ocrx_word' id='word_1_23' title='bbox 178 682 208 715; x_wconf 86' lang='lat' dir='ltr'><strong>a</strong></span> <span class='ocrx_word' id='word_1_24' title='bbox 232 662 465 720; x_wconf 86' lang='lat' dir='ltr'><strong>Romana</strong></span> <span class='ocrx_word' id='word_1_25' title='bbox 493 662 783 718; x_wconf 67' lang='lat' dir='ltr'><strong>definitione,</strong></span> <span class='ocrx_word' id='word_1_26' title='bbox 810 662 1117 733; x_wconf 75' lang='lat' dir='ltr'><strong>discrepare3</strong></span> <span class='ocrx_word' id='word_1_27' title='bbox 1154 660 1246 714; x_wconf 91' lang='lat' dir='ltr'><strong>hoc</strong></span> <span class='ocrx_word' id='word_1_28' title='bbox 1277 659 1386 730; x_wconf 92' lang='lat' dir='ltr'><strong>ipso</strong></span> <span class='ocrx_word' id='word_1_29' title='bbox 1420 667 1766 723; x_wconf 83' lang='lat' dir='ltr'><strong>monerentur,</strong></span> <span class='ocrx_word' id='word_1_30' title='bbox 1803 675 1913 711; x_wconf 91' lang='lat' dir='ltr'><strong>eam</strong></span> <span class='ocrx_word' id='word_1_31' title='bbox 1939 674 1969 710; x_wconf 85' lang='lat' dir='ltr'><strong>a</strong></span> 
     </span>
     <span class='ocr_line' id='line_1_6' title="bbox 178 744 1966 818; baseline -0.004 -15"><span class='ocrx_word' id='word_1_32' title='bbox 178 748 388 803; x_wconf 90' lang='lat' dir='ltr'><strong>veritate</strong></span> <span class='ocrx_word' id='word_1_33' title='bbox 404 749 710 813; x_wconf 83' lang='lat' dir='ltr'><strong>abliorrere,</strong></span> <span class='ocrx_word' id='word_1_34' title='bbox 736 748 850 818; x_wconf 84' lang='lat' dir='ltr'><strong>quia</strong></span> <span class='ocrx_word' id='word_1_35' title='bbox 874 747 1105 801; x_wconf 85' lang='lat' dir='ltr'><strong>Romana</strong></span> <span class='ocrx_word' id='word_1_36' title='bbox 1127 745 1247 798; x_wconf 88' lang='lat' dir='ltr'><strong>fides</strong></span> <span class='ocrx_word' id='word_1_37' title='bbox 1272 754 1351 798; x_wconf 91' lang='lat' dir='ltr'><strong>est</strong></span> <span class='ocrx_word' id='word_1_38' title='bbox 1374 745 1535 815; x_wconf 84' lang='lat' dir='ltr'><strong>lydius</strong></span> <span class='ocrx_word' id='word_1_39' title='bbox 1559 744 1684 816; x_wconf 89' lang='lat' dir='ltr'><strong>lapis</strong></span> <span class='ocrx_word' id='word_1_40' title='bbox 1699 783 1714 809; x_wconf 90' lang='lat'>‚</span> <span class='ocrx_word' id='word_1_41' title='bbox 1741 745 1803 796; x_wconf 90' lang='lat' dir='ltr'><strong>ad</strong></span> <span class='ocrx_word' id='word_1_42' title='bbox 1826 761 1966 813; x_wconf 90' lang='lat' dir='ltr'><strong>quem</strong></span> 
     </span>
     <span class='ocr_line' id='line_1_7' title="bbox 178 829 1970 905; baseline -0.004 -18"><span class='ocrx_word' id='word_1_43' title='bbox 178 853 245 887; x_wconf 79' lang='lat' dir='ltr'><strong>ex</strong></span> <span class='ocrx_word' id='word_1_44' title='bbox 271 833 327 887; x_wconf 88' lang='lat' dir='ltr'><strong>S.</strong></span> <span class='ocrx_word' id='word_1_45' title='bbox 343 833 535 888; x_wconf 90' lang='lat' dir='ltr'><strong>Irenaei</strong></span> <span class='ocrx_word' id='word_1_46' title='bbox 560 835 733 905; x_wconf 86' lang='lat' dir='ltr'><strong>regula</strong></span> <span class='ocrx_word' id='word_1_47' title='bbox 757 834 1006 904; x_wconf 77' lang='lat' dir='ltr'><strong>exigenda</strong></span> <span class='ocrx_word' id='word_1_48' title='bbox 1029 841 1107 886; x_wconf 89' lang='lat' dir='ltr'><strong>est</strong></span> <span class='ocrx_word' id='word_1_49' title='bbox 1131 832 1366 901; x_wconf 85' lang='lat' dir='ltr'><strong>cujusque</strong></span> <span class='ocrx_word' id='word_1_50' title='bbox 1389 829 1647 884; x_wconf 78' lang='lat' dir='ltr'><strong>Ecclesiae</strong></span> <span class='ocrx_word' id='word_1_51' title='bbox 1670 829 1891 894; x_wconf 90' lang='lat' dir='ltr'><strong>traditio,</strong></span> <span class='ocrx_word' id='word_1_52' title='bbox 1915 838 1970 880; x_wconf 88' lang='lat' dir='ltr'><strong>ut</strong></span> 
     </span>
     <span class='ocr_line' id='line_1_8' title="bbox 179 916 1969 990; baseline -0.003 -17"><span class='ocrx_word' id='word_1_53' title='bbox 179 921 516 985; x_wconf 81' lang='lat' dir='ltr'><strong>discernatur,</strong></span> <span class='ocrx_word' id='word_1_54' title='bbox 553 939 676 990; x_wconf 78' lang='lat' dir='ltr'><strong>quae</strong></span> <span class='ocrx_word' id='word_1_55' title='bbox 700 937 823 975; x_wconf 83' lang='lat' dir='ltr'><strong>vera</strong></span> <span class='ocrx_word' id='word_1_56' title='bbox 845 918 913 971; x_wconf 88' lang='lat' dir='ltr'><strong>sit</strong></span> <span class='ocrx_word' id='word_1_57' title='bbox 933 917 1079 981; x_wconf 82' lang='lat' dir='ltr'><strong>fides,</strong></span> <span class='ocrx_word' id='word_1_58' title='bbox 1115 917 1197 971; x_wconf 87' lang='lat' dir='ltr'><strong>vel</strong></span> <span class='ocrx_word' id='word_1_59' title='bbox 1221 934 1347 985; x_wconf 90' lang='lat' dir='ltr'><strong>quae</strong></span> <span class='ocrx_word' id='word_1_60' title='bbox 1380 916 1541 968; x_wconf 90' lang='lat' dir='ltr'><strong>errori</strong></span> <span class='ocrx_word' id='word_1_61' title='bbox 1575 916 1878 987; x_wconf 84' lang='lat' dir='ltr'><strong>deputanda:</strong></span> <span class='ocrx_word' id='word_1_62' title='bbox 1918 924 1969 968; x_wconf 88' lang='lat' dir='ltr'><strong>et</strong></span> 
     </span>
     <span class='ocr_line' id='line_1_9' title="bbox 179 1000 1968 1079; baseline -0.003 -21"><span class='ocrx_word' id='word_1_63' title='bbox 179 1007 250 1059; x_wconf 89' lang='lat' dir='ltr'><strong>ita</strong></span> <span class='ocrx_word' id='word_1_64' title='bbox 274 1007 344 1059; x_wconf 92' lang='lat' dir='ltr'><strong>illi</strong></span> <span class='ocrx_word' id='word_1_65' title='bbox 369 1026 561 1079; x_wconf 86' lang='lat' dir='ltr'><strong>semper</strong></span> <span class='ocrx_word' id='word_1_66' title='bbox 585 1013 811 1069; x_wconf 84' lang='lat' dir='ltr'><strong>et-se‚.·et</strong></span> <span class='ocrx_word' id='word_1_67' title='bbox 834 1021 949 1056; x_wconf 89' lang='lat' dir='ltr'><strong>suas</strong></span> <span class='ocrx_word' id='word_1_68' title='bbox 971 1001 1228 1057; x_wconf 90' lang='lat' dir='ltr'><strong>Ecclesias</strong></span> <span class='ocrx_word' id='word_1_69' title='bbox 1254 1002 1315 1054; x_wconf 90' lang='lat' dir='ltr'><strong>ad</strong></span> <span class='ocrx_word' id='word_1_70' title='bbox 1339 1001 1578 1054; x_wconf 89' lang='lat' dir='ltr'><strong>unitatem</strong></span> <span class='ocrx_word' id='word_1_71' title='bbox 1601 1020 1711 1054; x_wconf 91' lang='lat' dir='ltr'><strong>cum</strong></span> <span class='ocrx_word' id='word_1_72' title='bbox 1738 1000 1968 1054; x_wconf 86' lang='lat' dir='ltr'><strong>Romana</strong></span> 
     </span>
     <span class='ocr_line' id='line_1_10' title="bbox 175 1087 1969 1161; baseline -0.002 -18"><span class='ocrx_word' id='word_1_73' title='bbox 175 1093 295 1156; x_wconf 83' lang='lat' dir='ltr'><strong>fide,</strong></span> <span class='ocrx_word' id='word_1_74' title='bbox 321 1111 446 1161; x_wconf 89' lang='lat' dir='ltr'><strong>quae</strong></span> <span class='ocrx_word' id='word_1_75' title='bbox 469 1090 737 1146; x_wconf 90' lang='lat' dir='ltr'><strong>catholicae</strong></span> <span class='ocrx_word' id='word_1_76' title='bbox 759 1089 965 1141; x_wconf 88' lang='lat' dir='ltr'><strong>unitatis</strong></span> <span class='ocrx_word' id='word_1_77' title='bbox 991 1099 1068 1142; x_wconf 90' lang='lat' dir='ltr'><strong>est</strong></span> <span class='ocrx_word' id='word_1_78' title='bbox 1092 1097 1341 1151; x_wconf 86' lang='lat' dir='ltr'><strong>centrum,</strong></span> <span class='ocrx_word' id='word_1_79' title='bbox 1366 1087 1601 1140; x_wconf 90' lang='lat' dir='ltr'><strong>deberent</strong></span> <span class='ocrx_word' id='word_1_80' title='bbox 1625 1105 1969 1151; x_wconf 85' lang='lat' dir='ltr'><strong>revocare,·ne</strong></span> 
     </span>
     <span class='ocr_line' id='line_1_11' title="bbox 175 1172 1966 1248; baseline -0.002 -20"><span class='ocrx_word' id='word_1_81' title='bbox 175 1178 234 1228; x_wconf 88' lang='lat' dir='ltr'><strong>ah</strong></span> <span class='ocrx_word' id='word_1_82' title='bbox 261 1195 321 1229; x_wconf 87' lang='lat' dir='ltr'><strong>ea</strong></span> <span class='ocrx_word' id='word_1_83' title='bbox 355 1177 465 1229; x_wconf 87' lang='lat' dir='ltr'><strong>fidei</strong></span> <span class='ocrx_word' id='word_1_84' title='bbox 499 1185 644 1248; x_wconf 90' lang='lat' dir='ltr'><strong>petra</strong></span> <span class='ocrx_word' id='word_1_85' title='bbox 677 1175 1037 1239; x_wconf 86' lang='lat' dir='ltr'><strong>desciscerent,</strong></span> <span class='ocrx_word' id='word_1_86' title='bbox 1072 1193 1183 1227; x_wconf 90' lang='lat' dir='ltr'><strong>cum</strong></span> <span class='ocrx_word' id='word_1_87' title='bbox 1219 1192 1316 1242; x_wconf 92' lang='lat' dir='ltr'><strong>qua</strong></span> <span class='ocrx_word' id='word_1_88' title='bbox 1351 1190 1523 1225; x_wconf 90' lang='lat' dir='ltr'><strong>omnes</strong></span> <span class='ocrx_word' id='word_1_89' title='bbox 1553 1172 1764 1242; x_wconf 84' lang='lat' dir='ltr'><strong>undique</strong></span> <span class='ocrx_word' id='word_1_90' title='bbox 1800 1172 1966 1225; x_wconf 90' lang='lat' dir='ltr'><strong>fideles</strong></span> 
     </span>
     <span class='ocr_line' id='line_1_12' title="bbox 175 1256 1967 1331; baseline -0.001 -18"><span class='ocrx_word' id='word_1_91' title='bbox 175 1262 439 1315; x_wconf 89' lang='lat' dir='ltr'><strong>convenire</strong></span> <span class='ocrx_word' id='word_1_92' title='bbox 472 1279 677 1315; x_wconf 89' lang='lat' dir='ltr'><strong>necesse</strong></span> <span class='ocrx_word' id='word_1_93' title='bbox 712 1270 790 1314; x_wconf 91' lang='lat' dir='ltr'><strong>est</strong></span> <span class='ocrx_word' id='word_1_94' title='bbox 813 1261 1007 1313; x_wconf 88' lang='lat' dir='ltr'><strong>ratione</strong></span> <span class='ocrx_word' id='word_1_95' title='bbox 1031 1259 1298 1331; x_wconf 82' lang='lat' dir='ltr'><strong>primatus,</strong></span> <span class='ocrx_word' id='word_1_96' title='bbox 1332 1259 1406 1310; x_wconf 86' lang='lat' dir='ltr'><strong>uti</strong></span> <span class='ocrx_word' id='word_1_97' title='bbox 1442 1277 1551 1311; x_wconf 92' lang='lat' dir='ltr'><strong>cum</strong></span> <span class='ocrx_word' id='word_1_98' title='bbox 1588 1259 1757 1311; x_wconf 90' lang='lat' dir='ltr'><strong>eodem</strong></span> <span class='ocrx_word' id='word_1_99' title='bbox 1781 1256 1838 1311; x_wconf 89' lang='lat' dir='ltr'><strong>S.</strong></span> <span class='ocrx_word' id='word_1_100' title='bbox 1866 1257 1967 1311; x_wconf 89' lang='lat' dir='ltr'><strong>Ire-</strong></span> 
     </span>
     <span class='ocr_line' id='line_1_13' title="bbox 175 1345 1968 1416; baseline -0.001 -18"><span class='ocrx_word' id='word_1_101' title='bbox 175 1365 299 1399; x_wconf 89' lang='lat' dir='ltr'><strong>naeo</strong></span> <span class='ocrx_word' id='word_1_102' title='bbox 324 1347 472 1400; x_wconf 89' lang='lat' dir='ltr'><strong>toties</strong></span> <span class='ocrx_word' id='word_1_103' title='bbox 498 1347 789 1400; x_wconf 83' lang='lat' dir='ltr'><strong>monuimuS.</strong></span> <span class='ocrx_word' id='word_1_104' title='bbox 840 1346 1027 1398; x_wconf 91' lang='lat' dir='ltr'><strong>Eadem</strong></span> <span class='ocrx_word' id='word_1_105' title='bbox 1060 1346 1213 1416; x_wconf 90' lang='lat' dir='ltr'><strong>igitur</strong></span> <span class='ocrx_word' id='word_1_106' title='bbox 1238 1363 1510 1398; x_wconf 89' lang='lat' dir='ltr'><strong>consensus</strong></span> <span class='ocrx_word' id='word_1_107' title='bbox 1535 1345 1865 1415; x_wconf 82' lang='lat' dir='ltr'><strong>praesumptio</strong></span> <span class='ocrx_word' id='word_1_108' title='bbox 1892 1354 1968 1396; x_wconf 91' lang='lat' dir='ltr'><strong>est</strong></span> 
     </span>
     <span class='ocr_line' id='line_1_14' title="bbox 175 1429 1967 1503; baseline 0 -20"><span class='ocrx_word' id='word_1_109' title='bbox 175 1433 226 1483; x_wconf 91' lang='lat' dir='ltr'><strong>in</strong></span> <span class='ocrx_word' id='word_1_110' title='bbox 262 1433 324 1484; x_wconf 92' lang='lat' dir='ltr'><strong>iis</strong></span> <span class='ocrx_word' id='word_1_111' title='bbox 360 1433 611 1486; x_wconf 86' lang='lat' dir='ltr'><strong>catholicis</strong></span> <span class='ocrx_word' id='word_1_112' title='bbox 647 1430 934 1503; x_wconf 85' lang='lat' dir='ltr'><strong>EpiscopiS,</strong></span> <span class='ocrx_word' id='word_1_113' title='bbox 984 1435 1066 1499; x_wconf 85' lang='lat' dir='ltr'><strong>qui</strong></span> <span class='ocrx_word' id='word_1_114' title='bbox 1102 1449 1210 1483; x_wconf 90' lang='lat' dir='ltr'><strong>cum</strong></span> <span class='ocrx_word' id='word_1_115' title='bbox 1247 1430 1408 1500; x_wconf 90' lang='lat' dir='ltr'><strong>aliquo</strong></span> <span class='ocrx_word' id='word_1_116' title='bbox 1447 1429 1678 1482; x_wconf 83' lang='lat' dir='ltr'><strong>examine</strong></span> <span class='ocrx_word' id='word_1_117' title='bbox 1703 1429 1967 1483; x_wconf 77' lang='lat' dir='ltr'><strong>Pontificio</strong></span> 
     </span>
     <span class='ocr_line' id='line_1_15' title="bbox 176 1515 1967 1589; baseline -0.001 -20"><span class='ocrx_word' id='word_1_118' title='bbox 176 1518 284 1571; x_wconf 91' lang='lat' dir='ltr'><strong>fidei</strong></span> <span class='ocrx_word' id='word_1_119' title='bbox 330 1519 528 1571; x_wconf 87' lang='lat' dir='ltr'><strong>decreta</strong></span> <span class='ocrx_word' id='word_1_120' title='bbox 574 1519 815 1589; x_wconf 87' lang='lat' dir='ltr'><strong>recipiunt</strong></span> <span class='ocrx_word' id='word_1_121' title='bbox 852 1517 1147 1589; x_wconf 88' lang='lat' dir='ltr'><strong>(pauciores</strong></span> <span class='ocrx_word' id='word_1_122' title='bbox 1181 1534 1374 1588; x_wconf 90' lang='lat' dir='ltr'><strong>semper</strong></span> <span class='ocrx_word' id='word_1_123' title='bbox 1411 1515 1624 1585; x_wconf 88' lang='lat' dir='ltr'><strong>erunt),</strong></span> <span class='ocrx_word' id='word_1_124' title='bbox 1670 1534 1770 1567; x_wconf 89' lang='lat' dir='ltr'><strong>non</strong></span> <span class='ocrx_word' id='word_1_125' title='bbox 1806 1516 1967 1569; x_wconf 89' lang='lat' dir='ltr'><strong>minus</strong></span> 
     </span>
     <span class='ocr_line' id='line_1_16' title="bbox 176 1591 2040 1676; baseline 0 -22"><span class='ocrx_word' id='word_1_126' title='bbox 176 1623 317 1672; x_wconf 87' lang='lat' dir='ltr'><strong>quam</strong></span> <span class='ocrx_word' id='word_1_127' title='bbox 343 1604 395 1655; x_wconf 93' lang='lat' dir='ltr'><strong>in</strong></span> <span class='ocrx_word' id='word_1_128' title='bbox 419 1604 539 1667; x_wconf 85' lang='lat' dir='ltr'><strong>illis,</strong></span> <span class='ocrx_word' id='word_1_129' title='bbox 566 1604 649 1672; x_wconf 91' lang='lat' dir='ltr'><strong>qui</strong></span> <span class='ocrx_word' id='word_1_130' title='bbox 673 1604 867 1676; x_wconf 88' lang='lat' dir='ltr'><strong>plurimi</strong></span> <span class='ocrx_word' id='word_1_131' title='bbox 890 1622 1093 1656; x_wconf 88' lang='lat' dir='ltr'><strong>numero</strong></span> <span class='ocrx_word' id='word_1_132' title='bbox 1120 1621 1180 1656; x_wconf 93' lang='lat' dir='ltr'><strong>ea</strong></span> <span class='ocrx_word' id='word_1_133' title='bbox 1204 1602 1446 1672; x_wconf 89' lang='lat' dir='ltr'><strong>recipiunt</strong></span> <span class='ocrx_word' id='word_1_134' title='bbox 1469 1621 1539 1654; x_wconf 82' lang='lat' dir='ltr'><strong>ex</strong></span> <span class='ocrx_word' id='word_1_135' title='bbox 1564 1601 1871 1670; x_wconf 57' lang='lat' dir='ltr'><strong>obedientia:</strong></span> <span class='ocrx_word' id='word_1_136' title='bbox 1899 1619 1967 1654; x_wconf 82' lang='lat' dir='ltr'><strong>ex</strong></span> <span class='ocrx_word' id='word_1_137' title='bbox 2037 1591 2040 1594; x_wconf 14' lang='grc' dir='ltr'><strong>Δ</strong></span> 
     </span>
     <span class='ocr_line' id='line_1_17' title="bbox 174 1687 1967 1758; baseline 0 -18"><span class='ocrx_word' id='word_1_138' title='bbox 174 1689 344 1757; x_wconf 83' lang='lat' dir='ltr'><strong>quibus</strong></span> <span class='ocrx_word' id='word_1_139' title='bbox 380 1689 604 1741; x_wconf 90' lang='lat' dir='ltr'><strong>omnibus</strong></span> <span class='ocrx_word' id='word_1_140' title='bbox 648 1689 839 1742; x_wconf 88' lang='lat' dir='ltr'><strong>elicitur</strong></span> <span class='ocrx_word' id='word_1_141' title='bbox 872 1687 1130 1742; x_wconf 87' lang='lat' dir='ltr'><strong>Ecclesiae</strong></span> <span class='ocrx_word' id='word_1_142' title='bbox 1170 1706 1457 1741; x_wconf 84' lang='lat' dir='ltr'><strong>consensuS.</strong></span> <span class='ocrx_word' id='word_1_143' title='bbox 1526 1687 1694 1740; x_wconf 90' lang='lat' dir='ltr'><strong>Inanis</strong></span> <span class='ocrx_word' id='word_1_144' title='bbox 1730 1707 1849 1758; x_wconf 87' lang='lat' dir='ltr'><strong>ergo</strong></span> <span class='ocrx_word' id='word_1_145' title='bbox 1883 1688 1967 1741; x_wconf 89' lang='lat' dir='ltr'><strong>illa</strong></span> 
     </span>
     <span class='ocr_line' id='line_1_18' title="bbox 174 1773 1966 1844; baseline -0.001 -18"><span class='ocrx_word' id='word_1_146' title='bbox 174 1775 519 1843; x_wconf 81' lang='lat' dir='ltr'><strong>tergiversatio</strong></span> <span class='ocrx_word' id='word_1_147' title='bbox 546 1785 692 1843; x_wconf 91' lang='lat' dir='ltr'><strong>atque</strong></span> <span class='ocrx_word' id='word_1_148' title='bbox 717 1775 928 1828; x_wconf 90' lang='lat' dir='ltr'><strong>conditio</strong></span> <span class='ocrx_word' id='word_1_149' title='bbox 955 1774 1268 1844; x_wconf 86' lang='lat' dir='ltr'><strong>cognoscitur</strong></span> <span class='ocrx_word' id='word_1_150' title='bbox 1283 1812 1297 1837; x_wconf 90' lang='lat'><strong>,</strong></span> <span class='ocrx_word' id='word_1_151' title='bbox 1323 1792 1419 1841; x_wconf 86' lang='lat' dir='ltr'><strong>qua</strong></span> <span class='ocrx_word' id='word_1_152' title='bbox 1444 1773 1550 1841; x_wconf 83' lang='lat' dir='ltr'><strong>quis</strong></span> <span class='ocrx_word' id='word_1_153' title='bbox 1577 1774 1637 1825; x_wconf 91' lang='lat' dir='ltr'><strong>ad</strong></span> <span class='ocrx_word' id='word_1_154' title='bbox 1659 1773 1758 1827; x_wconf 87' lang='lat' dir='ltr'><strong>vim</strong></span> <span class='ocrx_word' id='word_1_155' title='bbox 1784 1774 1966 1826; x_wconf 91' lang='lat' dir='ltr'><strong>coacti-</strong></span> 
     </span>
     <span class='ocr_line' id='line_1_19' title="bbox 171 1858 1964 1930; baseline 0 -17"><span class='ocrx_word' id='word_1_156' title='bbox 171 1879 282 1913; x_wconf 86' lang='lat' dir='ltr'><strong>vam</strong></span> <span class='ocrx_word' id='word_1_157' title='bbox 314 1861 697 1930; x_wconf 85' lang='lat' dir='ltr'><strong>dogmaticarum</strong></span> <span class='ocrx_word' id='word_1_158' title='bbox 733 1859 1138 1914; x_wconf 86' lang='lat' dir='ltr'><strong>constitutionum</strong></span> <span class='ocrx_word' id='word_1_159' title='bbox 1178 1859 1308 1911; x_wconf 85' lang='lat' dir='ltr'><strong>sedis</strong></span> <span class='ocrx_word' id='word_1_160' title='bbox 1342 1858 1664 1929; x_wconf 85' lang='lat' dir='ltr'><strong>Apostolicae</strong></span> <span class='ocrx_word' id='word_1_161' title='bbox 1707 1860 1964 1913; x_wconf 91' lang='lat' dir='ltr'><strong>adstruen-</strong></span> 
     </span>
     <span class='ocr_line' id='line_1_20' title="bbox 174 1944 1963 2017; baseline -0.001 -19"><span class='ocrx_word' id='word_1_162' title='bbox 174 1947 283 1998; x_wconf 88' lang='lat' dir='ltr'><strong>dam</strong></span> <span class='ocrx_word' id='word_1_163' title='bbox 328 1948 692 2016; x_wconf 82' lang='lat' dir='ltr'><strong>expectandum</strong></span> <span class='ocrx_word' id='word_1_164' title='bbox 739 1947 949 1999; x_wconf 86' lang='lat' dir='ltr'><strong>affirmet</strong></span> <span class='ocrx_word' id='word_1_165' title='bbox 981 1944 1236 1999; x_wconf 84' lang='lat' dir='ltr'><strong>Ecclesiae</strong></span> <span class='ocrx_word' id='word_1_166' title='bbox 1286 1963 1604 2011; x_wconf 88' lang='lat' dir='ltr'><strong>consensum,</strong></span> <span class='ocrx_word' id='word_1_167' title='bbox 1656 1946 1738 2014; x_wconf 89' lang='lat' dir='ltr'><strong>qui</strong></span> <span class='ocrx_word' id='word_1_168' title='bbox 1772 1964 1963 2017; x_wconf 85' lang='lat' dir='ltr'><strong>semper</strong></span> 
     </span>
     <span class='ocr_line' id='line_1_21' title="bbox 175 2030 1361 2101; baseline 0.001 -19"><span class='ocrx_word' id='word_1_169' title='bbox 175 2033 554 2101; x_wconf 88' lang='lat' dir='ltr'><strong>praesumendus</strong></span> <span class='ocrx_word' id='word_1_170' title='bbox 581 2042 675 2085; x_wconf 90' lang='lat' dir='ltr'><strong>est.</strong></span> <span class='ocrx_word' id='word_1_171' title='bbox 1354 2030 1361 2037; x_wconf 81' lang='grc'><strong>”</strong></span> 
     </span>
    </p>

    <p class='ocr_par' dir='ltr' id='par_1_3' title="bbox 169 2115 1965 3559">
     <span class='ocr_line' id='line_1_22' title="bbox 312 2115 1963 2188; baseline 0.002 -20"><span class='ocrx_word' id='word_1_172' title='bbox 312 2116 398 2169; x_wconf 84' lang='lat'><strong>34.</strong></span> <span class='ocrx_word' id='word_1_173' title='bbox 438 2115 566 2184; x_wconf 83' lang='lat' dir='ltr'><strong>Quid</strong></span> <span class='ocrx_word' id='word_1_174' title='bbox 591 2136 739 2188; x_wconf 91' lang='lat' dir='ltr'><strong>porro</strong></span> <span class='ocrx_word' id='word_1_175' title='bbox 766 2120 1059 2171; x_wconf 88' lang='lat' dir='ltr'><strong>censendum</strong></span> <span class='ocrx_word' id='word_1_176' title='bbox 1084 2119 1149 2170; x_wconf 92' lang='lat' dir='ltr'><strong>sit</strong></span> <span class='ocrx_word' id='word_1_177' title='bbox 1173 2119 1231 2171; x_wconf 92' lang='lat' dir='ltr'><strong>de</strong></span> <span class='ocrx_word' id='word_1_178' title='bbox 1256 2119 1318 2170; x_wconf 88' lang='lat' dir='ltr'><strong>iis</strong></span> <span class='ocrx_word' id='word_1_179' title='bbox 1338 2118 1647 2187; x_wconf 87' lang='lat' dir='ltr'><strong>antiquorum</strong></span> <span class='ocrx_word' id='word_1_180' title='bbox 1668 2119 1963 2171; x_wconf 86' lang='lat' dir='ltr'><strong>testimoniis</strong></span> 
     </span>
     <span class='ocr_line' id='line_1_23' title="bbox 175 2202 1965 2274; baseline 0.001 -20"><span class='ocrx_word' id='word_1_181' title='bbox 175 2223 204 2254; x_wconf 91' lang='lat' dir='ltr'><strong>a</strong></span> <span class='ocrx_word' id='word_1_182' title='bbox 228 2202 473 2256; x_wconf 87' lang='lat' dir='ltr'><strong>Bossueto</strong></span> <span class='ocrx_word' id='word_1_183' title='bbox 500 2203 778 2273; x_wconf 84' lang='lat' dir='ltr'><strong>congestis,</strong></span> <span class='ocrx_word' id='word_1_184' title='bbox 817 2204 988 2273; x_wconf 90' lang='lat' dir='ltr'><strong>quibus</strong></span> <span class='ocrx_word' id='word_1_185' title='bbox 1022 2223 1130 2257; x_wconf 93' lang='lat' dir='ltr'><strong>cum</strong></span> <span class='ocrx_word' id='word_1_186' title='bbox 1162 2205 1372 2257; x_wconf 86' lang='lat' dir='ltr'><strong>decretis</strong></span> <span class='ocrx_word' id='word_1_187' title='bbox 1397 2203 1686 2274; x_wconf 86' lang='lat' dir='ltr'><strong>dogmaticis</strong></span> <span class='ocrx_word' id='word_1_188' title='bbox 1711 2203 1965 2256; x_wconf 90' lang='lat' dir='ltr'><strong>Romano-</strong></span> 
     </span>
     <span class='ocr_line' id='line_1_24' title="bbox 175 2288 1961 2361; baseline 0.002 -22"><span class='ocrx_word' id='word_1_189' title='bbox 175 2308 280 2340; x_wconf 90' lang='lat' dir='ltr'><strong>rum</strong></span> <span class='ocrx_word' id='word_1_190' title='bbox 306 2288 600 2342; x_wconf 86' lang='lat' dir='ltr'><strong>Poutificum</strong></span> <span class='ocrx_word' id='word_1_191' title='bbox 626 2290 853 2360; x_wconf 87' lang='lat' dir='ltr'><strong>jungitur</strong></span> <span class='ocrx_word' id='word_1_192' title='bbox 885 2292 965 2343; x_wconf 88' lang='lat' dir='ltr'><strong>vel</strong></span> <span class='ocrx_word' id='word_1_193' title='bbox 1002 2291 1250 2360; x_wconf 86' lang='lat' dir='ltr'><strong>generalis</strong></span> <span class='ocrx_word' id='word_1_194' title='bbox 1286 2290 1490 2361; x_wconf 79' lang='lat' dir='ltr'><strong>synodi,</strong></span> <span class='ocrx_word' id='word_1_195' title='bbox 1525 2290 1606 2342; x_wconf 87' lang='lat' dir='ltr'><strong>vel</strong></span> <span class='ocrx_word' id='word_1_196' title='bbox 1642 2288 1790 2340; x_wconf 85' lang='lat' dir='ltr'><strong>totius</strong></span> <span class='ocrx_word' id='word_1_197' title='bbox 1828 2291 1961 2343; x_wconf 91' lang='lat' dir='ltr'><strong>orbis</strong></span> 
     </span>
     <span class='ocr_line' id='line_1_25' title="bbox 171 2374 1962 2446; baseline 0.002 -20"><span class='ocrx_word' id='word_1_198' title='bbox 171 2374 524 2446; x_wconf 89' lang='lat' dir='ltr'><strong>Episcoporum</strong></span> <span class='ocrx_word' id='word_1_199' title='bbox 552 2375 852 2440; x_wconf 87' lang='lat' dir='ltr'><strong>auctoritaS,</strong></span> <span class='ocrx_word' id='word_1_200' title='bbox 881 2386 931 2428; x_wconf 93' lang='lat' dir='ltr'><strong>et</strong></span> <span class='ocrx_word' id='word_1_201' title='bbox 956 2395 1024 2428; x_wconf 84' lang='lat' dir='ltr'><strong>ex</strong></span> <span class='ocrx_word' id='word_1_202' title='bbox 1049 2377 1268 2445; x_wconf 90' lang='lat' dir='ltr'><strong>utrisque</strong></span> <span class='ocrx_word' id='word_1_203' title='bbox 1294 2377 1439 2428; x_wconf 91' lang='lat' dir='ltr'><strong>simul</strong></span> <span class='ocrx_word' id='word_1_204' title='bbox 1464 2375 1734 2429; x_wconf 72' lang='lat' dir='ltr'><strong>coactiwun</strong></span> <span class='ocrx_word' id='word_1_205' title='bbox 1758 2395 1962 2446; x_wconf 89' lang='lat' dir='ltr'><strong>prorsus</strong></span> 
     </span>
     <span class='ocr_line' id='line_1_26' title="bbox 170 2461 1962 2533; baseline 0.001 -20"><span class='ocrx_word' id='word_1_206' title='bbox 170 2471 315 2530; x_wconf 89' lang='lat' dir='ltr'><strong>atque</strong></span> <span class='ocrx_word' id='word_1_207' title='bbox 340 2461 696 2514; x_wconf 81' lang='lat' dir='ltr'><strong>irreformabile</strong></span> <span class='ocrx_word' id='word_1_208' title='bbox 721 2480 808 2514; x_wconf 93' lang='lat' dir='ltr'><strong>seu</strong></span> <span class='ocrx_word' id='word_1_209' title='bbox 831 2461 1191 2514; x_wconf 89' lang='lat' dir='ltr'><strong>irretractabile</strong></span> <span class='ocrx_word' id='word_1_210' title='bbox 1223 2462 1460 2533; x_wconf 87' lang='lat' dir='ltr'><strong>ejusmodi</strong></span> <span class='ocrx_word' id='word_1_211' title='bbox 1487 2462 1722 2531; x_wconf 86' lang='lat' dir='ltr'><strong>judicium</strong></span> <span class='ocrx_word' id='word_1_212' title='bbox 1746 2462 1962 2515; x_wconf 90' lang='lat' dir='ltr'><strong>declara-</strong></span> 
     </span>
     <span class='ocr_line' id='line_1_27' title="bbox 170 2547 1960 2618; baseline 0.001 -20"><span class='ocrx_word' id='word_1_213' title='bbox 170 2557 272 2611; x_wconf 89' lang='lat' dir='ltr'><strong>tur,</strong></span> <span class='ocrx_word' id='word_1_214' title='bbox 311 2557 362 2600; x_wconf 84' lang='lat' dir='ltr'><strong>et</strong></span> <span class='ocrx_word' id='word_1_215' title='bbox 386 2557 624 2616; x_wconf 87' lang='lat' dir='ltr'><strong>quatenus</strong></span> <span class='ocrx_word' id='word_1_216' title='bbox 649 2565 718 2600; x_wconf 76' lang='lat' dir='ltr'><strong>ex</strong></span> <span class='ocrx_word' id='word_1_217' title='bbox 753 2547 828 2599; x_wconf 90' lang='lat' dir='ltr'><strong>his</strong></span> <span class='ocrx_word' id='word_1_218' title='bbox 864 2547 985 2600; x_wconf 91' lang='lat' dir='ltr'><strong>nihil</strong></span> <span class='ocrx_word' id='word_1_219' title='bbox 1010 2547 1296 2618; x_wconf 88' lang='lat' dir='ltr'><strong>praejudicii</strong></span> <span class='ocrx_word' id='word_1_220' title='bbox 1332 2557 1528 2600; x_wconf 88' lang='lat' dir='ltr'><strong>creetur</strong></span> <span class='ocrx_word' id='word_1_221' title='bbox 1553 2548 1836 2600; x_wconf 87' lang='lat' dir='ltr'><strong>auctoritati</strong></span> <span class='ocrx_word' id='word_1_222' title='bbox 1859 2568 1960 2600; x_wconf 90' lang='lat' dir='ltr'><strong>om-</strong></span> 
     </span>
     <span class='ocr_line' id='line_1_28' title="bbox 173 2632 1959 2704; baseline 0.003 -22"><span class='ocrx_word' id='word_1_223' title='bbox 173 2632 288 2682; x_wconf 89' lang='lat' dir='ltr'><strong>uino</strong></span> <span class='ocrx_word' id='word_1_224' title='bbox 325 2632 573 2685; x_wconf 88' lang='lat' dir='ltr'><strong>coactivae</strong></span> <span class='ocrx_word' id='word_1_225' title='bbox 615 2651 703 2702; x_wconf 91' lang='lat' dir='ltr'><strong>per</strong></span> <span class='ocrx_word' id='word_1_226' title='bbox 737 2651 792 2684; x_wconf 91' lang='lat' dir='ltr'><strong>se</strong></span> <span class='ocrx_word' id='word_1_227' title='bbox 825 2651 879 2685; x_wconf 92' lang='lat' dir='ltr'><strong>se</strong></span> <span class='ocrx_word' id='word_1_228' title='bbox 915 2634 1194 2685; x_wconf 90' lang='lat' dir='ltr'><strong>eorumdem</strong></span> <span class='ocrx_word' id='word_1_229' title='bbox 1228 2635 1564 2699; x_wconf 71' lang='lat' dir='ltr'><strong>decretorum,</strong></span> <span class='ocrx_word' id='word_1_230' title='bbox 1606 2633 1856 2704; x_wconf 88' lang='lat' dir='ltr'><strong>intelliges</strong></span> <span class='ocrx_word' id='word_1_231' title='bbox 1892 2653 1959 2687; x_wconf 80' lang='lat' dir='ltr'><strong>ex</strong></span> 
     </span>
     <span class='ocr_line' id='line_1_29' title="bbox 170 2716 1958 2787; baseline 0.002 -20"><span class='ocrx_word' id='word_1_232' title='bbox 170 2716 310 2769; x_wconf 89' lang='lat' dir='ltr'><strong>dictis</strong></span> <span class='ocrx_word' id='word_1_233' title='bbox 335 2717 494 2786; x_wconf 90' lang='lat' dir='ltr'><strong>capite</strong></span> <span class='ocrx_word' id='word_1_234' title='bbox 531 2717 844 2787; x_wconf 89' lang='lat' dir='ltr'><strong>praecedenti</strong></span> <span class='ocrx_word' id='word_1_235' title='bbox 868 2735 1001 2768; x_wconf 88' lang='lat' dir='ltr'><strong>num.</strong></span> <span class='ocrx_word' id='word_1_236' title='bbox 1032 2717 1150 2770; x_wconf 88' lang='lat'>101.</span> <span class='ocrx_word' id='word_1_237' title='bbox 1215 2718 1288 2769; x_wconf 89' lang='lat' dir='ltr'><strong>At</strong></span> <span class='ocrx_word' id='word_1_238' title='bbox 1313 2719 1468 2782; x_wconf 91' lang='lat' dir='ltr'><strong>enim,</strong></span> <span class='ocrx_word' id='word_1_239' title='bbox 1494 2719 1686 2787; x_wconf 89' lang='lat' dir='ltr'><strong>inquies</strong></span> <span class='ocrx_word' id='word_1_240' title='bbox 1711 2719 1958 2783; x_wconf 85' lang='lat' dir='ltr'><strong>fortassiS,</strong></span> 
     </span>
     <span class='ocr_line' id='line_1_30' title="bbox 171 2802 1959 2875; baseline 0.002 -22"><span class='ocrx_word' id='word_1_241' title='bbox 171 2802 214 2853; x_wconf 91' lang='lat' dir='ltr'><strong>si</strong></span> <span class='ocrx_word' id='word_1_242' title='bbox 240 2802 461 2854; x_wconf 87' lang='lat' dir='ltr'><strong>coactiva</strong></span> <span class='ocrx_word' id='word_1_243' title='bbox 484 2802 562 2855; x_wconf 90' lang='lat' dir='ltr'><strong>vis</strong></span> <span class='ocrx_word' id='word_1_244' title='bbox 586 2821 674 2873; x_wconf 91' lang='lat' dir='ltr'><strong>per</strong></span> <span class='ocrx_word' id='word_1_245' title='bbox 699 2821 753 2855; x_wconf 91' lang='lat' dir='ltr'><strong>se</strong></span> <span class='ocrx_word' id='word_1_246' title='bbox 779 2821 834 2855; x_wconf 91' lang='lat' dir='ltr'><strong>se</strong></span> <span class='ocrx_word' id='word_1_247' title='bbox 857 2802 988 2854; x_wconf 90' lang='lat' dir='ltr'><strong>inest</strong></span> <span class='ocrx_word' id='word_1_248' title='bbox 1013 2802 1370 2853; x_wconf 83' lang='lat' dir='ltr'><strong>definitionibus</strong></span> <span class='ocrx_word' id='word_1_249' title='bbox 1391 2803 1708 2871; x_wconf 77' lang='lat' dir='ltr'><strong>ApostoliciS,</strong></span> <span class='ocrx_word' id='word_1_250' title='bbox 1736 2823 1822 2856; x_wconf 89' lang='lat' dir='ltr'><strong>cur</strong></span> <span class='ocrx_word' id='word_1_251' title='bbox 1845 2814 1959 2875; x_wconf 91' lang='lat' dir='ltr'><strong>post</strong></span> 
     </span>
     <span class='ocr_line' id='line_1_31' title="bbox 171 2887 1957 2961; baseline 0.003 -23"><span class='ocrx_word' id='word_1_252' title='bbox 171 2887 326 2939; x_wconf 89' lang='lat' dir='ltr'><strong>editas</strong></span> <span class='ocrx_word' id='word_1_253' title='bbox 352 2887 587 2958; x_wconf 88' lang='lat' dir='ltr'><strong>ejusmodi</strong></span> <span class='ocrx_word' id='word_1_254' title='bbox 611 2887 917 2940; x_wconf 86' lang='lat' dir='ltr'><strong>definitiones</strong></span> <span class='ocrx_word' id='word_1_255' title='bbox 938 2896 1270 2956; x_wconf 85' lang='lat' dir='ltr'><strong>congregatae</strong></span> <span class='ocrx_word' id='word_1_256' title='bbox 1288 2888 1484 2939; x_wconf 90' lang='lat' dir='ltr'><strong>fuerunt</strong></span> <span class='ocrx_word' id='word_1_257' title='bbox 1503 2887 1760 2956; x_wconf 89' lang='lat' dir='ltr'><strong>aliquando</strong></span> <span class='ocrx_word' id='word_1_258' title='bbox 1778 2891 1957 2961; x_wconf 80' lang='lat' dir='ltr'><strong>synodi</strong></span> 
     </span>
     <span class='ocr_line' id='line_1_32' title="bbox 169 2971 1957 3048; baseline 0.002 -23"><span class='ocrx_word' id='word_1_259' title='bbox 169 2973 542 3027; x_wconf 84' lang='lat' dir='ltr'><strong>oecumenicae?</strong></span> <span class='ocrx_word' id='word_1_260' title='bbox 594 2971 697 3026; x_wconf 91' lang='lat' dir='ltr'><strong>Cur</strong></span> <span class='ocrx_word' id='word_1_261' title='bbox 731 2973 783 3026; x_wconf 93' lang='lat' dir='ltr'><strong>in</strong></span> <span class='ocrx_word' id='word_1_262' title='bbox 809 2973 993 3041; x_wconf 88' lang='lat' dir='ltr'><strong>aliquot</strong></span> <span class='ocrx_word' id='word_1_263' title='bbox 1016 2971 1310 3025; x_wconf 89' lang='lat' dir='ltr'><strong>testimoniis</strong></span> <span class='ocrx_word' id='word_1_264' title='bbox 1335 2971 1542 3024; x_wconf 88' lang='lat' dir='ltr'><strong>Patrum</strong></span> <span class='ocrx_word' id='word_1_265' title='bbox 1567 2976 1846 3028; x_wconf 89' lang='lat' dir='ltr'><strong>earumdem</strong></span> <span class='ocrx_word' id='word_1_266' title='bbox 1870 2995 1957 3048; x_wconf 80' lang='lat' dir='ltr'><strong>sy-</strong></span> 
     </span>
     <span class='ocr_line' id='line_1_33' title="bbox 172 3056 1955 3129; baseline 0.003 -20"><span class='ocrx_word' id='word_1_267' title='bbox 172 3060 405 3111; x_wconf 91' lang='lat' dir='ltr'><strong>nodorum</strong></span> <span class='ocrx_word' id='word_1_268' title='bbox 439 3059 606 3111; x_wconf 89' lang='lat' dir='ltr'><strong>addita</strong></span> <span class='ocrx_word' id='word_1_269' title='bbox 639 3058 937 3122; x_wconf 89' lang='lat' dir='ltr'><strong>auctoritas,</strong></span> <span class='ocrx_word' id='word_1_270' title='bbox 976 3068 1060 3110; x_wconf 86' lang='lat' dir='ltr'><strong>aut</strong></span> <span class='ocrx_word' id='word_1_271' title='bbox 1096 3056 1453 3129; x_wconf 90' lang='lat' dir='ltr'><strong>Episcoporum</strong></span> <span class='ocrx_word' id='word_1_272' title='bbox 1490 3059 1641 3112; x_wconf 88' lang='lat' dir='ltr'><strong>totius</strong></span> <span class='ocrx_word' id='word_1_273' title='bbox 1677 3061 1813 3113; x_wconf 89' lang='lat' dir='ltr'><strong>orbis</strong></span> <span class='ocrx_word' id='word_1_274' title='bbox 1839 3080 1955 3114; x_wconf 92' lang='lat' dir='ltr'><strong>con-</strong></span> 
     </span>
     <span class='ocr_line' id='line_1_34' title="bbox 173 3144 1955 3215; baseline 0.002 -21"><span class='ocrx_word' id='word_1_275' title='bbox 173 3147 381 3196; x_wconf 79' lang='lat' dir='ltr'><strong>sensus?</strong></span> <span class='ocrx_word' id='word_1_276' title='bbox 453 3144 504 3196; x_wconf 84' lang='lat' dir='ltr'><strong>Id</strong></span> <span class='ocrx_word' id='word_1_277' title='bbox 539 3145 773 3215; x_wconf 87' lang='lat' dir='ltr'><strong>expedire</strong></span> <span class='ocrx_word' id='word_1_278' title='bbox 810 3145 1045 3198; x_wconf 89' lang='lat' dir='ltr'><strong>creditum</strong></span> <span class='ocrx_word' id='word_1_279' title='bbox 1090 3154 1166 3196; x_wconf 90' lang='lat' dir='ltr'><strong>est</strong></span> <span class='ocrx_word' id='word_1_280' title='bbox 1209 3145 1443 3197; x_wconf 88' lang='lat' dir='ltr'><strong>adversus</strong></span> <span class='ocrx_word' id='word_1_281' title='bbox 1487 3146 1827 3212; x_wconf 81' lang='lat' dir='ltr'><strong>refractariOS,</strong></span> <span class='ocrx_word' id='word_1_282' title='bbox 1872 3159 1955 3200; x_wconf 78' lang='lat' dir='ltr'><strong>aut</strong></span> 
     </span>
     <span class='ocr_line' id='line_1_35' title="bbox 173 3229 1951 3302; baseline 0.004 -22"><span class='ocrx_word' id='word_1_283' title='bbox 173 3229 476 3292; x_wconf 82' lang='lat' dir='ltr'><strong>dubitanteS,</strong></span> <span class='ocrx_word' id='word_1_284' title='bbox 511 3241 564 3282; x_wconf 91' lang='lat' dir='ltr'><strong>ut</strong></span> <span class='ocrx_word' id='word_1_285' title='bbox 587 3241 661 3283; x_wconf 90' lang='lat' dir='ltr'><strong>tot</strong></span> <span class='ocrx_word' id='word_1_286' title='bbox 693 3241 884 3302; x_wconf 89' lang='lat' dir='ltr'><strong>patrum</strong></span> <span class='ocrx_word' id='word_1_287' title='bbox 921 3249 1161 3284; x_wconf 88' lang='lat' dir='ltr'><strong>concursu</strong></span> <span class='ocrx_word' id='word_1_288' title='bbox 1186 3230 1447 3284; x_wconf 85' lang='lat' dir='ltr'><strong>veritatem</strong></span> <span class='ocrx_word' id='word_1_289' title='bbox 1473 3231 1662 3283; x_wconf 88' lang='lat' dir='ltr'><strong>facilius</strong></span> <span class='ocrx_word' id='word_1_290' title='bbox 1688 3233 1951 3288; x_wconf 90' lang='lat' dir='ltr'><strong>edoceren-</strong></span> 
     </span>
     <span class='ocr_line' id='line_1_36' title="bbox 172 3317 1950 3384; baseline 0.005 -19"><span class='ocrx_word' id='word_1_291' title='bbox 172 3325 279 3378; x_wconf 88' lang='lat' dir='ltr'><strong>tur,</strong></span> <span class='ocrx_word' id='word_1_292' title='bbox 307 3324 358 3366; x_wconf 90' lang='lat' dir='ltr'><strong>et</strong></span> <span class='ocrx_word' id='word_1_293' title='bbox 382 3326 731 3368; x_wconf 87' lang='lat' dir='ltr'><strong>revocarentur</strong></span> <span class='ocrx_word' id='word_1_294' title='bbox 757 3318 815 3370; x_wconf 92' lang='lat' dir='ltr'><strong>ad</strong></span> <span class='ocrx_word' id='word_1_295' title='bbox 842 3336 1012 3370; x_wconf 87' lang='lat' dir='ltr'><strong>sanum</strong></span> <span class='ocrx_word' id='word_1_296' title='bbox 1039 3335 1263 3380; x_wconf 89' lang='lat' dir='ltr'><strong>sensum,</strong></span> <span class='ocrx_word' id='word_1_297' title='bbox 1299 3325 1446 3384; x_wconf 88' lang='lat' dir='ltr'><strong>atque</strong></span> <span class='ocrx_word' id='word_1_298' title='bbox 1470 3317 1794 3371; x_wconf 88' lang='lat' dir='ltr'><strong>obedientiam</strong></span> <span class='ocrx_word' id='word_1_299' title='bbox 1819 3321 1950 3374; x_wconf 91' lang='lat' dir='ltr'><strong>debi-</strong></span> 
     </span>
     <span class='ocr_line' id='line_1_37' title="bbox 172 3401 1949 3478; baseline 0.005 -28"><span class='ocrx_word' id='word_1_300' title='bbox 172 3411 296 3465; x_wconf 68' lang='lat' dir='ltr'><strong>tam,</strong></span> <span class='ocrx_word' id='word_1_301' title='bbox 323 3401 422 3464; x_wconf 71' lang='lat' dir='ltr'><strong>vel,</strong></span> <span class='ocrx_word' id='word_1_302' title='bbox 449 3401 491 3452; x_wconf 91' lang='lat' dir='ltr'><strong>si</strong></span> <span class='ocrx_word' id='word_1_303' title='bbox 517 3401 566 3452; x_wconf 92' lang='lat' dir='ltr'><strong>in</strong></span> <span class='ocrx_word' id='word_1_304' title='bbox 592 3420 763 3456; x_wconf 87' lang='lat' dir='ltr'><strong>errore</strong></span> <span class='ocrx_word' id='word_1_305' title='bbox 788 3405 939 3457; x_wconf 90' lang='lat' dir='ltr'><strong>adhuc</strong></span> <span class='ocrx_word' id='word_1_306' title='bbox 964 3403 1313 3474; x_wconf 85' lang='lat' dir='ltr'><strong>persisterent,</strong></span> <span class='ocrx_word' id='word_1_307' title='bbox 1341 3403 1645 3456; x_wconf 88' lang='lat' dir='ltr'><strong>contumacia</strong></span> <span class='ocrx_word' id='word_1_308' title='bbox 1670 3423 1838 3458; x_wconf 84' lang='lat' dir='ltr'><strong>eormn</strong></span> <span class='ocrx_word' id='word_1_309' title='bbox 1865 3426 1949 3478; x_wconf 90' lang='lat' dir='ltr'><strong>pa-</strong></span> 
     </span>
     <span class='ocr_line' id='line_1_38' title="bbox 172 3486 1945 3559; baseline 0.003 -22"><span class='ocrx_word' id='word_1_310' title='bbox 172 3487 265 3538; x_wconf 86' lang='lat' dir='ltr'><strong>lam</strong></span> <span class='ocrx_word' id='word_1_311' title='bbox 311 3486 673 3552; x_wconf 87' lang='lat' dir='ltr'><strong>innotcscente,</strong></span> <span class='ocrx_word' id='word_1_312' title='bbox 720 3498 964 3559; x_wconf 88' lang='lat' dir='ltr'><strong>tamquam</strong></span> <span class='ocrx_word' id='word_1_313' title='bbox 1013 3488 1247 3543; x_wconf 86' lang='lat' dir='ltr'><strong>haeretici</strong></span> <span class='ocrx_word' id='word_1_314' title='bbox 1289 3488 1347 3540; x_wconf 88' lang='lat' dir='ltr'><strong>ab</strong></span> <span class='ocrx_word' id='word_1_315' title='bbox 1381 3488 1602 3543; x_wconf 90' lang='lat' dir='ltr'><strong>omnibus</strong></span> <span class='ocrx_word' id='word_1_316' title='bbox 1636 3491 1945 3545; x_wconf 86' lang='lat' dir='ltr'><strong>haberentur.</strong></span> 
     </span>
    </p>
   </div>
  </div>
 </body>
</html>
