2320 3990
965 208 1625 267 ——122—-—

358 383 523 445 petra,
544 374 697 433 aliam
722 384 919 447 petram
945 375 1196 428 inducere
1211 364 1684 448 abssffla-diversmn,
1713 399 1866 454 super
1892 400 2040 452 quam
2066 401 2218 435 unam

355 459 591 516 EccleSia
614 480 647 516 ὃ.
672 458 881 516 Christo
915 462 1159 516 collocata
1186 471 1297 529 est,
1323 461 1619 534 Sissqufltbs
1639 486 1698 523 se
1722 487 1847 524 vere
1863 506 1889 534 γ
1919 487 2023 523 non
2049 480 2219 523 autem

360 568 389 602 a
414 546 693 621 Stephane,
720 550 1003 619 obfuscari
1021 558 1074 603 et
1096 551 1309 604 aboleri
1341 551 1685 609 Christianae
1702 565 1899 626 petrae
1926 562 2220 619 veritatem,

359 641 453 708 qui
476 640 555 691 sic
572 640 859 708 proderet,
887 646 940 692 et
963 642 1241 697 desereret
1275 643 1549 695 unitatem.
1604 639 1823 708 Confer,
1861 664 1989 716 quae
2016 646 2076 699 de
2102 643 2164 698 Γ
2150 664 2219 698 ιι-

357 723 563 779 miliano
591 725 946 781 adnotavimus
973 743 1084 799 cap.
1116 725 1203 779 ll.
1232 745 1284 780 n.
1313 727 1367 781 3.

506 814 593 870 17.
648 813 862 868 Paciani
888 812 996 867 Bai
998 832 1288 869 emonensis
1326 825 1377 869 et
1405 814 1582 889 Optati
1610 816 1926 886 Milevitaui‚
1962 822 2046 892 qui
2072 840 2220 876 coae-

357 901 497 955 tanei
521 903 726 956 fuerunt
751 913 1012 969 auctoreS‚
1041 902 1335 957 testimonia
1359 905 1648 976 producam.
1701 903 1959 961 Pacianus
1986 908 2136 980 epist.
2164 908 2216 962 3.

358 991 483 1060 Ipso
510 995 782 1060 referente
812 991 1094 1044 BIatthaeo
1113 994 1289 1062 paulo
1331 997 1582 1063 superius
1611 997 1687 1047 ad
1713 996 1940 1050 Petrum
1967 998 2219 1066 loquutus

359 1086 439 1132 est
450 1079 736 1142 Dominus,
758 1082 833 1133 ad
851 1099 1014 1133 unum
1043 1083 1186 1143 ideo,
1203 1089 1264 1134 ut
1282 1085 1539 1135 unitatem
1546 1086 1822 1151 formaret
1844 1105 1915 1136 ex
1939 1104 2064 1146 uno,
2090 1102 2219 1138 mox

356 1169 592 1236 idipsum
617 1171 672 1220 in
698 1188 974 1222 commune
995 1172 1362 1239 praecipiens,
1428 1169 1659 1242 Respicit
1693 1181 1994 1243 potestatem
2033 1172 2218 1244 ligandi

357 1264 508 1326 atque
534 1255 781 1321 solvendi,
809 1273 938 1325 quae
963 1255 1104 1328 prius
1131 1257 1216 1309 uni
1243 1254 1405 1310 Petro
1433 1259 1551 1311 data
1576 1259 1669 1311 fuit
1695 1278 1725 1312 a
1740 1257 1967 1326 Christo,
1994 1259 2067 1312 uti
2094 1258 2220 1331 legi-

358 1352 442 1393 tur
469 1343 599 1412 apud
612 1341 933 1395 Matthaeum
957 1343 1143 1410 c.16.;
1171 1344 1287 1397 dein
1313 1363 1437 1399 vero
1465 1357 1581 1417 post
1606 1348 2032 1401 resurrectionem
2060 1348 2220 1401 omni-

355 1429 456 1480 bus·
473 1427 621 1480 simul
646 1428 915 1502 Apostolis
942 1430 1329 1496 communicata,
1356 1430 1431 1483 uti
1457 1430 1584 1504 apud
1601 1431 1850 1487 Joannem
1869 1451 1912 1486 c.
1931 1434 2019 1487 ⁶20.
2060 1433 2219 1489 Vides

356 1526 522 1570 autem
549 1517 801 1573 rationem
828 1518 1104 1572 tradendae
1131 1521 1239 1591 ejus
1269 1519 1538 1591 potestatis
1565 1518 1704 1592 prius
1731 1521 1819 1573 uni
1844 1531 1988 1594 petro
2017 1521 2218 1594 (utique

357 1623 508 1658 causa
533 1605 780 1678 primatus
799 1648 812 1673 ,
851 1608 913 1660 ad
940 1626 1088 1678 quem
1113 1618 1252 1660 totus
1281 1607 1361 1661 ille
1387 1605 1734 1679 Evangelicus
1762 1619 2034 1663 contextus
2062 1610 2220 1683 perti-

355 1693 470 1765 net)
500 1695 682 1748 referri
708 1696 767 1748 ad
794 1696 1040 1750 unitatem
1057 1694 1338 1760 Ecclesiae,
1368 1714 1496 1766 quae
1519 1714 1620 1748 non
1642 1715 1781 1750 mere
1806 1708 2219 1769 repraesentare-

354 1792 438 1834 tur
462 1782 515 1834 in
541 1801 642 1837 uno
669 1782 860 1850 Petr0‚
902 1785 989 1838 sed
1017 1804 1088 1838 ex
1123 1783 1231 1855 ipso
1270 1803 1377 1836 uno
1413 1787 1770 1852 formaretur.
1842 1783 2030 1838 Unitas
2065 1805 2218 1858 porro

357 1871 577 1924 omnium
605 1892 676 1925 ecc
701 1892 808 1926 uno
830 1876 1072 1942 formari
1097 1870 1298 1941 nequit,
1328 1870 1427 1924 nisi
1452 1890 1627 1925 omnes
1656 1890 1766 1925 cum
1791 1871 1877 1925 illo
1906 1891 2006 1925 uno
2035 1892 2219 1927 conve-

355 1960 515 2026 niant,
544 1970 695 2031 atque
722 1960 979 2026 uniantur,
1008 1960 1137 2031 quod
1155 1959 1257 2014 vim
1276 1959 1328 2012 in
1350 1978 1409 2013 eo
1424 1959 1745 2032 praecipuam
1775 1960 1958 2033 exigit,
1987 1980 2085 2032 qua
2112 1981 2219 2014 om-

355 2067 446 2102 nes
476 2049 536 2102 ad
563 2049 809 2103 unitatem
837 2067 1007 2103 secum
1035 2047 1411 2102 custodiendam
1440 2047 1746 2119 obligentur.

506 2137 593 2191 18.
647 2136 896 2190 Similiter
936 2135 1182 2208 Optatus⁷
1224 2136 1308 2206 qui
1334 2135 1419 2188 lib.
1450 2135 1501 2189 7.
1549 2134 1601 2187 in
1642 2134 2039 2190 Parmenianum
2081 2157 2123 2190 c.
2165 2138 2217 2190 3.

362 2226 524 2278 Bono
553 2229 775 2278 unitatis
804 2226 877 2277 B.
911 2226 1137 2277 Petrum
1164 2265 1335 2276 .....
1360 2226 1648 2293 praeferri
1674 2222 1952 2293 Apostolis
1981 2226 2220 2278 omnibus

359 2316 613 2366 meruisse
640 2313 824 2380 tradit3
854 2312 1004 2365 libe.
1035 2331 1079 2367 c.
1098 2314 1148 2365 ⁶2.
1177 2309 1532 2384 Episcopalem
1560 2311 1865 2378 cathedram,
1894 2331 2041 2383 quam
2069 2331 2219 2365 unam

355 2402 407 2454 in
433 2411 544 2456 tota
569 2399 805 2456 Ecclesia
832 2418 946 2455 esse
972 2400 1286 2473 pronuntiat,
1313 2398 1499 2453 idcirco
1527 2398 1615 2451 uni
1633 2397 1793 2453 Petro
1822 2399 2052 2453 collatam
2083 2399 2220 2452 affir-

355 2499 479 2554 mat,
505 2498 562 2541 ut
582 2493 637 2541 in
661 2509 726 2542 ea
745 2509 855 2542 una
880 2491 1144 2542 cathedra
1170 2490 1349 2541 unitas
1377 2489 1442 2539 ab
1466 2488 1703 2539 omnibus
1730 2497 2067 2548 servaretur3
2090 2506 2220 2557 quae

357 2576 409 2628 in
438 2576 661 2629 eamdem
688 2573 902 2629 Paciani
929 2574 1237 2629 sententiam
1263 2571 1573 2646 conspirant.
1643 2572 1819 2646 Optati
1857 2584 2023 2628 autem
2062 2575 2222 2628 verba

357 2664 481 2718 haec
520 2672 666 2716 sunt:
710 2663 931 2734 Neyare
964 2682 1074 2716 non
1108 2670 1296 2732 potes,
1329 2664 1470 2714 scire
1509 2669 1560 2714 te
1587 2664 1643 2714 in
1679 2664 1810 2715 urbe
1841 2663 2019 2715 Roma
2050 2663 2218 2714 Petro

354 2756 535 2822 primo
575 2753 893 2805 cathedram
921 2753 1310 2822 Episcopalem
1336 2768 1450 2803 esse
1477 2751 1762 2817 collatam,
1804 2754 1858 2802 in
1887 2770 1994 2820 qua
2021 2753 2223 2803 sederit

357 2843 591 2894 omnium
615 2838 1004 2909 Apostolorum
1030 2846 1199 2909 caput
1225 2839 1454 2899 Petrus,
1482 2840 1625 2891 unde
1653 2846 1706 2892 et
1737 2839 1951 2909 Cephas
1978 2839 2220 2907 appella-

358 2938 438 2983 tus
468 2937 560 2990 est,
588 2932 641 2981 in
670 2948 777 2999 qua
803 2947 914 2981 una
940 2928 1206 2981 cathedra
1232 2930 1411 2981 unitas
1439 2926 1506 2979 ab
1534 2927 1776 2980 omnibus
1803 2933 2130 2985 servaretur,
2151 2945 2217 2976 ne

357 3015 791 3087 ceteriApostoli
810 3017 1052 3086 sinyulus
1074 3016 1177 3067 sibi
1196 3018 1419 3084 quisque
1439 3016 1813 3081 defenderent,
1839 3020 1901 3066 ut
1906 3019 2032 3085 jam
2056 3013 2220 3064 schis-

360 3109 582 3159 maticus
622 3112 675 3157 et
689 3111 956 3174 peccator
989 3110 1152 3163 esset,
1192 3105 1286 3173 qui
1317 3107 1512 3154 contra
1548 3102 1878 3170 sinyularem
1901 3100 2218 3152 cathedram

359 3196 587 3248 alteram
613 3194 924 3246 collocaret.
977 3192 1131 3262 Erqo
1157 3190 1474 3243 cathedram
1499 3190 1730 3249 unica-m,
1770 3206 1908 3258 quae
1937 3194 2015 3241 est
2032 3191 2219 3258 prima

359 3284 425 3334 de
452 3283 666 3335 dotibus
695 3278 1038 3353 (Ecclesiae),
1066 3280 1207 3333 sedit
1222 3280 1388 3348 prior
1406 3276 1623 3338 Petrus,
1650 3279 1739 3329 cui
1764 3279 2019 3329 successit
2031 3276 2219 3336 Linus,

360 3369 500 3427 Lino
529 3373 787 3422 successit
821 3370 1061 3423 Clemens
1090 3377 1188 3422 etc.
1208 3407 1223 3432 ,
1249 3364 1330 3418 ubi
1356 3361 1507 3417 Petri
1548 3381 1896 3418 successorum
1934 3364 2218 3436 catalogum

361 3455 493 3510 texit
521 3456 582 3508 ad
608 3453 847 3510 Sil-icium
873 3474 1051 3526 usque,
1075 3459 1169 3526 qui
1191 3461 1390 3515 noster,
1417 3451 1605 3522 inquit,
1633 3460 1711 3506 est
1736 3455 1942 3514 socius,
1969 3471 2085 3505 cum
2113 3470 2217 3521 quo

360 3546 632 3600 nobiscum
673 3552 812 3598 totus
854 3547 998 3598 orbis
1039 3545 1354 3599 commercio
1387 3544 1751 3609 formatarum
1778 3543 1832 3593 in
1859 3558 1970 3594 una
1995 3558 2217 3593 eommu-
