2314 3984
709 233 1359 294 ——243—-·

128 423 292 475 scapo
303 410 367 456 et
376 403 671 463 Ecclesia«,
695 399 859 472 „Ego
885 401 1073 454 nullum
1097 400 1308 472 prinum
1326 396 1689 469 nisiChristqm
1707 408 1941 466 ecquem,

127 485 477 553 „Beatitudini
499 495 632 552 tuae,
657 486 787 540 idest
811 486 1076 542 cathedrae
1101 483 1266 551 Petri,
1292 483 1637 540 commmione
1658 481 1941 541 consocior.

125 569 335 644 „Super
356 561 704 644 illamf'petram
729 573 1035 628 aedificatam
1058 569 1339 627 Ecclesiam
1362 570 1487 626 seio.
1513 567 1822 639 Quicumque
1846 585 1943 625 ex-

125 667 254 724 „tra
289 657 416 712 hanc
447 658 643 713 domum
681 677 863 731 agnum
899 655 1169 714 comederit
1186 696 1202 722 ‚
1240 657 1480 728 profanus
1520 666 1616 729 est.
1667 653 1727 710 Si
1751 654 1862 725 quis
1886 654 1940 709 in

125 742 284 809 „Noe
310 762 429 797 arca
453 763 555 798 non
579 745 747 811 fuerit,
772 745 955 817 peribit
967 751 1226 814 regnante
1249 742 1432 798 diluvio
1460 780 1472 794 .
1503 781 1516 795 .
1547 781 1560 793 .
1592 781 1606 794 .
1633 737 1943 811 Quicumque

124 839 333 895 „tecum
355 847 459 899 ‘non
484 830 691 902 colligit,
716 830 940 903 spargit3
966 827 1179 892 honest,
1206 828 1289 897 qui
1313 826 1506 883 Christi
1531 846 1632 882 non
1658 836 1762 892 est,
1789 826 1942 880 Anti-

125 914 348 979 „christi
385 921 519 969 est-‘⁴
594 918 795 977 Quibus
830 935 904 969 ex
939 915 1111 967 verbis
1149 921 1354 967 tantum
1397 915 1573 983 abfuit
1603 934 1637 967 a
1670 915 1939 967 credendo

125 1002 420 1055 Ecclesiam
446 1002 925 1070 Romanamquasi
947 1002 1123 1053 sedem
1148 997 1497 1062 Antichristi‚
1531 1005 1592 1053 ut
1618 1002 1802 1067 potius
1827 1018 1938 1053 cre-

123 1089 324 1139 diderit
346 1085 728 1140 Antichristum
752 1104 897 1146 eum,
922 1087 1015 1154 qui
1038 1103 1156 1138 cum
1182 1087 1280 1138 illa
1306 1105 1412 1137 non
1439 1085 1708 1137 cohaeret.
1762 1085 1939 1136 Enim-

122 1189 246 1224 vero
273 1174 322 1223 si
344 1173 733 1225 consideremus
762 1172 1061 1224 Romanam
1086 1172 1384 1223 Ecclesiam
1393 1176 1566 1242 juxta
1599 1171 1941 1236 antiquorum

120 1258 416 1309 Doctorum
431 1259 742 1326 principia,
769 1258 908 1310 absit
930 1264 988 1309 ut
1012 1259 1293 1310 credamus
1319 1276 1436 1310 cum
1464 1256 1730 1308 Ministris
1767 1257 1940 1321 ipsam

122 1361 232 1396 esse
258 1342 619 1412 Babylonem,
669 1363 703 1396 a
739 1361 844 1411 qua
880 1345 1233 1396 recedendum
1270 1345 1361 1401 sit3
1405 1360 1502 1394 nos
1539 1359 1656 1393 cum
1685 1340 1939 1391 Patribus

121 1431 316 1480 sanctis
350 1430 579 1480 dicemus
617 1431 788 1496 ipsam
814 1446 926 1481 esse
960 1434 1228 1491 centrum,
1267 1430 1322 1478 in
1358 1445 1462 1495 quo
1502 1427 1723 1479 uniendi
1749 1412 1937 1479 sumus.

123 1514 187 1564 Id
205 1515 558 1581 perspicimus
595 1516 650 1565 in
677 1517 890 1583 eyreyio
925 1515 1223 1566 testimonio
1268 1514 1323 1565 S.
1367 1512 1576 1581 optati,
1614 1515 1706 1580 qui
1736 1512 1943 1565 vivebat

120 1599 332 1650 saeculo
359 1605 566 1666 quarto.
608 1599 715 1652 Hic
741 1619 964 1668 maynus
991 1601 1294 1668 Episcopus
1320 1600 1555 1651 scribens
1581 1605 1773 1652 contra
1802 1597 1938 1650 Par·

119 1686 416 1736 menianum
449 1684 821 1746 Donatistam,
859 1686 1136 1738 Ecclesiae
1175 1688 1427 1737 unitatem
1464 1687 1709 1753 explicat
1731 1704 1802 1737 ex
1827 1688 1938 1738 uni·

118 1775 225 1821 tate
263 1769 552 1821 cathedra-e
581 1772 937 1838 principalis,
970 1774 1058 1823 cui
1091 1772 1232 1823 aliae
1267 1789 1445 1822 omnes
1482 1773 1663 1823 unitae
1702 1788 1814 1821 esse
1853 1772 1938 1822 de·

117 1855 262 1906 bent:
290 1851 536 1923 „Negare
561 1872 663 1907 non
699 1864 872 1925 poteS‚
909 1854 1038 1908 scire
1074 1863 1125 1907 te
1163 1854 1216 1907 in
1254 1855 1378 1907 urhe
1404 1853 1571 1908 Roma
1596 1853 1755 1908 Petro
1781 1853 1938 1927 primo

118 1976 152 2002 „
168 1938 447 1992 cathedram
485 1938 831 2011 Episcopalem
872 1958 985 1994 esse
1026 1941 1280 2004 collatam,
1307 1940 1360 1992 in
1387 1959 1485 2009 qua
1511 1940 1698 1994 sederit
1723 1940 1937 1992 omnium

119 2023 520 2095 „Apostolorum
546 2033 694 2094 caput
718 2023 935 2091 Petrus,
973 2027 1103 2080 unde
1141 2036 1192 2079 et
1228 2023 1425 2098 Cephas
1447 2026 1717 2097 appellatus
1745 2034 1823 2079 est
1843 2065 1856 2089 ,
1886 2026 1938 2076 in

120 2147 153 2173 ‚‚
169 2128 266 2178 qua
290 2127 389 2162 una
414 2109 648 2162 cathedra
672 2110 840 2164 unitas
867 2113 928 2163 ab
954 2112 1178 2165 omnibus
1205 2122 1515 2177 servaretur,
1542 2130 1606 2163 ne
1631 2111 1787 2164 ceteri
1798 2112 1938 2181 Apo—

119 2232 150 2258 „
167 2194 281 2246 stoli
305 2194 525 2264 singulas
553 2194 647 2248 sibi
672 2195 879 2265 quisque
905 2197 1251 2261 defenderent,
1277 2207 1332 2250 ut
1350 2199 1456 2268 jam
1485 2196 1828 2251 schismaticus
1845 2236 1859 2261 ‚
1888 2207 1939 2250 et

119 2290 397 2350 „peccator
422 2290 573 2345 esset,
601 2280 684 2349 qui
709 2284 887 2335 contra
905 2282 1210 2353 singularem
1236 2283 1520 2337 cathedram
1546 2282 1754 2335 alteram
1787 2283 1938 2335 collo-

117 2370 362 2428 ‚,caret.“
415 2367 559 2418 Hinc
601 2367 829 2421 Sanctus
867 2372 948 2421 vir
985 2387 1184 2437 neyare
1221 2388 1329 2421 non
1358 2370 1503 2428 vult,
1540 2370 1777 2421 omnibus
1815 2371 1937 2421 aliis

117 2449 389 2518 Apostolis
414 2471 560 2504 suam
586 2454 896 2506 cathedram
914 2457 1086 2521 fuisse
1111 2456 1390 2515 tributam3
1418 2462 1574 2507 erant
1598 2458 1733 2507 enim
1759 2474 1937 2508 omnes

114 2536 378 2588 Doctores
404 2540 602 2589 mundi.
654 2537 727 2590 At
763 2542 869 2607 ipsi
891 2558 998 2592 non
1026 2540 1316 2600 habebant,
1355 2543 1551 2608 inquit,
1595 2542 1936 2600 cathedram,-

114 2623 278 2684 idest‚
305 2625 407 2674 ista
433 2623 694 2675 cathedra
720 2627 880 2676 unica
906 2632 959 2677 et
973 2628 1331 2694 principalis,
1356 2625 1410 2679 in
1437 2644 1534 2695 qua
1557 2644 1656 2679 una
1682 2626 1849 2681 unitas
1877 2628 1936 2679 ah

116 2705 341 2757 omnibus
369 2717 687 2772 servaretur,
713 2728 819 2760 non
838 2711 1147 2776 pertinebat
1169 2714 1275 2763 nisi
1300 2713 1374 2762 ad
1402 2713 1457 2764 S.
1488 2712 1723 2765 Petrum.
1775 2714 1847 2763 Et
1870 2731 1936 2765 ne

115 2794 230 2859 quis
257 2795 569 2859 suspicetur,
593 2797 765 2861 ipsam
788 2795 1029 2847 debuisse
1054 2797 1281 2863 deficere
1307 2814 1424 2848 cum
1451 2799 1633 2848 eodem
1656 2796 1937 2865 Apostolo‚

114 2884 353 2929 recenset
392 2896 720 2931 successores
771 2884 915 2950 ejus,
964 2882 1056 2948 qui
1097 2882 1152 2931 in
1201 2898 1264 2932 ea
1296 2887 1423 2947 post
1458 2884 1629 2948 ipsum
1667 2885 1936 2943 sederunt,

115 2959 299 3032 „Ergo
327 2962 557 3015 cathedra
581 2963 728 3016 unica
748 2973 858 3016 est:
896 2963 1022 3016 sedit
1056 2963 1193 3033 prior
1216 2963 1432 3029 Pet1·uS‚
1467 2966 1708 3020 successit
1732 2965 1933 3020 Linus“

114 3055 165 3100 et
186 3066 361 3100 omnes
386 3052 626 3101 nominat
648 3051 722 3101 ad
751 3050 1003 3103 Siricium
1040 3069 1234 3118 usque,
1273 3055 1323 3104 ei
1346 3071 1442 3104 nos
1461 3054 1631 3119 facile
1653 3072 1934 3121 possumus

114 3133 251 3184 hanc
276 3137 463 3185 seriem
485 3139 744 3203 proferre
767 3155 932 3205 usque
958 3139 1033 3188 ad
1060 3137 1424 3191 Innocentiam
1445 3138 1510 3190 X.
1533 3140 1808 3207 gloriosae
1835 3159 1932 3192 me·

114 3220 344 3278 moriae,
371 3226 422 3269 et
445 3221 519 3272 ad
543 3241 686 3282 eum,
712 3241 863 3291 quem
895 3224 952 3274 S.
987 3224 1223 3293 Spiritus
1248 3226 1417 3276 eidem
1448 3243 1804 3279 successorem
1840 3229 1932 3279 da·

113 3304 211 3355 bit.-
239 3302 424 3372 quibus
450 3310 722 3359 recensitis
748 3312 945 3362 nostris
973 3311 1297 3361 adversariis
1324 3313 1555 3362 dicemus
1593 3329 1711 3364 cum
1740 3312 1794 3363 S.
1830 3312 1933 3380 Op·

115 3395 256 3440 tato:
286 3427 319 3453 ,‚
335 3387 556 3442 Vestrae
581 3390 844 3447 cathedrae
881 3412 972 3448 vos
999 3393 1242 3463 originem
1269 3394 1477 3459 reddite,
1503 3395 1589 3465 qui
1614 3395 1756 3450 vohis
1782 3396 1932 3450 vultis

111 3483 369 3536 „sanctam
383 3472 658 3529 Ecclesiam
676 3476 986 3532 vindicare.“
1009 3481 1200 3532 Nonne
1222 3482 1542 3537 schismatici
1553 3488 1605 3535 et
1618 3489 1931 3550 peccatores

1480 3579 1587 3633 16*
