2320 3990
703 223 1311 281 ..-.]9..--

95 404 300 472 dejure
335 399 514 450 divino
549 395 826 463 disputare
862 393 1044 445 voluit.
1095 389 1231 444 Idem
1254 386 1589 443 Lutherusfin
1615 385 1828 457 epistola
1855 387 1917 439 ad

93 485 384 539 Emserum:
426 483 576 546 Volo,
603 481 777 550 inquit,
806 487 858 533 et
882 498 980 549 eqo
1005 479 1303 531 Romanam
1331 476 1647 544 Pontificem
1673 492 1786 527 esse
1806 478 1917 543 pri·

94 592 229 626 vnum
266 574 518 624 omnium.-
555 587 736 621 veram
771 586 883 620 esse
911 567 1211 618 Romanum
1239 563 1556 632 Pontificem
1575 566 1709 632 jure
1736 562 1917 613 divino

95 661 422 729 superiorem
457 657 608 708 nulla
643 657 852 707 ratione
890 654 1124 704 credam.
1188 645 1363 700 Solum
1399 656 1514 718 post
1552 647 1919 700 damnationem

97 764 214 799 suae
239 743 462 797 haeresis
488 760 577 814 per
599 739 826 794 Leonem
838 736 911 789 X.
941 755 1024 789 an.
1058 735 1216 790 1720.
1242 734 1428 786 nullum
1454 732 1679 786 servavit
1704 734 1919 798 modum,

71 852 73 854 ·
97 843 146 886 et
172 831 454 884 Romanum
476 826 772 880 Antistitem
796 823 983 895 passim
1009 821 1381 875 Antichristum
1413 819 1701 891 appellavit.
1755 815 1919 886 Quam

97 919 375 974 methodtmi
399 914 669 984 iniquiores
694 910 887 981 quidem
909 909 960 962 in
970 907 1254 961 Romanam
1281 909 1447 960 sedem
1474 906 1699 958 homines
1726 906 1922 976 sequuti

99 1016 242 1071 sunt3
271 1015 323 1057 at
348 999 694 1071 reliquipaulo
720 995 1082 1051 moderatiores
1097 1033 1110 1058 ‚
1139 1003 1190 1047 et
1213 993 1376 1046 minus
1401 993 1674 1045 turbulenti
1699 1012 1801 1045 nou
1827 994 1917 1046 ita.

99 1088 268 1156 Quare
307 1086 589 1140 Blondellus
627 1085 681 1137 in
719 1101 869 1155 opere
907 1083 995 1134 De
1025 1085 1268 1151 primatu
1304 1084 1358 1132 in
1400 1081 1648 1132 Ecclesia
1685 1098 1802 1151 pag.
1831 1080 1918 1132 24.

97 1176 308 1228 affirmat
333 1174 700 1225 Protestantes
725 1189 894 1239 neque
921 1167 1267 1238 Apostolicae
1293 1167 1584 1220 cathedrae
1611 1170 1922 1236 cliynitatem

96 1280 322 1332 unquam
346 1263 511 1311 veteri
526 1259 729 1309 Romae
753 1259 1058 1325 deneymse,
1083 1275 1252 1325 neque
1267 1259 1572 1323 primatum,
1600 1273 1750 1322 quem
1766 1254 1924 1305 habet

98 1354 152 1401 in
179 1351 378 1400 vicinas
407 1347 696 1404 Ecclesias,
722 1347 875 1394 irnmo
904 1347 1059 1395 etiam
1087 1362 1237 1411 quem
1266 1344 1449 1410 aliqua
1485 1344 1697 1391 ratione
1724 1341 1924 1391 obtinet

99 1439 154 1486 in
180 1437 454 1492 miiversa,
492 1435 569 1482 ita
594 1438 766 1481 tamen
793 1436 851 1480 ut
877 1429 1256 1480 Ecclesiastico
1282 1431 1405 1499 jari
1429 1430 1713 1478 dumtaxat
1749 1428 1809 1478 id
1832 1429 1922 1477 tri-

100 1521 276 1579 buant,
303 1520 447 1588 qnod
470 1518 756 1586 Pontifices
783 1517 1096 1586 (livinojare
1115 1517 1190 1566 ad
1211 1535 1264 1566 se
1283 1518 1559 1583 pertinere
1586 1515 1921 1564 contendant.

100 1604 159 1658 Si
183 1613 358 1656 contra
385 1604 474 1653 hos
501 1602 743 1671 agendum
768 1600 887 1651 mihi
912 1609 1075 1663 esset,
1104 1618 1204 1651 non
1230 1601 1425 1653 difficile
1450 1602 1580 1652 foret
1606 1599 1823 1651 divinum
1840 1600 1923 1669 jus

100 1708 200 1742 non
225 1699 327 1740 tam
352 1705 499 1739 sacra
525 1685 823 1738 auctoritate
863 1685 1122 1736 adstruere
1138 1723 1151 1748 ‚
1192 1703 1338 1753 quam
1364 1685 1562 1737 ratione
1587 1686 1712 1756 ipsa.
1781 1682 1923 1751 Quae

99 1777 230 1830 enim
267 1774 396 1827 ratio
435 1774 697 1845 primatum
735 1771 786 1823 in
823 1769 1055 1824 Ecclesia
1090 1770 1431 1825 necessarium
1466 1772 1671 1841 probat,
1711 1780 1765 1822 ut
1802 1771 1924 1843 ipsis

100 1880 292 1933 quoque
343 1860 610 1913 haereticis
649 1857 918 1911 fatentibus
954 1858 1213 1928 probaturi
1253 1875 1420 1909 sumus
1461 1875 1569 1928 cap.
1610 1858 1662 1910 8.
1701 1858 1923 1909 eumdem

101 1968 291 2019 quoque
316 1948 595 2000 institutum
621 1947 799 2018 probat
826 1963 854 1996 a
875 1941 1098 2009 Christe,
1126 1944 1208 2014 qui
1235 1962 1354 1996 suae
1380 1941 1644 1995 Ecclesiae
1669 1943 1722 1994 in
1748 1962 1924 1996 neces-

102 2036 251 2087 sariis
277 2053 378 2087 non
404 2033 581 2086 del'uit:
608 2032 736 2084 unde
761 2030 1040 2084 Bossuetus
1071 2031 1124 2083 in
1150 2030 1504 2085 Variationum
1530 2029 1742 2081 historia
1769 2029 1852 2081 lib.
1872 2029 1921 2081 5.

102 2140 152 2172 11.
182 2122 268 2174 27.
333 2119 689 2171 Protestantes
716 2117 808 2168 hoc
835 2118 1051 2170 divimun
1070 2120 1152 2186 jus
1179 2128 1426 2187 negantes
1445 2119 1560 2186 jure
1587 2117 1923 2186 reprehendit,

103 2206 230 2274 quod
254 2225 359 2257 non
386 2207 615 2256 viderint
631 2207 946 2271 primatum,
986 2206 1078 2272 qai
1103 2222 1173 2253 ca:
1201 2205 1538 2270 experientia
1577 2200 1711 2253 adeo
1753 2222 1926 2255 neces-

102 2295 276 2344 sarius
314 2294 445 2359 ipsis
484 2294 621 2341 visus
661 2297 764 2349 est,
801 2293 969 2358 ipsius
1003 2290 1206 2341 Christi
1242 2291 1621 2339 institutionem
1658 2293 1924 2341 meruisse.

100 2376 244 2429 Hanc
271 2376 516 2429 rationem
542 2375 1000 2446 praestantissimus
1017 2415 1030 2439 ‚
1068 2374 1200 2426 inter
1227 2374 1566 2426 heterodoxos
1593 2373 1926 2446 Philosophus

102 2461 394 2515 Guillelmus
429 2461 713 2515 Leihnitius
748 2462 892 2532 epist.
921 2463 972 2516 8.
1015 2462 1076 2513 ad
1100 2461 1349 2515 Joannem
1373 2457 1662 2512 Fabricium
1700 2461 1926 2514 scribens

99 2554 248 2601 circa
259 2555 353 2621 jus
384 2551 616 2601 Romani
645 2550 940 2618 Pontificis,
967 2549 1043 2601 his
1069 2548 1236 2602 verbis
1264 2546 1529 2618 exposuit,
1557 2567 1684 2616 quae
1711 2548 1927 2601 divinam

103 2636 464 2688 institutionem
507 2635 819 2706 apertissime
858 2645 1099 2687 statuunt.
1155 2633 1253 2705 (T.
1284 2634 1332 2685 l.
1360 2631 1752 2704 Epistolarum.)
1800 2637 1927 2688 Cum

103 2723 252 2774 Deus
278 2727 347 2774 sit
370 2724 520 2773 Deus
547 2723 782 2781 ordinis,
822 2729 873 2772 et
898 2742 1093 2789 corpas
1130 2725 1285 2772 unius
1313 2723 1590 2773 Ecclesiae
1629 2723 1929 2779 catholicae

104 2815 156 2858 et
180 2806 524 2875 Apostolicae
562 2827 666 2858 ano
705 2810 952 2874 reyimini
989 2808 1399 2873 le-ierarcliiaque
1438 2810 1729 2857 universali
1767 2812 1927 2859 conti-

102 2896 330 2944 nendum
351 2897 499 2965 juris
539 2895 709 2944 dii-ini·
743 2896 812 2943 sit
822 2911 839 2952 ,-
879 2910 1203 2960 consequens
1231 2898 1334 2951 est,
1360 2898 1419 2941 ut
1442 2894 1674 2961 ejusdem
1700 2897 1770 2945 sit
1778 2899 1927 2966 juris

104 2999 376 3048 supremas
404 2983 456 3030 in
485 2998 545 3030 eo
573 2980 872 3046 spiritualis
909 2982 1250 3047 mayistratus
1288 2980 1525 3028 terminis
1552 2997 1606 3030 se
1615 2983 1782 3050 justis
1809 3000 1927 3032 con·

102 3069 274 3117 tineus
299 3066 452 3128 (llaec
476 3066 635 3116 verba
656 3053 800 3116 etune
827 3067 990 3129 addo)
1017 3067 1310 3117 directoria
1329 3071 1611 3133 potestate,
1650 3070 1929 3136 omniaque

105 3152 263 3221 (forte
289 3149 558 3220 omnique)
593 3155 897 3203 necessaria
923 3154 997 3203 ad
1021 3154 1342 3219 explendam
1379 3171 1564 3203 munus
1603 3171 1712 3219 pro
1754 3154 1927 3204 salute

107 3240 382 3290 Ecclesiae
409 3240 602 3305 ayemli
621 3241 884 3306 facultate
911 3242 1212 3291 instructas.

249 3324 300 3375 2.
354 3321 485 3388 Quid
510 3333 673 3375 autem
709 3324 927 3395 pluribus
967 3325 1209 3377 distineor
1248 3342 1356 3375 cmn
1380 3323 1504 3376 viris
1531 3322 1816 3388 catholiciS‚
1845 3325 1926 3393 qui

107 3408 252 3462 Petri
277 3419 327 3461 et
352 3427 699 3462 successormn
737 3412 844 3480 ejus
882 3411 1143 3481 primatum
1183 3410 1445 3481 peculiaris
1475 3408 1838 3480 jurisdictionis
1879 3419 1929 3463 et

107 3495 419 3563 personalem
444 3495 610 3549 divino
628 3495 770 3565 jure,
806 3514 906 3549 non
944 3507 1107 3550 autem
1133 3495 1426 3566 Apostolico
1465 3497 1547 3550 vel
1569 3494 1927 3549 Ecclesiastico

1514 3596 1587 3650 2*
