2314 3984
690 268 1336 329 -227--ffl

111 458 252 512 quam
287 441 508 511 protecto
535 436 796 493 Romanae
832 437 963 490 sedis
998 436 1392 490 communionem
1428 434 1552 490 adeo
1587 434 1923 492 necessariam

113 525 288 582 Clerus
313 522 599 580 Gallicanus
622 523 677 576 in
703 523 903 590 laudata
923 521 1280 577 Declaratione
1305 519 1588 593 expressit,
1625 518 1925 578 uteamdem

110 613 241 668 illam
265 611 443 669 haheat
467 628 576 664 eum
601 605 1188 673 communioneAChristi3
1213 607 1343 661 unde
1367 605 1668 671 haereticos,
1695 609 1788 676 qui
1811 609 1925 658 sim-

102 700 274 768 plices
313 700 514 751 animas
551 697 616 749 ab
654 697 908 750 ecclesiae
942 696 1127 753 matris
1168 691 1324 761 (idest
1361 690 1656 763 Romanae)
1703 710 1924 748 commu-

109 787 263 836 nione
288 785 601 843 dissociant,
627 802 662 834 a
694 782 895 834 Christi
917 781 1278 833 communione
1303 780 1599 834 dissociare
1637 777 1920 832 affirmavit.

108 868 355 922 Infinitum
399 867 749 940 propemodum
785 874 948 929 esset,
992 863 1037 917 si
1060 881 1187 933 quae
1212 881 1302 934 pro
1329 863 1420 917 hac
1444 863 1636 917 unitate
1661 864 1721 920 ab
1747 863 1924 917 adver-

108 955 255 1008 sariis
282 953 533 1008 catholicis
560 961 734 1026 aperta
756 949 1088 1020 concordique
1122 949 1372 1002 sententia
1407 949 1684 1003 afferuntur
1697 988 1712 1015 ,
1751 950 1924 1020 agglo-

107 1058 303 1094 merare
339 1041 534 1094 vellem.
607 1036 714 1093 Sed.
742 1044 943 1107 praeter
989 1053 1134 1105 quam
1182 1035 1311 1104 quod
1347 1035 1586 1088 nonnulla
1623 1035 1723 1090 alia
1756 1035 1811 1088 in
1842 1053 1923 1090 se-

106 1126 364 1194 quentibus
398 1126 616 1196 ipsorlun
641 1119 940 1175 testimoniis
966 1130 1255 1186 occurrent,
1293 1121 1346 1173 in
1384 1121 1514 1174 thesi
1547 1119 1920 1190 haudquaquam

108 1220 436 1264 controversa
458 1210 599 1280 plura
624 1226 899 1279 congerere
925 1225 1046 1278 opus
1074 1225 1175 1260 non
1195 1215 1291 1260 est.

247 1295 300 1347 4.
341 1291 586 1364 Quidquid
610 1313 759 1366 porro
783 1292 1011 1364 Dupinus
1038 1311 1107 1346 ex
1125 1290 1511 1363 Hieronymiani
1537 1291 1632 1343 loci
1659 1292 1922 1344 occasione

107 1390 283 1432 contra
306 1380 656 1433 necessitatem
694 1378 899 1432 unitatis
926 1377 1035 1430 fidei
1063 1377 1400 1441 contenderit,
1438 1377 1487 1428 id
1523 1375 1633 1428 aliis
1671 1376 1922 1446 plerisque

106 1475 156 1517 et
180 1465 627 1536 praestantioribus
654 1463 983 1527 adversariis,
1022 1480 1143 1531 quos
1171 1462 1399 1533 deinceps
1435 1463 1771 1533 proferemuS,
1808 1481 1922 1534 per-

106 1551 304 1603 suaderi
330 1550 611 1619 neutiquam
635 1550 810 1620 potuit.
872 1549 930 1601 In
965 1556 1239 1601 memorata
1265 1545 1511 1600 Gallicani
1538 1544 1676 1601 Cleri
1701 1549 1921 1602 declara-

106 1635 241 1687 tione
267 1636 502 1688 nonnulla
538 1636 678 1704 hujus
716 1634 1032 1687 necessariae
1067 1633 1273 1686 unitatis
1307 1632 1487 1686 indicia
1511 1633 1739 1704 inspersa
1764 1636 1919 1688 fuere.

106 1718 277 1772 Primo
305 1721 436 1773 enim
461 1719 723 1772 Romanae
759 1719 893 1771 sedis
923 1719 1187 1789 primatum
1221 1719 1281 1770 ab
1310 1719 1673 1771 haereticorum
1699 1719 1919 1774 dicteriis

104 1805 378 1869 vindicanS,
405 1823 515 1857 eam
541 1805 751 1876 appellat
777 1807 950 1857 sedem
977 1802 1369 1872 Apostolicam‚
1395 1807 1449 1854 in
1477 1822 1582 1873 qua
1601 1807 1739 1873 fides
1761 1824 1918 1872 prae-

103 1892 327 1950 dicatur,
359 1898 409 1942 et
430 1894 603 1943 unitas
623 1897 864 1943 servatur
879 1892 1153 1942 Ecclesiae
1166 1910 1181 1940 .·
1215 1906 1341 1957 quae
1361 1897 1615 1958 postrema
1634 1890 1789 1943 verba
1806 1892 1918 1944 uni-

103 1975 219 2028 tatis
234 1985 455 2028 centrmn
473 1976 525 2027 in
545 1994 606 2029 ea
624 1976 943 2029 constitutlun
959 1974 1248 2038 indicantia,
1264 1976 1509 2042 cumfidei
1520 1977 1924 2043 praedicationi

105 2061 442 2130 subjiciantur,
470 2059 707 2112 unitatem
731 2060 841 2114 fidei
868 2079 994 2130 quae
1020 2059 1388 2131 praedicatione
1414 2070 1663 2126 servatur,
1697 2081 1919 2132 quaeque

105 2154 182 2197 est
201 2146 464 2216 praecipua
473 2143 728 2198 Ecclesiae
747 2146 930 2210 unitaS,
947 2155 1174 2215 spectare
1193 2145 1438 2210 videntur,
1462 2146 1534 2198 ita
1553 2156 1605 2197 ut
1624 2147 1789 2200 unitas
1807 2149 1919 2201 fidei

106 2230 154 2280 in
177 2231 345 2283 eadem
366 2232 500 2295 sede,
521 2240 698 2284 etcum
718 2232 886 2284 eadem
907 2231 1021 2283 sede
1042 2231 1289 2284 servanda
1306 2230 1613 2301 potissimum
1633 2233 1716 2285 sit.
1757 2232 1918 2286 Num-

107 2314 218 2382 quid
242 2315 370 2367 enim
390 2316 554 2368 unitas
575 2317 930 2368 communionis
952 2326 1160 2380 tantum,
1191 2326 1241 2368 et
1260 2334 1359 2368 non
1387 2316 1552 2369 unitas
1572 2317 1683 2369 fidei
1702 2321 1918 2371 tenenda

108 2409 184 2450 est
211 2418 317 2451 cum
344 2418 402 2452 ea
428 2402 543 2453 sede
560 2441 573 2465 ,
602 2420 726 2470 quae
746 2405 906 2470 fidem
924 2404 1215 2470 praedicat
1240 2404 1517 2455 Ecclesiae
1555 2401 1658 2471 (sic
1683 2402 1917 2455 nimirum

106 2484 231 2535 hunc
252 2484 409 2536 locum
430 2485 788 2556 interpretatur
801 2485 1028 2556 Dupinus
1040 2485 1232 2556 [Trait.
1251 2487 1308 2537 de
1330 2487 1377 2538 la
1396 2486 1643 2556 puissanc.
1661 2486 1916 2559 Eccles.]:

103 2572 172 2620 οιὶ
199 2571 303 2620 l'on
332 2574 572 2639 enseiyvze
600 2574 655 2624 la
681 2575 826 2624 vraie
847 2575 935 2639 foi
958 2574 1025 2623 de
1053 2573 1305 2640 l’Eylise‚
1342 2578 1393 2622 et
1417 2575 1509 2639 qui
1543 2590 1793 2626 conserve
1820 2593 1916 2626 son

102 2652 276 2721 unite')
293 2691 306 2715 ,
345 2671 454 2704 eam
478 2656 706 2708 videlicet
731 2657 870 2708 fidem
887 2695 901 2720 ,
942 2675 1066 2724 quae
1104 2675 1203 2708 non
1230 2656 1388 2707 minus
1415 2655 1739 2726 Apostolicae
1766 2659 1915 2723 sedis,

105 2754 249 2803 quam
274 2737 427 2788 totius
452 2736 710 2791 Ecclesiae
736 2739 854 2792 fides
882 2749 988 2805 est3
1025 2750 1268 2809 quatenus
1305 2758 1406 2792 non
1433 2741 1531 2792 alia
1557 2752 1633 2793 est
1671 2743 1790 2795 fides
1816 2742 1916 2795 Ec-

106 2819 314 2885 clesiae,
349 2838 494 2888 quam
522 2840 647 2891 quae
672 2822 726 2874 in
754 2822 984 2876 Romana
1011 2825 1126 2876 sede
1150 2824 1491 2894 praedicatur,
1519 2835 1570 2876 et
1594 2826 1836 2890 traditur,
1862 2837 1916 2879 ut

106 2922 212 2974 cap.
243 2905 326 2958 13.
355 2923 405 2957 n.
433 2906 520 2959 36.
558 2907 713 2960 fusius
751 2909 982 2960 ostendi?
1037 2907 1101 2960 Ei
1127 2927 1277 2973 sane,
1317 2909 1399 2977 qui
1433 2911 1593 2979 fidem
1610 2915 1914 2978 praedicat,

104 2988 213 3042 fidei
237 2990 400 3042 unitas
428 2991 651 3044 subtrahi
676 3011 775 3044 non
800 3002 983 3063 potest,
1012 2993 1130 3062 quin
1154 2994 1250 3065 ipsi
1275 2994 1403 3058 fidei,
1431 2996 1557 3062 quae
1582 2997 1914 3066 praedicatur,

106 3083 154 3126 et
179 3074 297 3128 fides
323 3074 581 3130 Ecclesiae
609 3095 721 3130 esse
747 3078 1060 3142 conceditur,
1097 3079 1264 3132 unitas
1294 3079 1620 3145 subducatur,
1648 3084 1776 3151 quod
1800 3103 1916 3154 pro-

104 3158 230 3210 fecto
257 3177 356 3212 non
381 3161 513 3213 licet.
552 3161 861 3216 Gallicanum
888 3174 1023 3217 certe
1045 3162 1266 3228 Clerum,
1294 3165 1406 3216 dum
1432 3183 1492 3217 ea
1516 3167 1669 3220 verba
1694 3168 1911 3239 scripsit,

105 3242 283 3310 aliquid
320 3244 416 3296 tale
452 3247 669 3300 sensisse
708 3247 799 3319 (ne
837 3249 1141 3318 dubitemus)
1177 3249 1301 3302 satis
1339 3249 1524 3302 indicat
1547 3250 1825 3306 Bossuetus
1861 3255 1913 3306 in

102 3326 325 3380 oratione
350 3328 523 3382 iisdem
547 3331 599 3383 in
624 3333 833 3387 comitiis
859 3334 1045 3399 habita,
1072 3344 1122 3387 et
1149 3334 1415 3406 encyclicis
1440 3334 1594 3406 ipsius
1616 3335 1752 3391 Cleri
1777 3339 1913 3392 litte-

101 3411 171 3463 ris
196 3414 493 3483 approbata,
532 3415 615 3467 ubi
639 3417 875 3484 unitatem
913 3420 1107 3489 quidem
1134 3421 1508 3485 commendans,
1542 3419 1802 3477 Ecclesiae
1828 3443 1911 3478 ca-

99 3495 308 3551 tholicae
331 3499 472 3552 fidem
501 3501 720 3554 eamdem
748 3520 857 3561 esse
884 3506 1094 3558 affirmat
1124 3523 1180 3559 ac
1207 3505 1349 3558 fidem
1366 3505 1623 3561 Romanae
1651 3510 1908 3573 ecclesiae,

1455 3592 1520 3644 15
1539 3593 1564 3616 *
