<?xml version="1.0" encoding="UTF-8"?>
<!DOCTYPE html PUBLIC "-//W3C//DTD XHTML 1.0 Transitional//EN"
    "http://www.w3.org/TR/xhtml1/DTD/xhtml1-transitional.dtd">
<html xmlns="http://www.w3.org/1999/xhtml" xml:lang="en" lang="en">
 <head>
  <title>
</title>
<meta http-equiv="Content-Type" content="text/html;charset=utf-8" />
  <meta name='ocr-system' content='tesseract 3.04.00' />
  <meta name='ocr-capabilities' content='ocr_page ocr_carea ocr_par ocr_line ocrx_word'/>
</head>
<body>
  <div class='ocr_page' id='page_1' title='image "a546178500balluoft_0084.png"; bbox 0 0 2320 3990; ppageno 0'>
   <div class='ocr_carea' id='block_1_1' title="bbox 935 189 1556 247">
    <p class='ocr_par' dir='ltr' id='par_1_1' title="bbox 935 189 1556 247">
     <span class='ocr_line' id='line_1_1' title="bbox 935 189 1556 247; baseline 0 -17"><span class='ocrx_word' id='word_1_1' title='bbox 935 189 1556 247; x_wconf 61' lang='lat'>...„-.52-‚.-</span> 
     </span>
    </p>
   </div>
   <div class='ocr_carea' id='block_1_2' title="bbox 319 359 2203 2728">
    <p class='ocr_par' dir='ltr' id='par_1_2' title="bbox 319 359 2191 1316">
     <span class='ocr_line' id='line_1_2' title="bbox 319 359 2180 436; baseline -0.001 -20"><span class='ocrx_word' id='word_1_2' title='bbox 319 363 455 417; x_wconf 85' lang='lat' dir='ltr'>saria</span> <span class='ocrx_word' id='word_1_3' title='bbox 493 361 750 436; x_wconf 86' lang='lat' dir='ltr'>praeditus</span> <span class='ocrx_word' id='word_1_4' title='bbox 791 359 859 412; x_wconf 90' lang='lat' dir='ltr'>sit</span> <span class='ocrx_word' id='word_1_5' title='bbox 898 377 969 413; x_wconf 80' lang='lat' dir='ltr'>ex</span> <span class='ocrx_word' id='word_1_6' title='bbox 1009 359 1300 415; x_wconf 88' lang='lat' dir='ltr'>constitutis</span> <span class='ocrx_word' id='word_1_7' title='bbox 1319 361 1505 433; x_wconf 50' lang='lat' dir='ltr'>*eapite</span> <span class='ocrx_word' id='word_1_8' title='bbox 1538 362 1892 436; x_wconf 82' lang='lat' dir='ltr'>praecedenti3</span> <span class='ocrx_word' id='word_1_9' title='bbox 1928 363 1981 416; x_wconf 87' lang='lat' dir='ltr'>vi</span> <span class='ocrx_word' id='word_1_10' title='bbox 2008 361 2180 433; x_wconf 88' lang='lat' dir='ltr'>utique</span> 
     </span>
     <span class='ocr_line' id='line_1_3' title="bbox 319 447 2183 523; baseline -0.001 -20"><span class='ocrx_word' id='word_1_11' title='bbox 319 450 589 523; x_wconf 83' lang='lat' dir='ltr'>praecipua</span> <span class='ocrx_word' id='word_1_12' title='bbox 626 458 678 502; x_wconf 91' lang='lat' dir='ltr'>et</span> <span class='ocrx_word' id='word_1_13' title='bbox 713 447 944 502; x_wconf 80' lang='lat' dir='ltr'>coactiva</span> <span class='ocrx_word' id='word_1_14' title='bbox 989 448 1250 521; x_wconf 86' lang='lat' dir='ltr'>praeditus</span> <span class='ocrx_word' id='word_1_15' title='bbox 1299 447 1537 503; x_wconf 85' lang='lat' dir='ltr'>dicendus</span> <span class='ocrx_word' id='word_1_16' title='bbox 1576 461 1655 504; x_wconf 87' lang='lat' dir='ltr'>est</span> <span class='ocrx_word' id='word_1_17' title='bbox 1694 451 1756 505; x_wconf 87' lang='lat' dir='ltr'>ad</span> <span class='ocrx_word' id='word_1_18' title='bbox 1789 451 2092 505; x_wconf 80' lang='lat' dir='ltr'>servandam</span> <span class='ocrx_word' id='word_1_19' title='bbox 2132 459 2183 504; x_wconf 87' lang='lat' dir='ltr'>et</span> 
     </span>
     <span class='ocr_line' id='line_1_4' title="bbox 319 535 2182 610; baseline -0.002 -17"><span class='ocrx_word' id='word_1_20' title='bbox 319 537 674 594; x_wconf 87' lang='lat' dir='ltr'>continendam</span> <span class='ocrx_word' id='word_1_21' title='bbox 713 546 982 608; x_wconf 87' lang='lat' dir='ltr'>utramque</span> <span class='ocrx_word' id='word_1_22' title='bbox 1011 537 1124 591; x_wconf 84' lang='lat' dir='ltr'>fidei</span> <span class='ocrx_word' id='word_1_23' title='bbox 1152 546 1204 591; x_wconf 91' lang='lat' dir='ltr'>et</span> <span class='ocrx_word' id='word_1_24' title='bbox 1231 535 1467 590; x_wconf 88' lang='lat' dir='ltr'>caritatis</span> <span class='ocrx_word' id='word_1_25' title='bbox 1493 535 1768 605; x_wconf 84' lang='lat' dir='ltr'>unitatem,</span> <span class='ocrx_word' id='word_1_26' title='bbox 1808 557 1878 593; x_wconf 82' lang='lat' dir='ltr'>ex</span> <span class='ocrx_word' id='word_1_27' title='bbox 1915 538 2094 610; x_wconf 89' lang='lat' dir='ltr'>quibus</span> <span class='ocrx_word' id='word_1_28' title='bbox 2123 555 2182 591; x_wconf 86' lang='lat' dir='ltr'>ea</span> 
     </span>
     <span class='ocr_line' id='line_1_5' title="bbox 319 624 2184 698; baseline -0.001 -17"><span class='ocrx_word' id='word_1_29' title='bbox 319 625 584 681; x_wconf 84' lang='lat' dir='ltr'>Ecclesiae</span> <span class='ocrx_word' id='word_1_30' title='bbox 602 625 775 678; x_wconf 90' lang='lat' dir='ltr'>unitas</span> <span class='ocrx_word' id='word_1_31' title='bbox 800 635 1034 693; x_wconf 81' lang='lat' dir='ltr'>constat3</span> <span class='ocrx_word' id='word_1_32' title='bbox 1064 634 1115 679; x_wconf 93' lang='lat' dir='ltr'>et</span> <span class='ocrx_word' id='word_1_33' title='bbox 1136 624 1379 698; x_wconf 86' lang='lat' dir='ltr'>primario</span> <span class='ocrx_word' id='word_1_34' title='bbox 1402 624 1600 695; x_wconf 88' lang='lat' dir='ltr'>quidem</span> <span class='ocrx_word' id='word_1_35' title='bbox 1623 625 1869 681; x_wconf 70' lang='lat' dir='ltr'>imitatem</span> <span class='ocrx_word' id='word_1_36' title='bbox 1895 626 2026 692; x_wconf 87' lang='lat' dir='ltr'>fidei,</span> <span class='ocrx_word' id='word_1_37' title='bbox 2057 644 2184 697; x_wconf 87' lang='lat' dir='ltr'>quae</span> 
     </span>
     <span class='ocr_line' id='line_1_6' title="bbox 321 711 2185 786; baseline -0.001 -17"><span class='ocrx_word' id='word_1_38' title='bbox 321 725 400 770; x_wconf 87' lang='lat' dir='ltr'>est</span> <span class='ocrx_word' id='word_1_39' title='bbox 424 715 595 768; x_wconf 89' lang='lat' dir='ltr'>unitas</span> <span class='ocrx_word' id='word_1_40' title='bbox 621 711 888 766; x_wconf 78' lang='lat' dir='ltr'>Ecclesiae</span> <span class='ocrx_word' id='word_1_41' title='bbox 914 713 1110 786; x_wconf 89' lang='lat' dir='ltr'>potior,</span> <span class='ocrx_word' id='word_1_42' title='bbox 1149 712 1211 764; x_wconf 90' lang='lat' dir='ltr'>ad</span> <span class='ocrx_word' id='word_1_43' title='bbox 1238 730 1388 782; x_wconf 88' lang='lat' dir='ltr'>quam</span> <span class='ocrx_word' id='word_1_44' title='bbox 1421 712 1593 766; x_wconf 88' lang='lat' dir='ltr'>unitas</span> <span class='ocrx_word' id='word_1_45' title='bbox 1630 713 1891 782; x_wconf 79' lang='lat' dir='ltr'>caritatis,</span> <span class='ocrx_word' id='word_1_46' title='bbox 1933 734 2023 769; x_wconf 91' lang='lat' dir='ltr'>seu</span> <span class='ocrx_word' id='word_1_47' title='bbox 2050 733 2185 768; x_wconf 89' lang='lat' dir='ltr'>com-</span> 
     </span>
     <span class='ocr_line' id='line_1_7' title="bbox 320 799 2187 875; baseline -0.002 -17"><span class='ocrx_word' id='word_1_48' title='bbox 320 803 573 858; x_wconf 89' lang='lat' dir='ltr'>munionis</span> <span class='ocrx_word' id='word_1_49' title='bbox 600 803 868 856; x_wconf 89' lang='lat' dir='ltr'>referetur.</span> <span class='ocrx_word' id='word_1_50' title='bbox 910 799 964 854; x_wconf 92' lang='lat' dir='ltr'>Id</span> <span class='ocrx_word' id='word_1_51' title='bbox 986 820 1056 855; x_wconf 87' lang='lat' dir='ltr'>ex</span> <span class='ocrx_word' id='word_1_52' title='bbox 1074 800 1374 874; x_wconf 87' lang='lat' dir='ltr'>praemissis</span> <span class='ocrx_word' id='word_1_53' title='bbox 1406 799 1599 853; x_wconf 89' lang='lat' dir='ltr'>laudati</span> <span class='ocrx_word' id='word_1_54' title='bbox 1619 799 1798 872; x_wconf 89' lang='lat' dir='ltr'>capitis</span> <span class='ocrx_word' id='word_1_55' title='bbox 1823 803 1987 875; x_wconf 88' lang='lat' dir='ltr'>palam</span> <span class='ocrx_word' id='word_1_56' title='bbox 2020 802 2187 874; x_wconf 90' lang='lat' dir='ltr'>sequi-</span> 
     </span>
     <span class='ocr_line' id='line_1_8' title="bbox 324 888 2187 962; baseline -0.002 -18"><span class='ocrx_word' id='word_1_57' title='bbox 324 902 422 944; x_wconf 86' lang='lat' dir='ltr'>tur.</span> <span class='ocrx_word' id='word_1_58' title='bbox 486 889 616 946; x_wconf 90' lang='lat' dir='ltr'>Cum</span> <span class='ocrx_word' id='word_1_59' title='bbox 643 908 768 943; x_wconf 88' lang='lat' dir='ltr'>vero</span> <span class='ocrx_word' id='word_1_60' title='bbox 796 888 847 942; x_wconf 90' lang='lat' dir='ltr'>in</span> <span class='ocrx_word' id='word_1_61' title='bbox 877 888 969 943; x_wconf 90' lang='lat' dir='ltr'>hoc</span> <span class='ocrx_word' id='word_1_62' title='bbox 999 889 1099 943; x_wconf 86' lang='lat' dir='ltr'>sita</span> <span class='ocrx_word' id='word_1_63' title='bbox 1126 889 1193 942; x_wconf 88' lang='lat' dir='ltr'>sit</span> <span class='ocrx_word' id='word_1_64' title='bbox 1218 889 1387 962; x_wconf 88' lang='lat' dir='ltr'>potior</span> <span class='ocrx_word' id='word_1_65' title='bbox 1415 888 1492 942; x_wconf 87' lang='lat' dir='ltr'>vis</span> <span class='ocrx_word' id='word_1_66' title='bbox 1519 888 1768 960; x_wconf 85' lang='lat' dir='ltr'>primatus</span> <span class='ocrx_word' id='word_1_67' title='bbox 1785 930 1799 955; x_wconf 86' lang='lat'>,</span> <span class='ocrx_word' id='word_1_68' title='bbox 1841 910 1989 961; x_wconf 90' lang='lat' dir='ltr'>quam</span> <span class='ocrx_word' id='word_1_69' title='bbox 2015 889 2110 943; x_wconf 92' lang='lat' dir='ltr'>hoc</span> <span class='ocrx_word' id='word_1_70' title='bbox 2135 890 2187 942; x_wconf 91' lang='lat' dir='ltr'>in</span> 
     </span>
     <span class='ocr_line' id='line_1_9' title="bbox 322 976 2189 1054; baseline -0.003 -20"><span class='ocrx_word' id='word_1_71' title='bbox 322 999 475 1054; x_wconf 89' lang='lat' dir='ltr'>opere</span> <span class='ocrx_word' id='word_1_72' title='bbox 503 979 858 1052; x_wconf 84' lang='lat' dir='ltr'>explicandam</span> <span class='ocrx_word' id='word_1_73' title='bbox 881 988 932 1032; x_wconf 92' lang='lat' dir='ltr'>et</span> <span class='ocrx_word' id='word_1_74' title='bbox 956 979 1276 1032; x_wconf 83' lang='lat' dir='ltr'>statuendam</span> <span class='ocrx_word' id='word_1_75' title='bbox 1306 977 1535 1051; x_wconf 72' lang='lat' dir='ltr'>suscepi,</span> <span class='ocrx_word' id='word_1_76' title='bbox 1564 976 1775 1049; x_wconf 90' lang='lat' dir='ltr'>idipsum</span> <span class='ocrx_word' id='word_1_77' title='bbox 1798 977 1948 1030; x_wconf 90' lang='lat' dir='ltr'>latius</span> <span class='ocrx_word' id='word_1_78' title='bbox 1970 977 2189 1050; x_wconf 89' lang='lat' dir='ltr'>proban-</span> 
     </span>
     <span class='ocr_line' id='line_1_10' title="bbox 324 1065 2189 1140; baseline -0.002 -19"><span class='ocrx_word' id='word_1_79' title='bbox 324 1070 436 1121; x_wconf 90' lang='lat' dir='ltr'>dum</span> <span class='ocrx_word' id='word_1_80' title='bbox 464 1067 585 1120; x_wconf 92' lang='lat' dir='ltr'>mihi</span> <span class='ocrx_word' id='word_1_81' title='bbox 613 1077 693 1121; x_wconf 91' lang='lat' dir='ltr'>est</span> <span class='ocrx_word' id='word_1_82' title='bbox 718 1086 809 1140; x_wconf 87' lang='lat' dir='ltr'>per</span> <span class='ocrx_word' id='word_1_83' title='bbox 835 1077 1009 1140; x_wconf 88' lang='lat' dir='ltr'>partes</span> <span class='ocrx_word' id='word_1_84' title='bbox 1036 1067 1266 1139; x_wconf 86' lang='lat' dir='ltr'>singulas</span> <span class='ocrx_word' id='word_1_85' title='bbox 1283 1107 1296 1131; x_wconf 91' lang='lat'>,</span> <span class='ocrx_word' id='word_1_86' title='bbox 1323 1076 1379 1119; x_wconf 90' lang='lat' dir='ltr'>ut</span> <span class='ocrx_word' id='word_1_87' title='bbox 1407 1084 1471 1118; x_wconf 92' lang='lat' dir='ltr'>ne</span> <span class='ocrx_word' id='word_1_88' title='bbox 1499 1065 1616 1136; x_wconf 90' lang='lat' dir='ltr'>quid</span> <span class='ocrx_word' id='word_1_89' title='bbox 1641 1066 1837 1138; x_wconf 89' lang='lat' dir='ltr'>uspiam</span> <span class='ocrx_word' id='word_1_90' title='bbox 1865 1065 2189 1130; x_wconf 82' lang='lat' dir='ltr'>difficultatis,</span> 
     </span>
     <span class='ocr_line' id='line_1_11' title="bbox 326 1153 2191 1228; baseline -0.002 -19"><span class='ocrx_word' id='word_1_91' title='bbox 326 1156 369 1209; x_wconf 89' lang='lat' dir='ltr'>si</span> <span class='ocrx_word' id='word_1_92' title='bbox 398 1155 508 1209; x_wconf 86' lang='lat' dir='ltr'>fieri</span> <span class='ocrx_word' id='word_1_93' title='bbox 537 1164 724 1228; x_wconf 89' lang='lat' dir='ltr'>potest,</span> <span class='ocrx_word' id='word_1_94' title='bbox 755 1155 995 1227; x_wconf 82' lang='lat' dir='ltr'>supersit.</span> <span class='ocrx_word' id='word_1_95' title='bbox 1049 1153 1363 1208; x_wconf 89' lang='lat' dir='ltr'>Probabitur</span> <span class='ocrx_word' id='word_1_96' title='bbox 1391 1164 1578 1219; x_wconf 83' lang='lat' dir='ltr'>autem,</span> <span class='ocrx_word' id='word_1_97' title='bbox 1605 1163 1660 1206; x_wconf 91' lang='lat' dir='ltr'>ut</span> <span class='ocrx_word' id='word_1_98' title='bbox 1689 1154 1939 1220; x_wconf 82' lang='lat' dir='ltr'>arbitror,</span> <span class='ocrx_word' id='word_1_99' title='bbox 1968 1155 2191 1207; x_wconf 87' lang='lat' dir='ltr'>luculen-</span> 
     </span>
     <span class='ocr_line' id='line_1_12' title="bbox 325 1241 2163 1316; baseline -0.001 -21"><span class='ocrx_word' id='word_1_100' title='bbox 325 1244 523 1297; x_wconf 87' lang='lat' dir='ltr'>tissime</span> <span class='ocrx_word' id='word_1_101' title='bbox 571 1253 786 1314; x_wconf 88' lang='lat' dir='ltr'>quatuor</span> <span class='ocrx_word' id='word_1_102' title='bbox 827 1243 1152 1314; x_wconf 90' lang='lat' dir='ltr'>sequentibus</span> <span class='ocrx_word' id='word_1_103' title='bbox 1205 1243 1482 1316; x_wconf 64' lang='lat' dir='ltr'>capitibusg</span> <span class='ocrx_word' id='word_1_104' title='bbox 1536 1242 1579 1295; x_wconf 92' lang='lat' dir='ltr'>si</span> <span class='ocrx_word' id='word_1_105' title='bbox 1618 1242 1853 1295; x_wconf 90' lang='lat' dir='ltr'>nimirum</span> <span class='ocrx_word' id='word_1_106' title='bbox 1894 1241 2058 1314; x_wconf 88' lang='lat' dir='ltr'>capite</span> <span class='ocrx_word' id='word_1_107' title='bbox 2100 1241 2163 1294; x_wconf 93' lang='lat' dir='ltr'>ll</span> 
     </span>
    </p>

    <p class='ocr_par' dir='ltr' id='par_1_3' title="bbox 325 1330 2203 2728">
     <span class='ocr_line' id='line_1_13' title="bbox 326 1330 2192 1402; baseline -0.002 -18"><span class='ocrx_word' id='word_1_108' title='bbox 326 1331 672 1386; x_wconf 88' lang='lat' dir='ltr'>necessariam</span> <span class='ocrx_word' id='word_1_109' title='bbox 700 1349 912 1402; x_wconf 89' lang='lat' dir='ltr'>prorsus</span> <span class='ocrx_word' id='word_1_110' title='bbox 941 1333 1214 1386; x_wconf 90' lang='lat' dir='ltr'>ostendero</span> <span class='ocrx_word' id='word_1_111' title='bbox 1243 1332 1491 1385; x_wconf 89' lang='lat' dir='ltr'>unitatem</span> <span class='ocrx_word' id='word_1_112' title='bbox 1514 1330 1746 1383; x_wconf 87' lang='lat' dir='ltr'>caritatis</span> <span class='ocrx_word' id='word_1_113' title='bbox 1767 1349 1857 1384; x_wconf 88' lang='lat' dir='ltr'>seu</span> <span class='ocrx_word' id='word_1_114' title='bbox 1884 1331 2192 1383; x_wconf 89' lang='lat' dir='ltr'>communio-</span> 
     </span>
     <span class='ocr_line' id='line_1_14' title="bbox 325 1414 2194 1474; baseline -0.003 0"><span class='ocrx_word' id='word_1_115' title='bbox 325 1420 404 1474; x_wconf 87' lang='lat' dir='ltr'>nis</span> <span class='ocrx_word' id='word_1_116' title='bbox 432 1418 654 1473; x_wconf 90' lang='lat' dir='ltr'>omnium</span> <span class='ocrx_word' id='word_1_117' title='bbox 684 1414 1101 1472; x_wconf 87' lang='lat' dir='ltr'>Christifidelium</span> <span class='ocrx_word' id='word_1_118' title='bbox 1130 1438 1239 1473; x_wconf 90' lang='lat' dir='ltr'>cum</span> <span class='ocrx_word' id='word_1_119' title='bbox 1269 1417 1522 1471; x_wconf 90' lang='lat' dir='ltr'>Romanis</span> <span class='ocrx_word' id='word_1_120' title='bbox 1551 1417 1889 1470; x_wconf 88' lang='lat' dir='ltr'>Pontificibus</span> <span class='ocrx_word' id='word_1_121' title='bbox 1931 1434 2194 1470; x_wconf 91' lang='lat' dir='ltr'>successo-</span> 
     </span>
     <span class='ocr_line' id='line_1_15' title="bbox 326 1505 2195 1577; baseline -0.001 -18"><span class='ocrx_word' id='word_1_122' title='bbox 326 1508 464 1560; x_wconf 87' lang='lat' dir='ltr'>ribus</span> <span class='ocrx_word' id='word_1_123' title='bbox 495 1505 551 1561; x_wconf 93' lang='lat' dir='ltr'>S.</span> <span class='ocrx_word' id='word_1_124' title='bbox 581 1506 757 1573; x_wconf 89' lang='lat' dir='ltr'>Petri,</span> <span class='ocrx_word' id='word_1_125' title='bbox 801 1525 928 1577; x_wconf 92' lang='lat' dir='ltr'>quae</span> <span class='ocrx_word' id='word_1_126' title='bbox 969 1525 1078 1560; x_wconf 88' lang='lat' dir='ltr'>cum</span> <span class='ocrx_word' id='word_1_127' title='bbox 1119 1508 1182 1561; x_wconf 93' lang='lat' dir='ltr'>ob</span> <span class='ocrx_word' id='word_1_128' title='bbox 1221 1506 1470 1561; x_wconf 85' lang='lat' dir='ltr'>unitatem</span> <span class='ocrx_word' id='word_1_129' title='bbox 1510 1507 1624 1560; x_wconf 83' lang='lat' dir='ltr'>fidei</span> <span class='ocrx_word' id='word_1_130' title='bbox 1660 1505 1957 1560; x_wconf 88' lang='lat' dir='ltr'>necessaria</span> <span class='ocrx_word' id='word_1_131' title='bbox 1996 1506 2093 1572; x_wconf 89' lang='lat' dir='ltr'>sit,</span> <span class='ocrx_word' id='word_1_132' title='bbox 2134 1505 2195 1558; x_wconf 88' lang='lat' dir='ltr'>ad</span> 
     </span>
     <span class='ocr_line' id='line_1_16' title="bbox 327 1594 2195 1667; baseline -0.001 -19"><span class='ocrx_word' id='word_1_133' title='bbox 327 1596 685 1650; x_wconf 89' lang='lat' dir='ltr'>necessitatem</span> <span class='ocrx_word' id='word_1_134' title='bbox 718 1614 912 1667; x_wconf 89' lang='lat' dir='ltr'>quoque</span> <span class='ocrx_word' id='word_1_135' title='bbox 940 1595 1152 1650; x_wconf 88' lang='lat' dir='ltr'>unitatis</span> <span class='ocrx_word' id='word_1_136' title='bbox 1175 1596 1286 1650; x_wconf 84' lang='lat' dir='ltr'>fidei</span> <span class='ocrx_word' id='word_1_137' title='bbox 1310 1615 1418 1649; x_wconf 89' lang='lat' dir='ltr'>cum</span> <span class='ocrx_word' id='word_1_138' title='bbox 1448 1595 1625 1648; x_wconf 84' lang='lat' dir='ltr'>iisdem</span> <span class='ocrx_word' id='word_1_139' title='bbox 1655 1596 1828 1648; x_wconf 87' lang='lat' dir='ltr'>eodem</span> <span class='ocrx_word' id='word_1_140' title='bbox 1858 1594 2021 1666; x_wconf 86' lang='lat' dir='ltr'>capite</span> <span class='ocrx_word' id='word_1_141' title='bbox 2047 1612 2195 1666; x_wconf 87' lang='lat' dir='ltr'>prae-</span> 
     </span>
     <span class='ocr_line' id='line_1_17' title="bbox 328 1681 2195 1757; baseline -0.002 -21"><span class='ocrx_word' id='word_1_142' title='bbox 328 1684 635 1737; x_wconf 89' lang='lat' dir='ltr'>stituendam</span> <span class='ocrx_word' id='word_1_143' title='bbox 679 1684 867 1736; x_wconf 90' lang='lat' dir='ltr'>aditum</span> <span class='ocrx_word' id='word_1_144' title='bbox 906 1685 1128 1756; x_wconf 86' lang='lat' dir='ltr'>aperiet:</span> <span class='ocrx_word' id='word_1_145' title='bbox 1171 1685 1215 1736; x_wconf 91' lang='lat' dir='ltr'>si</span> <span class='ocrx_word' id='word_1_146' title='bbox 1252 1694 1433 1757; x_wconf 89' lang='lat' dir='ltr'>postea</span> <span class='ocrx_word' id='word_1_147' title='bbox 1475 1685 1700 1736; x_wconf 88' lang='lat' dir='ltr'>eamdem</span> <span class='ocrx_word' id='word_1_148' title='bbox 1741 1682 1853 1736; x_wconf 84' lang='lat' dir='ltr'>fidei</span> <span class='ocrx_word' id='word_1_149' title='bbox 1879 1681 2195 1754; x_wconf 89' lang='lat' dir='ltr'>potissimum</span> 
     </span>
     <span class='ocr_line' id='line_1_18' title="bbox 328 1770 2196 1844; baseline -0.002 -20"><span class='ocrx_word' id='word_1_150' title='bbox 328 1772 577 1825; x_wconf 88' lang='lat' dir='ltr'>unitatem</span> <span class='ocrx_word' id='word_1_151' title='bbox 607 1790 717 1825; x_wconf 90' lang='lat' dir='ltr'>cum</span> <span class='ocrx_word' id='word_1_152' title='bbox 744 1771 869 1844; x_wconf 91' lang='lat' dir='ltr'>ipsis</span> <span class='ocrx_word' id='word_1_153' title='bbox 906 1771 1251 1826; x_wconf 83' lang='lat' dir='ltr'>necessariam</span> <span class='ocrx_word' id='word_1_154' title='bbox 1292 1771 1488 1844; x_wconf 90' lang='lat' dir='ltr'>plenius</span> <span class='ocrx_word' id='word_1_155' title='bbox 1531 1773 1734 1827; x_wconf 87' lang='lat' dir='ltr'>evicero</span> <span class='ocrx_word' id='word_1_156' title='bbox 1783 1770 1947 1843; x_wconf 90' lang='lat' dir='ltr'>capite</span> <span class='ocrx_word' id='word_1_157' title='bbox 1987 1770 2073 1822; x_wconf 71' lang='lat'>12.</span> <span class='ocrx_word' id='word_1_158' title='bbox 2115 1788 2196 1821; x_wconf 89' lang='lat' dir='ltr'>ar-</span> 
     </span>
     <span class='ocr_line' id='line_1_19' title="bbox 329 1858 2195 1933; baseline -0.002 -21"><span class='ocrx_word' id='word_1_159' title='bbox 329 1858 583 1932; x_wconf 83' lang='lat' dir='ltr'>gumentis</span> <span class='ocrx_word' id='word_1_160' title='bbox 610 1859 1018 1933; x_wconf 82' lang='lat' dir='ltr'>locupletissimis</span> <span class='ocrx_word' id='word_1_161' title='bbox 1047 1880 1116 1915; x_wconf 82' lang='lat' dir='ltr'>ex</span> <span class='ocrx_word' id='word_1_162' title='bbox 1145 1860 1409 1932; x_wconf 71' lang='lat' dir='ltr'>evangelio</span> <span class='ocrx_word' id='word_1_163' title='bbox 1437 1861 1629 1932; x_wconf 75' lang='lat' dir='ltr'>petitis,</span> <span class='ocrx_word' id='word_1_164' title='bbox 1658 1861 1742 1914; x_wconf 92' lang='lat' dir='ltr'>ubi</span> <span class='ocrx_word' id='word_1_165' title='bbox 1767 1858 2195 1931; x_wconf 84' lang='lat' dir='ltr'>Evangelicorum</span> 
     </span>
     <span class='ocr_line' id='line_1_20' title="bbox 331 1946 2197 2023; baseline -0.002 -22"><span class='ocrx_word' id='word_1_166' title='bbox 331 1947 736 2003; x_wconf 85' lang='lat' dir='ltr'>testimoniorum</span> <span class='ocrx_word' id='word_1_167' title='bbox 770 1950 1022 2023; x_wconf 89' lang='lat' dir='ltr'>promissa</span> <span class='ocrx_word' id='word_1_168' title='bbox 1058 1948 1417 2022; x_wconf 86' lang='lat' dir='ltr'>interpretatio</span> <span class='ocrx_word' id='word_1_169' title='bbox 1454 1949 1758 2021; x_wconf 90' lang='lat' dir='ltr'>peculiarem</span> <span class='ocrx_word' id='word_1_170' title='bbox 1786 1958 1837 2001; x_wconf 93' lang='lat' dir='ltr'>et</span> <span class='ocrx_word' id='word_1_171' title='bbox 1874 1946 2197 2020; x_wconf 88' lang='lat' dir='ltr'>personalem</span> 
     </span>
     <span class='ocr_line' id='line_1_21' title="bbox 331 2037 2199 2110; baseline -0.002 -21"><span class='ocrx_word' id='word_1_172' title='bbox 331 2037 576 2110; x_wconf 87' lang='lat' dir='ltr'>primatus</span> <span class='ocrx_word' id='word_1_173' title='bbox 603 2037 898 2092; x_wconf 86' lang='lat' dir='ltr'>facultatem</span> <span class='ocrx_word' id='word_1_174' title='bbox 926 2038 1213 2104; x_wconf 85' lang='lat' dir='ltr'>continenS,</span> <span class='ocrx_word' id='word_1_175' title='bbox 1232 2056 1303 2091; x_wconf 86' lang='lat' dir='ltr'>ex</span> <span class='ocrx_word' id='word_1_176' title='bbox 1322 2037 1470 2091; x_wconf 88' lang='lat' dir='ltr'>obvio</span> <span class='ocrx_word' id='word_1_177' title='bbox 1495 2039 1769 2092; x_wconf 83' lang='lat' dir='ltr'>verborum</span> <span class='ocrx_word' id='word_1_178' title='bbox 1795 2054 1950 2090; x_wconf 87' lang='lat' dir='ltr'>sensu</span> <span class='ocrx_word' id='word_1_179' title='bbox 1971 2037 2199 2107; x_wconf 86' lang='lat' dir='ltr'>profere-</span> 
     </span>
     <span class='ocr_line' id='line_1_22' title="bbox 331 2124 2197 2199; baseline -0.001 -23"><span class='ocrx_word' id='word_1_180' title='bbox 331 2136 433 2190; x_wconf 84' lang='lat' dir='ltr'>tur,</span> <span class='ocrx_word' id='word_1_181' title='bbox 463 2143 533 2178; x_wconf 86' lang='lat' dir='ltr'>ex</span> <span class='ocrx_word' id='word_1_182' title='bbox 561 2144 659 2195; x_wconf 84' lang='lat' dir='ltr'>qua</span> <span class='ocrx_word' id='word_1_183' title='bbox 679 2125 757 2180; x_wconf 85' lang='lat' dir='ltr'>vis</span> <span class='ocrx_word' id='word_1_184' title='bbox 780 2145 969 2196; x_wconf 86' lang='lat' dir='ltr'>cogens</span> <span class='ocrx_word' id='word_1_185' title='bbox 997 2126 1266 2199; x_wconf 88' lang='lat' dir='ltr'>praecipue</span> <span class='ocrx_word' id='word_1_186' title='bbox 1296 2126 1356 2178; x_wconf 89' lang='lat' dir='ltr'>ad</span> <span class='ocrx_word' id='word_1_187' title='bbox 1382 2125 1629 2178; x_wconf 87' lang='lat' dir='ltr'>unitatem</span> <span class='ocrx_word' id='word_1_188' title='bbox 1657 2125 1769 2177; x_wconf 89' lang='lat' dir='ltr'>fidei</span> <span class='ocrx_word' id='word_1_189' title='bbox 1798 2125 2067 2178; x_wconf 88' lang='lat' dir='ltr'>manifesta</span> <span class='ocrx_word' id='word_1_190' title='bbox 2088 2124 2197 2176; x_wconf 89' lang='lat' dir='ltr'>fiet:</span> 
     </span>
     <span class='ocr_line' id='line_1_23' title="bbox 332 2212 2199 2286; baseline -0.001 -22"><span class='ocrx_word' id='word_1_191' title='bbox 332 2214 374 2265; x_wconf 87' lang='lat' dir='ltr'>si</span> <span class='ocrx_word' id='word_1_192' title='bbox 427 2221 699 2284; x_wconf 85' lang='lat' dir='ltr'>praeterea</span> <span class='ocrx_word' id='word_1_193' title='bbox 767 2214 930 2286; x_wconf 91' lang='lat' dir='ltr'>capite</span> <span class='ocrx_word' id='word_1_194' title='bbox 985 2213 1071 2268; x_wconf 81' lang='lat'>13.</span> <span class='ocrx_word' id='word_1_195' title='bbox 1126 2212 1456 2267; x_wconf 89' lang='lat' dir='ltr'>traditionem</span> <span class='ocrx_word' id='word_1_196' title='bbox 1530 2212 1802 2285; x_wconf 87' lang='lat' dir='ltr'>producam</span> <span class='ocrx_word' id='word_1_197' title='bbox 1821 2254 1834 2278; x_wconf 92' lang='lat'>,</span> <span class='ocrx_word' id='word_1_198' title='bbox 1898 2231 2026 2284; x_wconf 85' lang='lat' dir='ltr'>quae</span> <span class='ocrx_word' id='word_1_199' title='bbox 2087 2212 2199 2264; x_wconf 84' lang='lat' dir='ltr'>dum</span> 
     </span>
     <span class='ocr_line' id='line_1_24' title="bbox 333 2300 2201 2373; baseline -0.001 -21"><span class='ocrx_word' id='word_1_200' title='bbox 333 2312 597 2372; x_wconf 87' lang='lat' dir='ltr'>utramque</span> <span class='ocrx_word' id='word_1_201' title='bbox 637 2302 1005 2356; x_wconf 89' lang='lat' dir='ltr'>communionis</span> <span class='ocrx_word' id='word_1_202' title='bbox 1036 2313 1087 2356; x_wconf 89' lang='lat' dir='ltr'>et</span> <span class='ocrx_word' id='word_1_203' title='bbox 1112 2302 1227 2355; x_wconf 88' lang='lat' dir='ltr'>fidei</span> <span class='ocrx_word' id='word_1_204' title='bbox 1270 2301 1519 2354; x_wconf 84' lang='lat' dir='ltr'>unitatem</span> <span class='ocrx_word' id='word_1_205' title='bbox 1557 2319 1667 2354; x_wconf 89' lang='lat' dir='ltr'>cum</span> <span class='ocrx_word' id='word_1_206' title='bbox 1704 2301 1826 2373; x_wconf 90' lang='lat' dir='ltr'>ipsis</span> <span class='ocrx_word' id='word_1_207' title='bbox 1868 2300 2201 2355; x_wconf 91' lang='lat' dir='ltr'>Pontificibus</span> 
     </span>
     <span class='ocr_line' id='line_1_25' title="bbox 333 2389 2202 2463; baseline -0.001 -21"><span class='ocrx_word' id='word_1_208' title='bbox 333 2390 680 2444; x_wconf 87' lang='lat' dir='ltr'>necessariam</span> <span class='ocrx_word' id='word_1_209' title='bbox 709 2392 996 2463; x_wconf 83' lang='lat' dir='ltr'>praeferet,</span> <span class='ocrx_word' id='word_1_210' title='bbox 1037 2390 1162 2443; x_wconf 91' lang='lat' dir='ltr'>nihil</span> <span class='ocrx_word' id='word_1_211' title='bbox 1190 2409 1220 2443; x_wconf 90' lang='lat' dir='ltr'>a</span> <span class='ocrx_word' id='word_1_212' title='bbox 1247 2390 1392 2443; x_wconf 90' lang='lat' dir='ltr'>nobis</span> <span class='ocrx_word' id='word_1_213' title='bbox 1415 2407 1485 2443; x_wconf 83' lang='lat' dir='ltr'>ex</span> <span class='ocrx_word' id='word_1_214' title='bbox 1524 2389 1730 2461; x_wconf 85' lang='lat' dir='ltr'>ingenio</span> <span class='ocrx_word' id='word_1_215' title='bbox 1773 2390 2038 2444; x_wconf 84' lang='lat' dir='ltr'>confictum</span> <span class='ocrx_word' id='word_1_216' title='bbox 2067 2408 2202 2442; x_wconf 91' lang='lat' dir='ltr'>com-</span> 
     </span>
     <span class='ocr_line' id='line_1_26' title="bbox 336 2476 2199 2551; baseline -0.002 -20"><span class='ocrx_word' id='word_1_217' title='bbox 336 2479 599 2550; x_wconf 85' lang='lat' dir='ltr'>probabit:</span> <span class='ocrx_word' id='word_1_218' title='bbox 642 2477 686 2530; x_wconf 93' lang='lat' dir='ltr'>si</span> <span class='ocrx_word' id='word_1_219' title='bbox 711 2479 914 2531; x_wconf 89' lang='lat' dir='ltr'>tandem</span> <span class='ocrx_word' id='word_1_220' title='bbox 956 2483 1050 2551; x_wconf 82' lang='lat' dir='ltr'>(ne</span> <span class='ocrx_word' id='word_1_221' title='bbox 1096 2479 1212 2548; x_wconf 92' lang='lat' dir='ltr'>quid</span> <span class='ocrx_word' id='word_1_222' title='bbox 1248 2479 1312 2531; x_wconf 88' lang='lat' dir='ltr'>ad</span> <span class='ocrx_word' id='word_1_223' title='bbox 1347 2477 1652 2532; x_wconf 85' lang='lat' dir='ltr'>evidentiam</span> <span class='ocrx_word' id='word_1_224' title='bbox 1695 2478 1855 2548; x_wconf 81' lang='lat' dir='ltr'>desit)</span> <span class='ocrx_word' id='word_1_225' title='bbox 1909 2477 2073 2550; x_wconf 89' lang='lat' dir='ltr'>capite</span> <span class='ocrx_word' id='word_1_226' title='bbox 2113 2476 2199 2529; x_wconf 89' lang='grc'>14.</span> 
     </span>
     <span class='ocr_line' id='line_1_27' title="bbox 337 2565 2203 2639; baseline -0.002 -20"><span class='ocrx_word' id='word_1_227' title='bbox 337 2565 660 2620; x_wconf 87' lang='lat' dir='ltr'>concinentia</span> <span class='ocrx_word' id='word_1_228' title='bbox 689 2585 884 2637; x_wconf 88' lang='lat' dir='ltr'>quoque</span> <span class='ocrx_word' id='word_1_229' title='bbox 913 2567 1323 2622; x_wconf 84' lang='lat' dir='ltr'>adversariorum</span> <span class='ocrx_word' id='word_1_230' title='bbox 1352 2565 1647 2620; x_wconf 87' lang='lat' dir='ltr'>testimonia</span> <span class='ocrx_word' id='word_1_231' title='bbox 1676 2566 1937 2639; x_wconf 89' lang='lat' dir='ltr'>subjiciam</span> <span class='ocrx_word' id='word_1_232' title='bbox 1955 2608 1969 2632; x_wconf 92' lang='lat'>,</span> <span class='ocrx_word' id='word_1_233' title='bbox 1999 2584 2068 2619; x_wconf 85' lang='lat' dir='ltr'>ex</span> <span class='ocrx_word' id='word_1_234' title='bbox 2096 2584 2203 2635; x_wconf 80' lang='lat' dir='ltr'>qul-</span> 
     </span>
     <span class='ocr_line' id='line_1_28' title="bbox 338 2653 2203 2728; baseline -0.001 -21"><span class='ocrx_word' id='word_1_235' title='bbox 338 2656 429 2707; x_wconf 90' lang='lat' dir='ltr'>bus</span> <span class='ocrx_word' id='word_1_236' title='bbox 457 2654 553 2727; x_wconf 91' lang='lat' dir='ltr'>ipsi</span> <span class='ocrx_word' id='word_1_237' title='bbox 579 2653 799 2728; x_wconf 82' lang='lat' dir='ltr'>pariter,</span> <span class='ocrx_word' id='word_1_238' title='bbox 839 2655 883 2707; x_wconf 92' lang='lat' dir='ltr'>si</span> <span class='ocrx_word' id='word_1_239' title='bbox 911 2654 1247 2709; x_wconf 86' lang='lat' dir='ltr'>cohaerenter</span> <span class='ocrx_word' id='word_1_240' title='bbox 1284 2655 1421 2726; x_wconf 90' lang='lat' dir='ltr'>loqui</span> <span class='ocrx_word' id='word_1_241' title='bbox 1461 2655 1650 2720; x_wconf 81' lang='lat' dir='ltr'>velint,</span> <span class='ocrx_word' id='word_1_242' title='bbox 1691 2674 1785 2709; x_wconf 91' lang='lat' dir='ltr'>nec</span> <span class='ocrx_word' id='word_1_243' title='bbox 1814 2656 1874 2708; x_wconf 90' lang='lat' dir='ltr'>ad</span> <span class='ocrx_word' id='word_1_244' title='bbox 1900 2655 2080 2708; x_wconf 89' lang='lat' dir='ltr'>inanes</span> <span class='ocrx_word' id='word_1_245' title='bbox 2109 2671 2203 2706; x_wconf 85' lang='lat' dir='ltr'>ex-</span> 
     </span>
    </p>
   </div>
   <div class='ocr_carea' id='block_1_3' title="bbox 339 2742 2202 2904">
    <p class='ocr_par' dir='ltr' id='par_1_4' title="bbox 339 2742 2202 2904">
     <span class='ocr_line' id='line_1_29' title="bbox 339 2742 2202 2816; baseline -0.001 -21"><span class='ocrx_word' id='word_1_246' title='bbox 339 2742 598 2815; x_wconf 84' lang='lat' dir='ltr'>ceptiones</span> <span class='ocrx_word' id='word_1_247' title='bbox 639 2742 1121 2814; x_wconf 88' lang='lat' dir='ltr'>distinctionesque,</span> <span class='ocrx_word' id='word_1_248' title='bbox 1163 2743 1335 2797; x_wconf 88' lang='lat' dir='ltr'>itidem</span> <span class='ocrx_word' id='word_1_249' title='bbox 1390 2744 1756 2816; x_wconf 82' lang='lat' dir='ltr'>expendendas</span> <span class='ocrx_word' id='word_1_250' title='bbox 1796 2753 1846 2797; x_wconf 86' lang='lat' dir='ltr'>ct</span> <span class='ocrx_word' id='word_1_251' title='bbox 1883 2742 2202 2814; x_wconf 86' lang='lat' dir='ltr'>disjiciendas</span> 
     </span>
     <span class='ocr_line' id='line_1_30' title="bbox 342 2830 1446 2904; baseline 0 -20"><span class='ocrx_word' id='word_1_252' title='bbox 342 2832 633 2902; x_wconf 80' lang='lat' dir='ltr'>confugere,</span> <span class='ocrx_word' id='word_1_253' title='bbox 655 2832 772 2902; x_wconf 86' lang='lat' dir='ltr'>jure</span> <span class='ocrx_word' id='word_1_254' title='bbox 800 2830 1072 2884; x_wconf 88' lang='lat' dir='ltr'>dissentire</span> <span class='ocrx_word' id='word_1_255' title='bbox 1101 2850 1201 2884; x_wconf 89' lang='lat' dir='ltr'>non</span> <span class='ocrx_word' id='word_1_256' title='bbox 1230 2831 1446 2904; x_wconf 85' lang='lat' dir='ltr'>possint.</span> 
     </span>
    </p>
   </div>
  </div>
 </body>
</html>
