2314 3984
962 179 1616 239 —-—-272—-—

365 366 492 400 num
518 355 771 400 extruam
804 346 1088 414 templum,
1126 354 1187 399 et
1217 347 1495 404 Ecclesiae
1529 370 1678 404 meae
1724 352 1877 404 caelo
1925 353 2212 404 inserenda

366 436 659 489 sublimitas
697 435 754 485 in
791 434 950 506 hujus
984 436 1118 505 fidei
1149 437 1406 505 firmitate
1446 446 1745 510 consuryet.
1820 439 1982 492 Hanc
2006 444 2210 508 confes-

367 526 569 575 sionem
593 523 763 590 inferi
778 529 982 590 portae
1013 540 1124 575 non
1149 523 1414 575 tenebunt.

513 605 642 663 Cum
667 607 746 661 his
773 609 993 663 concinit
1011 609 1408 665 vetustissimum
1429 607 1888 666 Sacramentarium
1906 613 2210 679 Romanum,

369 695 499 766 quod
524 693 581 749 S.
610 693 779 749 Leoni
803 696 965 768 primo
993 697 1316 763 attributum,
1343 697 1396 750 in
1421 716 1556 754 nova
1580 697 1776 753 Leonis
1815 701 2033 756 editione
2067 722 2210 757 recu-

366 783 544 837 dimus.
595 782 654 836 In
680 783 845 856 prima
870 785 1003 839 enim
1029 786 1262 840 oratione
1294 784 1493 841 Missae
1518 784 1701 842 XVH.
1732 787 1831 842 diei
1868 787 1985 840 festi
2010 800 2213 844 sancto-

366 891 475 924 rum
489 870 636 925 Petri
662 881 714 926 et
726 869 879 925 Pauli
902 873 1025 928 haec
1050 874 1286 946 leguntur
1313 874 1443 947 (LQ.
1461 872 1628 928 Leon.
1644 893 1785 947 oper.
1806 875 2018 947 p.4·2.)=
2045 877 2215 939 Deus,

367 964 460 1031 qui
485 962 787 1014 Ecclesiam
812 969 958 1015 tuam
983 965 1040 1014 in
1067 962 1389 1033 Apostolica
1414 965 1686 1016 soliditate
1707 965 2003 1032 fundatam
2036 965 2102 1016 ab
2140 967 2215 1016 in-

361 1053 612 1118 ferorum
651 1053 793 1103 eruis
831 1057 1046 1104 terrore
1076 1059 1385 1121 portarum.
1451 1049 1521 1102 Et
1555 1049 1789 1104 similiter
1826 1051 1879 1103 in
1905 1051 2217 1123 praefatione

368 1135 564 1191 Missae
590 1135 742 1189 XXI.
770 1138 889 1191 festi
915 1139 1162 1211 ejusdem:
1201 1139 1304 1192 Tui
1329 1143 1468 1192 enim
1492 1143 1725 1192 muneris
1752 1147 1981 1208 tuaeque
2006 1143 2215 1192 virtutis

369 1233 476 1299 est,
502 1234 562 1278 ut
585 1227 834 1279 Ecclesia
860 1233 954 1279 tua
978 1231 1034 1279 in
1055 1225 1376 1296 Apostolica
1402 1229 1676 1281 soliditate
1696 1229 1951 1296 fundata,
1977 1231 2214 1296 inferna-

366 1333 486 1365 rum
510 1332 619 1364 non
645 1316 891 1364 vincatur
915 1320 1128 1365 terrore
1147 1321 1452 1381 portarum.

514 1395 804 1470 Simplicius
830 1396 978 1471 Papa
1004 1397 1152 1471 epist.
1191 1398 1245 1451 4.
1287 1399 1350 1452 ad
1385 1397 1647 1452 Zenonem
1680 1399 1970 1470 Augustum
1996 1402 2217 1455 eamdem

369 1483 564 1540 Christi
588 1486 1003 1559 promissionem,
1031 1504 1134 1539 non
1162 1485 1225 1538 ad
1250 1485 1408 1539 solius
1434 1484 1611 1553 Petri,
1639 1486 1728 1540 sed
1754 1487 1907 1540 etiam
1935 1488 1995 1541 ad
2021 1507 2219 1544 succes-

368 1593 536 1628 sorum
565 1576 671 1647 ejus
700 1573 1046 1628 Romanorum
1074 1573 1378 1628 Pontificum
1402 1574 1548 1628 fidem
1575 1575 1784 1628 extendi
1809 1585 2043 1630 testatur.
2087 1580 2219 1632 Per-

369 1671 477 1716 stat
502 1667 668 1724 enim,
693 1662 855 1733 inquit
881 1662 1033 1735 (tom.
1064 1665 1114 1715 5.
1145 1660 1343 1717 Concil.
1371 1662 1506 1718 Ven.
1536 1663 1654 1716 edit.
1686 1661 1855 1718 Coleti
1881 1666 1976 1718 col.
2005 1666 2093 1721 98.
2123 1667 2218 1740 (3.),

368 1756 424 1805 in
451 1754 847 1805 successoribus
885 1756 995 1805 suis
1034 1753 1168 1804 llaec
1209 1758 1259 1803 et
1298 1753 1484 1804 eadem
1520 1750 1872 1822 Apostolicae
1913 1774 2103 1808 norma
2129 1758 2219 1809 do-

368 1844 578 1893 ctrinae
606 1881 617 1891 .
649 1880 661 1891 .
693 1881 703 1891 .
733 1881 743 1891 .
772 1843 861 1893 cui
886 1841 1152 1892 Dominus
1180 1880 1191 1890 .
1222 1881 1232 1890 .
1262 1880 1273 1891 .
1303 1880 1314 1891 .
1342 1859 1398 1892 se
1424 1859 1590 1909 usque
1617 1843 1693 1893 ad
1708 1845 1871 1910 finem
1896 1845 2102 1895 saeculi
2126 1847 2220 1896 mi-

372 1932 510 1981 nime
549 1931 890 1997 defuturum,
927 1931 1016 1981 cui
1044 1934 1242 1998 portas
1292 1930 1463 1996 inferi
1497 1948 1783 1999 numquam
1818 1933 2220 1999 praevalituras

370 2037 483 2071 esse
503 2019 773 2086 promisit.

516 2102 824 2157 S.Gelasius
851 2103 904 2155 in
920 2100 1321 2157 Commonitorio
1349 2101 1465 2156 adF
1472 2115 1669 2158 austum
1695 2105 1844 2177 (ibid.
1871 2106 1966 2159 col.
1983 2105 2107 2160 297.
2126 2105 2220 2174 c.):

378 2192 687 2262 Coyitarztes
723 2192 928 2244 Christi
959 2211 1139 2245 vocem
1178 2211 1291 2244 esse
1327 2194 1682 2262 superfluam,
1721 2213 1858 2263 quae
1896 2198 2225 2263 confessioni

372 2280 447 2331 B.
468 2281 627 2332 Petri
635 2278 890 2350 Apostoli
914 2283 1120 2349 inferni
1139 2288 1333 2350 portas
1359 2300 1646 2351 numquam
1656 2283 2064 2350 praevalituras
2086 2299 2221 2335 asse-

371 2371 498 2420 ruit.
550 2366 686 2421 Idem
711 2366 860 2421 habet
884 2366 938 2420 in
964 2366 1113 2440 epist.
1135 2366 1172 2420 Ι.
1201 2368 1263 2420 ad
1287 2366 1637 2440 Euphemium.
1689 2367 1774 2423 Ne
1801 2380 1968 2423 autem
1993 2370 2042 2422 id
2068 2370 2222 2423 solius

373 2454 519 2508 Petri
547 2455 884 2520 confessioni,
923 2473 1015 2507 seu
1039 2455 1153 2508 fidei
1179 2474 1475 2508 concessum
1501 2457 1733 2509 credatur
1770 2457 1872 2528 legi
1909 2457 2094 2528 poterit
2120 2458 2223 2528 epi-

375 2544 504 2595 stola
533 2542 619 2594 14.
648 2541 806 2613 ipsius
835 2541 898 2593 ad
922 2540 1195 2607 Acacium,
1236 2542 1290 2595 in
1317 2561 1415 2612 qua
1439 2540 1497 2595 S.
1525 2540 1768 2609 Petrmn,
1808 2543 1890 2614 qui
1918 2543 2116 2598 Romae
2142 2564 2223 2598 re-

373 2629 616 2701 quiescit,
645 2627 910 2682 Romanae
942 2632 1060 2682 sedi
1071 2671 1086 2692 ,
1112 2629 1244 2682 idest
1270 2630 1647 2684 successoribus
1675 2632 1778 2684 suis
1805 2632 1859 2684 in
1886 2632 2059 2685 eadem
2086 2633 2222 2697 sede,

374 2718 507 2771 istud
533 2721 877 2788 praestitisse
917 2721 1186 2787 affirmat,
1223 2725 1284 2770 ut
1320 2737 1354 2770 a
1375 2721 1553 2786 portis
1592 2721 1763 2788 inferi
1797 2739 2083 2790 numquam
2111 2741 2222 2790 pro

375 2807 600 2859 Domini
618 2807 980 2875 promissione
1016 2808 1278 2858 vincatur.

522 2891 580 2946 In
618 2891 854 2946 Romano
891 2890 1090 2946 Diurno
1127 2891 1266 2965 (cap.
1306 2894 1357 2947 2.
1396 2894 1476 2947 tit.
1519 2893 1601 2967 1.)
1624 2935 1638 2960 ,
1678 2913 1823 2965 quem
1849 2893 1913 2947 P.
1943 2892 2222 2948 Garnerius

378 2981 547 3048 edidit,
574 2982 830 3054 profertur
852 2990 997 3035 vetus
1022 2981 1237 3034 formula
1259 2981 1541 3035 litterarum
1564 2981 1786 3034 Romani
1800 2979 1941 3035 Cleri
1967 2983 2029 3034 ad
2050 2980 2224 3035 Exar-

379 3071 522 3125 chum
548 3071 608 3123 de
634 3078 799 3122 morte
824 3067 1090 3122 Pontificis
1106 3108 1119 3134 ,
1158 3068 1211 3121 in
1239 3087 1336 3139 qua
1361 3069 1420 3122 de
1459 3066 1695 3120 Romana
1718 3066 1953 3122 Ecclesia
1979 3071 2222 3136 scribunt,

380 3178 436 3213 se
466 3157 758 3229 confugisse
785 3157 846 3210 ad
873 3154 1150 3222 Christum,
1176 3166 1232 3208 ut
1255 3156 1364 3228 ipse
1391 3155 1625 3226 dignetur
1650 3155 1770 3209 dare
1795 3155 1867 3208 illi
1893 3166 2161 3223 rectorem,
2189 3179 2221 3210 a

382 3269 485 3318 quo
508 3249 747 3317 fundata
783 3253 888 3307 est,
929 3249 1022 3316 qui
1058 3248 1218 3298 etiam
1255 3251 1335 3296 est
1359 3245 1641 3313 pollicitus
1679 3265 1786 3297 non
1822 3247 1872 3298 ei
1898 3247 2221 3313 praevalere

376 3343 571 3405 portas
597 3337 778 3404 inferi.
809 3379 814 3385 .
1372 3366 1376 3370 -

531 3421 822 3476 Concordat
841 3421 974 3474 inter
995 3418 1220 3475 Graecos
1234 3417 1423 3473 Patres
1438 3418 1495 3473 S.
1517 3419 1818 3473 Theodorus
1837 3417 2036 3473 Studita
2063 3419 2146 3471 lib.
2170 3421 2221 3473 2.

386 3512 532 3584 epist.
574 3509 663 3564 63.
713 3510 772 3562 ad
806 3507 1168 3575 Neucratium‚
1206 3507 1288 3562 ubi
1329 3508 1634 3563 mentionem
1669 3508 1860 3563 faciens
1898 3507 2223 3580 Apostolicae
