2314 3984
718 322 885 334 2-—
975 270 1095 348 isi
1194 320 1362 330 ---

129 472 181 518 et
203 463 325 515 buic-
340 459 518 532 Cyn-ini
542 458 768 530 epistola,
799 476 944 527 quam
968 455 1286 511 Caelestinus
1310 453 1596 527 plenissime
1619 447 1941 524 ‘'probaverat‘,

127 548 257 601 i'dem
279 544 511 618 ssyr-illus
545 544 686 616 petiit
722 562 751 596 a
784 543 973 615 synodi
999 541 1261 606 Patribus5
1311 548 1371 593 ut
1407 545 1943 608 exponerent‘g‘re‘cte

130 631 270 686 nect
293 633 559 700 inculpate
586 639 872 700 sanctoque
900 626 1293 697 iHl·(Nieaeno)
1320 626 1552 691 concilio
1575 619 1942 677 conuenienter

131 721 447 786 scripserim,
472 716 648 785 inquit,
677 735 744 768 an
772 732 948 767 secus.-
967 711 1073 764 'no'n
1094 709 1140 762 id
1167 710 1307 782 petiit
1333 710 1475 780 quasi
1500 703 1673 776 dubius
1699 710 1760 762 de
1785 718 1942 782 expo·

130 802 280 855 sita²a
306 820 359 854 se
387 802 506 866 lide,
551 811 601 853 et
627 802 685 853 de
712 792 1084 853 confirmatione
1109 797 1241 848 facta
1269 813 1298 848 a
1324 794 1613 849 Caelestino
1651 789 1782 866 (jam
1811 795 1942 847 enim

132 898 278 939 aulea
303 889 554 958 professus
584 888 768 938 fuerat:
802 885 1124 936 Persuasum
1160 883 1355 942 habeo,
1394 883 1532 934 ηἰΙιίἰ
1567 900 1644 932 me
1670 882 1737 932 ab
1764 878 1944 932 ortho—

49 1010 53 1014 -
130 978 276 1025 doxa
299 976 404 1043 fide
430 980 524 1024 atet
547 972 779 1042 symbolo
805 968 1045 1019 Nicaeam
1084 967 1435 1030 discessisse)‚·
1463 967 1548 1018 sed
1574 965 1756 1018 idcirco
1783 964 1940 1036 petiit,

131 1059 240 1127 quia
268 1058 325 1110 ad
353 1056 712 1110 convincendos
738 1049 1056 1106 aduersarios
1083 1052 1382 1120 expediebat
1407 1051 1479 1103 ita
1513 1055 1725 1119 rogare,
1764 1060 1817 1102 ut
1844 1069 1942 1102 non

129 1161 196 1196 ex
221 1141 517 1214 praejudicio
542 1139 704 1208 aliquo
721 1179 733 1203 ,
760 1137 856 1190 -sed
892 1153 960 1188 ex
998 1135 1172 1186 intima
1206 1137 1281 1190 rei
1319 1155 1376 1190 ac
1402 1135 1633 1189 veritatis
1661 1135 1944 1205 cognitione

121 1227 349 1299 judicium
388 1228 619 1279 serretur.
678 1223 753 1276 Ita
778 1239 972 1292 quoque
1010 1219 1083 1272 illi
1109 1219 1380 1292 Theologi⁷
1414 1222 1496 1291 qui
1537 1219 1827 1274 canonicum
1857 1219 1944 1272 ali-

129 1331 268 1383 quem
294 1312 469 1364 librum
497 1310 556 1362 ab
582 1308 905 1362 heterodoxis
932 1326 959 1359 e
987 1325 1240 1359 sacrorum
1269 1307 1377 1358 albo
1405 1317 1704 1377 expunctum
1734 1307 1792 1358 ad
1819 1323 1945 1358 exa-

127 1417 238 1451 men
264 1407 462 1461 vocant,
487 1405 541 1447 ut
567 1395 817 1448 decretum
846 1391 1214 1455 Tridentinum,
1243 1411 1336 1460 quo
1367 1391 1523 1443 sacris
1550 1391 1688 1442 libris
1718 1409 1944 1443 accense-

130 1494 232 1546 tur,
271 1482 542 1543 vindicent,
591 1478 940 1550 praescindunt
978 1496 1006 1528 a
1045 1476 1330 1529 Tridentini
1370 1476 1693 1539 auctoritate,
1737 1476 1943 1545 aliisque

130 1567 432 1621 documentis
456 1573 679 1628 utuntur,
705 1573 758 1614 ut
785 1581 846 1614 ne
873 1572 1038 1614 tamen
1065 1562 1245 1615 idcirco
1273 1562 1472 1614 decreto
1501 1561 1799 1614 Tridentino
1827 1580 1943 1614 coa-

129 1653 306 1705 ctivam
332 1653 429 1704 vim
456 1667 546 1721 per
571 1667 625 1701 se
650 1648 823 1701 deesse
856 1648 1176 1699 arbitrentur.
1228 1646 1365 1700 Nihil
1404 1647 1570 1717 itaque
1609 1666 1789 1701 novum
1817 1665 1943 1700 exa—

128 1755 238 1789 men
264 1746 375 1808 post
390 1733 652 1786 Pontificia
679 1734 879 1784 decreta
904 1733 963 1783 ad
990 1733 1252 1802 generales
1267 1734 1487 1802 synodos
1500 1734 1730 1796 delatum,
1747 1751 1943 1785 eorum-

127 1823 231 1874 dem
276 1822 583 1872 decretorum
623 1837 680 1870 ac
716 1817 1051 1869 definitionum
1093 1817 1382 1870 auctoritati
1419 1818 1660 1870 detrahit:
1695 1818 1821 1886 quod
1849 1835 1943 1868 ex-

127 1905 364 1975 ploratius
388 1904 574 1975 patebit
587 1921 655 1954 ex
676 1902 754 1966 iis,
784 1920 908 1970 quae
926 1903 1058 1955 circa
1079 1903 1322 1955 haeresim
1342 1902 1639 1974 Eutychetis
1663 1921 1689 1952 a
1714 1901 1887 1954 Leone
1902 1902 1939 1954 Ι.

127 1991 434 2053 damnatam,
471 1999 521 2041 et
553 1988 605 2038 in
640 1985 1034 2039 Calchedonensi
1069 1988 1291 2058 generali
1329 1988 1533 2039 coneilio
1561 2007 1690 2040 novo
1720 1989 1941 2039 examini

128 2076 392 2143 subjectam
420 2074 688 2125 afferentur
715 2072 844 2122 infra
870 2090 1003 2123 num.
1030 2073 1117 2125 68.
1147 2083 1197 2125 et
1225 2092 1362 2141 seqq.

270 2158 357 2210 61.
411 2157 668 2208 Unitatem
696 2156 1051 2207 communionis
1079 2175 1186 2208 cum
1213 2156 1503 2226 Apostolica
1531 2160 1647 2211 sede
1673 2159 1798 2209 tanti
1829 2159 1943 2210 fecit.

130 2244 441 2297 Caelestinus
462 2241 617 2312 Papa,
644 2251 698 2291 ut
723 2241 803 2304 iis,
832 2241 912 2309 qui
939 2259 999 2293 ea
1025 2238 1325 2306 fruerentur,
1348 2241 1465 2292 nibil
1490 2243 1802 2294 metuendum
1831 2261 1943 2295 esse

129 2328 479 2391 affirmaverit⁷
520 2327 561 2378 si
604 2345 631 2377 a
669 2325 896 2378 Nestorii
933 2323 1474 2397 Constantinopolitani
1512 2328 1853 2380 communione
1889 2347 1942 2379 se

128 2415 351 2467 viderent
376 2412 645 2484 praecisos,
673 2416 894 2464 scientes
916 2413 1058 2463 abeo
1087 2417 1581 2473 excommunicatos,
1609 2417 1693 2466 vel
1711 2417 1941 2484 defectos

129 2505 179 2551 in
196 2499 534 2568 Apostolicae
561 2499 701 2549 sedis
723 2517 1041 2566 permanere
1061 2503 1419 2550 cmmnunioue
1436 2498 1690 2568 (Liberat.
1706 2497 1937 2550 Breviar.

129 2604 170 2635 c.
189 2585 290 2655 5.),
317 2594 370 2636 ut
389 2601 458 2636 ex
484 2583 698 2651 ejusdem
721 2581 979 2635 Pontificis
1006 2583 1184 2635 litteris
1205 2583 1475 2636 Liberatus
1502 2584 1685 2635 diserte
1712 2583 1939 2652 prodidit.

130 2668 258 2720 Vide
283 2669 437 2737 ipsius
464 2666 722 2718 pontificis
750 2668 893 2737 epist.
924 2668 1008 2719 ll.
1038 2669 1155 2720 n.3.
1186 2670 1330 2738 epist.
1350 2670 1434 2719 12.
1464 2687 1512 2719 n.
1530 2670 1580 2719 9.
1610 2678 1660 2720 et
1687 2668 1830 2737 epist.
1851 2669 1936 2719 14.

132 2772 180 2803 n.
211 2753 260 2804 7.
304 2751 532 2803 editionis
572 2750 634 2802 P.
664 2751 966 2804 Constantii.
1020 2752 1208 2806 Confer
1243 2753 1390 2804 etiam
1419 2772 1546 2820 quae
1571 2754 1621 2803 in
1650 2752 1853 2803 similem
1882 2751 1939 2804 S.

131 2837 399 2905 Augustini
442 2835 737 2886 sententiam
789 2847 962 2888 contra
1001 2836 1296 2888 Donatistas
1344 2837 1525 2886 editam
1569 2836 1940 2888 observavimus

131 2940 278 2991 supra
303 2940 434 2973 num.
461 2919 550 2971 40.

268 3002 355 3054 62.
408 3002 602 3055 Auctor
637 3006 1002 3073 Capitulorum
1028 3006 1094 3056 de.
1116 3009 1299 3072 qratia
1318 3006 1590 3072 Dei,'quae
1617 3005 1939 3074 subjiciuntur

133 3086 402 3139 Caelestini
425 3089 661 3158 epistolae
677 3091 735 3140 ad
750 3089 1019 3143 Venerium
1044 3100 1332 3158 ceterosque
1348 3088 1633 3142 Gallicanos
1646 3088 1689 3140 E
1695 3090 1940 3160 piscopos,

135 3171 419 3240 quicumque
445 3173 524 3225 ille
551 3174 631 3237 sit,
661 3175 765 3226 sive
791 3175 916 3227 idem
943 3173 1260 3227 Caelestinus
1293 3174 1447 3244 Papa,
1477 3175 1582 3226 sive
1610 3172 1665 3225 S.
1695 3173 1804 3226 Leo
1828 3174 1942 3226 Ma-

133 3273 278 3323 gnus,
315 3256 420 3307 sive
447 3258 664 3327 (quod*)
699 3261 997 3329 probabilius
1025 3261 1296 3328 credimus)
1336 3258 1391 3309 S.
1431 3259 1683 3330 Prosper.
1720 3259 1790 3310 ita
1830 3278 1942 3312 sen-

374 3370 529 3387 -ι-...,,
541 3385 583 3388 ,ι
598 3384 640 3390 „-

248 3474 288 3520 ·)
321 3463 431 3523 Lege
487 3478 647 3512 nostras
699 3475 1011 3518 observationes
1059 3480 1097 3516 iu
1147 3478 1475 3516 dissertationem
1519 3479 1686 3517 tertiam
1735 3479 1943 3520 Quesnelli

137 3533 246 3567 tomo
279 3530 323 3568 2.
355 3535 521 3570 nostrae
556 3532 734 3573 Venetae
766 3533 959 3575 editionis
990 3548 1154 3587 operum
1186 3538 1229 3575 S.
1263 3536 1417 3575 Leonis
1446 3537 1524 3575 col.
1559 3537 1658 3576 722.
1701 3540 1741 3574 et
1774 3548 1884 3586 seqq.
