2314 3984
322 341 431 375 non
457 326 764 394 sufficiunt,
784 323 856 382 ii,
880 327 942 372 ut
964 336 1021 372 se
1040 335 1104 371 >se
1128 321 1188 382 in,
1214 323 1418 374 minuta
1444 329 1604 392 atque
1630 323 1836 392 oppido
1864 321 2102 374 absurda
2130 326 2182 371 et

317 413 471 480 falsa
496 411 819 483 conjiciant,
858 425 968 460 mm
995 404 1332 468 ratiociniis,
1370 410 1600 481 sedjam
1638 411 2025 480 experimentis
2051 408 2181 459 vicli-

323 518 466 551 mus:
492 497 622 550 idest
647 495 710 550 iis
738 494 917 561 factis,
945 491 1306 564 erroribusque
1333 495 1657 565 quorumdam
1683 495 2016 563 Pontificum,
2055 512 2181 566 quos

325 583 593 637 identidem
621 592 673 636 et
697 582 896 646 ibidem,
922 592 975 636 et
1002 581 1116 636 aliis
1142 581 1364 654 ejusdem
1390 581 1507 635 libri
1533 582 1780 656 capitibus
1806 585 2042 658 ingessit,
2070 581 2184 636 aliis

325 681 494 726 autem
518 671 572 724 in
597 671 741 724 libris
769 669 959 725 studuit
984 670 1143 724 fusius
1170 670 1540 724 demonstrare.
1576 669 1719 726 Haec
1737 673 1928 728 scilicet
1953 690 2184 726 errorum

323 762 484 827 facta,
529 760 604 813 ita
642 769 785 813 certa
822 768 874 813 et
913 758 1165 813 evidentia
1204 758 1442 826 credidit,
1489 769 1545 812 ut
1579 760 1902 825 testimonia,
1949 779 2078 830 quae
2114 776 2184 812 ex

327 846 524 903 Christi
549 847 817 921 promissis
846 866 904 901 ac
924 847 1197 900 traditione
1217 846 1551 902 inerrantium
1572 857 1624 902 et
1641 847 2050 902 infallibilitatem
2070 845 2185 899 fidei

329 936 597 991 Romanae
637 936 800 1003 sediS,
843 945 895 990 et
921 934 1268 989 Romanorum
1298 934 1603 989 Pontificum
1641 934 1925 1007 generatim
1962 952 2185 1007 pronun-

326 1026 484 1092 tiant,
514 1024 735 1096 aliquam
760 1023 1235 1096 interpretationem
1263 1024 1542 1095 requirant.
1581 1022 1634 1076 N
1639 1025 1835 1077 oleham
1861 1023 1915 1076 in
1941 1022 2071 1076 hanc
2097 1041 2187 1077 va-

329 1115 604 1168 stissimam
631 1114 811 1168 silvam
848 1111 1076 1184 ingredi,
1117 1131 1244 1184 quae
1270 1113 1440 1166 multis
1476 1111 1595 1166 facti
1620 1111 1998 1182 quaestionibus
2025 1111 2188 1183 impli-

328 1214 443 1258 cata
469 1213 520 1257 et
546 1203 800 1266 involuta,
836 1201 1039 1272 longam
1075 1201 1436 1271 molestamque
1464 1200 1851 1273 disputationem
1887 1200 2185 1272 postularet.

328 1291 403 1343 At
430 1290 652 1363 cogitavi
676 1306 828 1361 posse
855 1287 1089 1340 sufficere
1105 1327 1120 1352 ,
1156 1287 1200 1339 si
1223 1287 1453 1358 potiora,
1493 1298 1544 1340 et
1571 1306 1698 1358 quae
1735 1287 2051 1341 evidentiora
2077 1306 2187 1340 cre-

329 1379 528 1444 duntur,
555 1379 692 1430 facta
718 1392 790 1428 ex
815 1374 1073 1445 proposito
1098 1373 1456 1426 discutiantur:
1486 1373 1664 1445 quibus
1691 1375 1735 1427 si
1754 1375 2017 1446 perspicue
2037 1375 2188 1426 satis-

328 1468 514 1520 factum
541 1465 664 1530 erit,
692 1464 752 1517 de
780 1462 964 1516 ceteris
991 1461 1431 1528 imbecillioribuS,
1461 1462 1577 1532 quid
1603 1462 1672 1515 sit
1699 1461 2014 1516 sentiendum
2030 1501 2043 1527 ,
2070 1480 2190 1534 pau-

329 1553 550 1607 cioribus
577 1550 903 1624 expedietur,
933 1568 1043 1602 cum
1070 1550 1374 1622 praesertim
1402 1551 1646 1622 quaedam
1673 1551 1766 1604 hac
1791 1550 1844 1602 in
1871 1569 1927 1603 rc
1953 1549 2190 1603 notiones

330 1661 388 1695 ac
415 1639 662 1714 principia
699 1638 801 1692 sint
836 1638 1231 1711 praemittenda,
1273 1658 1343 1692 cx
1370 1639 1548 1710 quihus
1588 1638 1796 1710 quisque
1836 1657 1926 1711 per
1964 1656 2019 1692 se
2047 1657 2102 1691 se
2130 1639 2189 1691 dc

330 1727 709 1802 quamplurimis
739 1727 878 1793 aliis,
919 1727 1002 1797 qui
1029 1737 1378 1800 opponuntur,
1415 1728 1497 1782 vel
1523 1728 1708 1800 opponi
1734 1737 1973 1800 possunt,
2002 1726 2192 1781 errori-

329 1821 422 1872 bus
448 1816 594 1871 facile
615 1815 858 1889 judicium
882 1816 1044 1880 ferat,
1081 1825 1136 1867 ut
1162 1834 1226 1869 ne
1252 1816 1304 1868 in
1333 1815 1544 1887 singulis
1572 1816 1858 1888 rejiciendis
1884 1826 2081 1887 tempus
2108 1834 2191 1866 su-

331 1908 519 1980 perflue
547 1916 598 1959 et
623 1902 845 1958 inaniter
873 1913 1212 1956 conteramus,

479 1996 567 2048 22.
608 1993 899 2062 Antequam
936 1991 1093 2063 igitur
1134 1992 1196 2045 ad
1234 1993 1459 2063 objectos
1498 2010 1703 2044 errores
1743 1992 1954 2055 accedO,
1995 2009 2058 2043 ne
2095 2009 2191 2060 qua

334 2083 560 2138 confusio
597 2083 815 2135 lectores
851 2079 1117 2151 impediat,
1166 2080 1522 2152 explicandum
1559 2090 1666 2146 est,
1720 2098 1967 2150 quaenam
2006 2079 2071 2131 sit
2106 2078 2194 2130 illa

335 2171 605 2226 Romanae
633 2168 797 2233 sediS,
836 2186 928 2221 seu
956 2166 1306 2221 Romanorum
1341 2166 1646 2222 Pontificum
1673 2169 1823 2233 fides,
1864 2186 1991 2238 quae
2019 2185 2192 2220 omnes

334 2260 550 2331 undique
576 2258 746 2311 fideles
774 2255 912 2326 cogit
941 2257 1002 2308 ad
1028 2257 1301 2324 unitatem,
1343 2276 1568 2328 quaeque
1607 2258 1668 2310 ob
1708 2258 1837 2310 hanc
1875 2256 1976 2311 vim
2005 2254 2192 2308 coacti-

336 2368 450 2405 vam
477 2366 547 2401 ex
573 2343 838 2419 promissis
867 2341 1062 2399 Christi
1090 2365 1203 2399 esse
1231 2346 1378 2399 debet
1417 2345 1478 2398 ab
1508 2364 1685 2399 errore
1720 2344 1974 2398 immunis.
2026 2343 2080 2396 Id
2106 2363 2193 2396 au-

334 2448 437 2490 tem
464 2454 566 2488 non
594 2435 808 2501 obscure
834 2432 1175 2504 intelligetur,
1214 2434 1258 2486 si
1282 2434 1647 2505 perpendatur,
1688 2453 1935 2503 quaenam
1972 2433 2024 2484 in
2050 2431 2195 2485 insti-

336 2523 531 2575 tutione
557 2520 802 2592 primatus
838 2519 993 2571 fuerit
1021 2539 1081 2572 ea
1107 2518 1163 2572 S.
1193 2519 1340 2573 Petri
1366 2521 1487 2573 fides
1504 2561 1517 2586 ,
1560 2531 1739 2574 contra
1766 2540 1914 2592 quam
1955 2540 2018 2574 ne
2045 2519 2193 2573 inseri

337 2619 516 2684 portae
541 2606 926 2680 praevalerent,
968 2604 1206 2661 Christus
1233 2608 1491 2681 promisit,
1532 2619 1582 2662 et
1608 2628 1701 2681 pro
1729 2628 1828 2679 qua
1853 2608 1983 2662 idem
2011 2608 2193 2673 oravit,

338 2717 403 2752 ne
429 2697 693 2760 deficeret,
731 2704 1025 2765 utrumque,
1062 2706 1119 2747 ut
1142 2695 1387 2762 vidimus,
1440 2697 1501 2749 ob
1536 2697 1851 2750 formandam
1887 2715 2196 2753 conservan-

338 2787 551 2857 damque
576 2784 630 2836 in
656 2780 889 2836 Ecclesia
915 2782 1030 2836 fidei
1054 2783 1298 2837 unitatem
1317 2824 1331 2850 ,
1373 2787 1512 2857 cujus
1539 2786 1705 2857 gratia
1731 2784 1880 2839 Petri
1919 2796 1969 2839 et
1995 2804 2196 2839 succes-

341 2892 513 2928 sorum
540 2871 646 2942 ejus
671 2869 919 2943 primatus
946 2871 1040 2924 fuit
1065 2871 1344 2925 institutus.
1399 2870 1456 2926 S.
1485 2872 1634 2928 Petri
1659 2874 1780 2927 fides
1797 2914 1811 2940 ,
1840 2883 2021 2928 contra
2047 2891 2193 2943 quam

341 2982 404 3016 ne
438 2959 796 3035 praevalerent
829 2958 1107 3012 inferorum
1141 2956 1350 3032 portae,
1390 2959 1627 3015 Christus
1663 2961 1922 3034 promisit,
1958 2959 2052 3012 fuit
2089 2960 2192 3025 illa,

342 3069 440 3122 qua
471 3049 606 3102 inter
645 3046 876 3101 diversas
913 3046 1206 3120 opinioneS,
1252 3067 1342 3102 seu
1377 3049 1544 3121 potius
1591 3065 1795 3102 errores
1842 3047 2096 3101 hominum
2135 3049 2194 3101 de

343 3136 551 3194 Christo
567 3177 582 3203 ,
616 3134 730 3189 aliis
756 3134 1035 3189 dicentibus
1060 3135 1221 3208 ipsum
1247 3154 1363 3190 esse
1387 3134 1578 3202 Eliam,
1620 3135 1732 3189 aliis
1758 3134 2069 3190 Hieremiam
2097 3145 2193 3190 etc.

345 3223 402 3279 S.
431 3225 622 3280 Petrus
658 3241 834 3277 veram
871 3223 1179 3277 sententiam
1202 3221 1315 3278 Deo
1354 3225 1616 3279 revelante
1643 3225 1848 3278 edoctus
1865 3265 1879 3290 ‚
1919 3224 2078 3278 dixit:
2117 3224 2196 3276 Tu

346 3333 401 3367 es
437 3315 679 3367 Christus
718 3312 893 3366 Filius
928 3313 1041 3365 Dei
1075 3317 1201 3367 vivi:
1248 3331 1396 3383 quam
1435 3312 1631 3384 quidem
1670 3312 1815 3366 fidem
1853 3311 2196 3365 continentem

347 3420 546 3455 omnem
571 3399 854 3454 doctrinam
879 3418 913 3452 a
928 3396 1137 3455 Christo
1156 3401 1410 3467 traditam,
1438 3402 1567 3455 idem
1588 3398 1778 3453 Petrus
1804 3399 1856 3452 in
1884 3399 2194 3453 aedificanda

345 3488 605 3554 Ecclesia,
643 3487 942 3560 praesertim
969 3488 1233 3556 Romana,
1274 3499 1385 3544 erat
1419 3488 1827 3562 praedicaturuS,
1867 3487 2044 3559 cuique
2070 3496 2197 3541 tam-
