2320 3990
317 328 477 414 'quod
501 339 761 399 Christum
786 341 887 396 Dei
910 341 1015 398 vivi
1038 341 1194 396 filium
1219 359 1337 397 esse
1356 345 1624 398 confessus
1651 354 1758 412 est,
1785 344 1932 416 idque
1959 348 2188 399 vicissim

329 434 529 494 audiit,
579 429 744 504 Super
779 431 908 485 hauc
949 430 1143 484 solidae
1190 429 1306 484 fidei
1352 440 1549 503 petram
1571 418 1868 487 ‘aedificabo
1906 430 2190 487 Ecclesiam

324 537 503 573 meam.
1527 537 1531 541 ·

477 606 565 660 11.
606 606 702 661 His
731 608 936 662 accedat
963 604 1384 681 S.Augustinus‚
1413 607 1495 679 qui
1519 608 1740 665 tract.7.
1767 610 1820 663 in
1845 608 1997 665 Joan.
2027 628 2079 662 11.
2097 610 2185 664 ⁶20.

326 695 386 748 de
415 691 623 750 Christo
651 695 721 749 ait
749 694 848 767 (T.
877 695 930 750 3.
958 707 1092 769 part.
1122 696 1239 770 2.):
1267 698 1582 750 Nominavit
1602 703 1838 766 petram,
1865 706 1919 751 et
1943 701 2190 752 laudavit

322 787 715 854 firmamentum
742 785 1025 838 Ecclesiae
1061 788 1117 838 iu
1145 788 1249 838 ista
1271 788 1381 856 fi'cle
1399 825 1412 851 ,
1451 803 1599 855 quam
1638 783 1832 839 scilicet
1856 783 2045 841 Petrus
2071 806 2190 860 pro-

326 872 492 924 fessus
518 873 711 938 fuerat,
738 881 792 924 ut
823 872 877 925 in
907 871 1319 926 antecedentibus
1346 873 1569 927 dixerat.
1617 871 1864 945 Apertius
1898 874 1951 927 in
1987 893 2064 948 ps.
2093 875 2184 929 69.

325 977 376 1011 n.
399 959 452 1012 4.
484 957 583 1032 (T.
600 960 652 1015 4.
683 961 778 1014 col.
795 960 981 1032 7140:
1013 962 1230 1023 Petrm,
1258 964 1353 1032 qui
1368 963 1543 1032 paulo
1572 969 1696 1014 aute
1724 981 1837 1014 eum
1867 957 2188 1033 (Christum)

327 1053 609 1119 confessus
649 1057 770 1103 erat
797 1051 969 1121 filium
999 1051 1136 1113 Dei,
1177 1058 1229 1103 et
1264 1053 1320 1103 in
1357 1052 1458 1104 illa
1496 1053 1839 1120 confessione
1880 1052 2190 1120 appellatus

328 1144 449 1190 erat
467 1145 660 1207 petra,
688 1158 859 1208 supra
887 1159 1045 1210 quam
1066 1141 1442 1209 fabricaretur
1471 1140 1750 1200 Ecclesia,
1778 1147 1874 1191 etc.

477 1226 564 1279 1⁶2.
606 1225 663 1279 S.
702 1225 932 1281 Joannes
970 1225 1374 1300 Chrysostomus
1425 1226 1557 1278 hom.
1596 1226 1669 1278 54
1729 1226 1794 1278 al.
1835 1226 1924 1280 55.
1963 1226 2015 1280 in
2053 1226 2192 1279 Mat-

325 1313 528 1366 thaeum
564 1333 615 1365 n.
646 1315 696 1368 Ξ.
729 1314 827 1387 (Τ.
860 1316 942 1386 7.)
962 1308 984 1364 τ’
1035 1318 1214 1385 Super
1251 1317 1394 1368 Ιιαηο
1419 1322 1640 1384 petram
1667 1317 1966 1385 aedificabo
2006 1317 2190 1369 Eccle-

326 1404 462 1453 siam
489 1421 685 1465 meam,
726 1405 867 1456 idest
899 1423 1064 1473 super
1097 1405 1232 1475 fidei
1267 1405 1680 1471 confessionem.
1735 1398 1806 1452 Et
1843 1403 2093 1457 hon1.8‘2.
2125 1405 2189 1456 al.

324 1488 414 1543 83.
446 1489 497 1541 in
526 1490 1083 1545 eumdemMatthaeum
1111 1510 1162 1544 n.
1179 1491 1230 1546 3.
1250 1488 1417 1563 (lb.):
1452 1491 1632 1559 Super
1660 1493 2053 1559 confessionem
2081 1498 2192 1564 ejus

328 1575 555 1651 (Petri)
597 1581 900 1635 Ecclesiam
938 1586 1015 1635 ita
1046 1583 1308 1651 fundavit
1350 1587 1402 1633 et
1433 1583 1684 1640 munivit,
1721 1588 1818 1633 etc.
1899 1576 2101 1631 Rursus
2140 1578 2192 1631 in

327 1686 436 1739 cap.
470 1669 519 1720 l.
551 1669 697 1741 epist.
729 1670 787 1722 ad
817 1668 1032 1722 Galatas
1072 1668 1256 1741 (Tom.
1282 1667 1430 1736 10.):
1464 1669 1651 1738 Itaque
1677 1687 1794 1720 cum
1825 1668 1994 1719 Petro
2023 1669 2191 1719 dimis-

328 1763 432 1817 set,
459 1755 654 1810 Beatus
682 1776 737 1811 es
766 1756 942 1811 Simon
970 1756 1218 1822 Bariona,
1239 1760 1687 1828 promis-issetque
1709 1761 1980 1827 futurum,
2007 1763 2068 1807 ut
2093 1757 2191 1808 Ec-

327 1846 494 1897 clesia
541 1847 901 1915 fundamenta
952 1865 1117 1916 super
1169 1847 1318 1898 illius
1371 1849 1766 1916 confessionem
1801 1851 2047 1919 jaceret,
2094 1854 2189 1898 etc.

328 1931 461 1986 Hinc
502 1933 707 1988 homilia
744 1936 833 1988 De
873 1937 1117 1988 debitore
1153 1937 1335 1987 decem
1372 1936 1595 1987 millium
1626 1936 1953 1987 talentorum
1981 1930 2191 1985 Petrum

326 2031 477 2075 vocat
506 2021 605 2095 (T.
635 2022 719 2092 3.)
744 2028 1138 2095 firmamentum
1173 2025 1332 2095 fidei,
1370 2026 1729 2092 confessionis
1763 2024 2193 2092 fundamentum,

328 2119 378 2161 et
405 2109 537 2162 hom.
570 2121 752 2165 contra
780 2112 921 2165 ludos
951 2110 1050 2184 (T.
1080 2109 1164 2181 6.)
1199 2112 1424 2163 Petrum
1444 2114 1857 2180 fundameutmn
1884 2112 2031 2180 fi'clei.

479 2197 565 2251 13.
608 2196 884 2271 Suhjiciam
922 2208 1179 2252 auctorem
1221 2197 1472 2252 sermonis
1503 2198 1553 2250 1.
1590 2197 1643 2250 in
1680 2196 2025 2251 Pentecosten
2061 2197 2195 2250 inter

328 2284 688 2358 Chrysostomi
731 2306 887 2360 opera
915 2287 1013 2360 (T.
1044 2286 1159 2360 3.):
1208 2289 1387 2358 Super
1424 2289 1566 2340 hanc
1592 2293 1827 2355 petram.
1886 2286 2009 2337 Non
2051 2288 2196 2338 dia-it

326 2394 490 2443 super
522 2376 777 2438 Petrum,-
817 2397 988 2448 ueque
1030 2380 1168 2429 enim
1195 2395 1359 2446 super
1397 2376 1688 2436 homiuem,
1724 2377 1822 2427 sed
1845 2395 2009 2445 super
2032 2377 2193 2445 fidem

328 2469 440 2534 ejus
469 2462 673 2535 (Petri)
703 2468 1028 2536 aedificavit.
1084 2462 1260 2517 Fidem
1302 2473 1469 2517 autem
1496 2460 1642 2514 Petri
1670 2461 1754 2532 qui
1780 2461 1926 2527 dicit,
1969 2480 2070 2514 non
2100 2481 2194 2515 ex-

331 2550 482 2602 cludit
509 2549 721 2604 Petrum
739 2593 752 2618 ,
782 2553 869 2606 sed
896 2552 944 2605 id
972 2552 1141 2626 ponit,
1181 2552 1310 2623 quod
1337 2551 1389 2604 in
1417 2549 1576 2604 Petro
1605 2549 1913 2603 fundamenti
1942 2549 2192 2603 rationem

331 2638 583 2705 continet,
626 2659 804 2713 nempe
832 2641 975 2695 fidem
1003 2642 1140 2714 ejus,
1179 2659 1269 2694 seu
1295 2640 1439 2693 fidem
1469 2640 1530 2691 ab
1559 2657 1619 2691 eo
1639 2637 2013 2711 praedicatam7
2044 2657 2194 2710 super

331 2747 480 2798 quam
491 2725 727 2782 Ecclesia
756 2729 1019 2783 aedificata
1045 2749 1168 2784 vere
1195 2728 1304 2795 suit,
1335 2729 1574 2800 cujusque
1600 2725 1771 2798 gratia
1782 2724 1970 2780 Petrus
1993 2725 2192 2798 (RS.)

326 2819 460 2887 fidei
479 2825 674 2886 petra,
704 2825 756 2870 et
779 2825 962 2870 rectae
984 2821 1119 2889 fidei
1138 2819 1552 2888 fundamentum
1581 2815 1862 2888 appellatur
1890 2816 1951 2868 ab
1981 2815 2079 2868 alio
2109 2833 2195 2867 au-

331 2915 472 2958 ctore
510 2905 761 2959 sermonis
800 2905 996 2979 septimi
1038 2906 1098 2959 de
1134 2905 1396 2978 Martyrio
1425 2902 1524 2958 SS.
1566 2903 1932 2975 Apostolorum
1970 2901 2117 2955 Petri
2146 2912 2192 2955 et

333 2992 512 3058 Pauli,
555 2993 636 3063 qui
672 2993 724 3045 iu
761 2994 981 3066 ejusdem
1021 2991 1385 3064 Chrysostomi
1434 2991 1672 3063 operibus
1722 2991 1924 3061 legitur.
1988 2988 2194 3044 Similes

330 3081 574 3134 formulae
602 3082 729 3153 apud
757 3082 886 3134 alios
915 3082 1208 3152 frequenter
1235 3088 1526 3133 occurrunt.
1566 3076 1623 3131 S.
1652 3077 1765 3131 Leo
1793 3077 1940 3150 epist.
1974 3078 2096 3132 119.
2128 3080 2192 3131 al.

329 3171 418 3222 9⁵2.
463 3169 524 3221 ad
561 3168 850 3222 Maximum
887 3168 1263 3223 Antiochenam
1306 3186 1348 3220 c.
1380 3169 1429 3220 ³2.
1481 3169 1786 3220 catholicae
1819 3169 1952 3237 fidei
1980 3175 2196 3238 petram

333 3255 389 3308 S.
431 3255 642 3309 Petrum
683 3266 852 3311 vocat.
925 3255 1166 3311 Asterius
1205 3255 1496 3309 Amasenus
1536 3254 1662 3327 apud
1701 3253 2030 3309 Lamhecium
2064 3257 2197 3326 fidei

330 3351 544 3414 petram
584 3365 649 3397 ac
686 3348 855 3398 basim
891 3346 1004 3399 Dei
1043 3346 1339 3399 Ecclesiae.
1380 3342 1490 3416 (T.
1522 3342 1614 3412 5.)
1667 3343 1867 3420 Auctor
1909 3331 2062 3397 serm.
2105 3344 2191 3399 79.

333 3430 645 3504 Appendicis
674 3432 1084 3503 Augustinianae
1111 3435 1472 3504 confessionis
1497 3433 1703 3485 Christi
1727 3434 2078 3502 crepidinem,
2108 3435 2194 3482 im-

335 3521 543 3574 mobilis
579 3522 712 3590 fidei
739 3525 1167 3592 fundamentum.
1226 3523 1394 3576 Petra
1423 3521 1541 3575 item
1569 3523 1702 3592 fidei
1728 3519 1906 3574 dicitur
1935 3538 1961 3573 a
1994 3517 2193 3574 Flavita

2315 990 2320 1042 .-.
2310 849 2320 952 *ss
