2320 3990
1003 137 1620 201 —96—

384 313 570 378 potest,
597 307 719 380 quin
745 305 875 363 hanc
894 304 1003 373 uini
1023 303 1190 361 Petro
1215 307 1703 387 latiqu93‚prin1atiis
1732 309 1974 363 tributam
1993 325 2113 363 cum
2139 310 2244 381 pri-
2312 347 2320 379 ,-

385 403 523 450 niatu
547 394 656 466 ipso
683 394 736 447 in
763 409 1098 468 successores*
1119 394 1226 466 ejus
1253 397 1612 469 transmiqsam
1638 407 1811 470 neget,
1841 395 1972 468 quod
1997 414 2068 450 ex
2094 413 2244 467 prae-
2312 415 2320 460 ε

387 481 579 534 stitutis
604 477 866 552 principiis
894 497 996 533 non
1025 479 1161 535 licet.
2314 473 2320 479 ’

1139 690 1156 697 ,
1231 645 1279 713 ς.
1319 643 1406 697 111.

393 747 507 789 Illud
541 759 710 801 quoque
753 748 938 790 Joanru‘s
969 760 1068 802 cap.
1099 750 1174 790 21.
1207 762 1317 791 vers.
1352 752 1423 792 15.
1457 751 1584 792 Petro
1616 751 1865 803 specialiter
1896 753 2082 799 (licitam,
2114 751 2249 792 Pasce

387 820 520 860 agnos
565 820 710 857 τηεσε,
759 821 886 861 pasce
919 822 1021 850 oves
1052 822 1187 860 meaS,
1231 812 1416 852 eamdem
1452 813 1751 854 necessitatem
1795 813 1983 855 unitatae
2021 809 2133 863 fidei
2178 811 2248 851 de-

1202 875 1430 914 monstrat.

535 955 624 1009 59.
676 955 760 1008 Ab
798 956 891 1011 hoc
926 958 1081 1012 tertio
1108 957 1425 1031 Evangelico
1466 959 1760 1013 testimonio
1801 977 1880 1012 me
1919 957 2125 1012 brevius
2155 974 2250 1010 ex-

387 1043 601 1116 pediam.
657 1041 895 1098 Christus
922 1043 1172 1101 Dominus
1201 1049 1260 1102 de
1285 1048 1482 1101 unitate
1507 1045 1775 1101 Ecclesiae
1803 1046 2062 1100 disserens
2089 1044 2250 1100 Joan-

390 1132 469 1186 nis
499 1133 585 1186 10.
614 1131 840 1205 pastoris
868 1141 920 1185 et
946 1134 1121 1206 gregis
1148 1136 1442 1208 parabolam
1470 1135 1547 1190 his
1572 1135 1744 1191 verbis
1773 1133 1981 1188 clausit:
2010 1136 2086 1187 Et
2110 1135 2250 1187 alias

390 1240 512 1274 oves
539 1222 735 1283 habeo,
775 1241 913 1291 quae
948 1242 1057 1275 non
1085 1234 1209 1278 sunt
1234 1245 1304 1278 ex
1344 1226 1448 1279 hoc
1489 1227 1646 1278 ovili.-
1686 1232 1738 1277 et
1762 1225 1889 1277 illas
1929 1229 2148 1293 oportet
2169 1239 2250 1272 ‘me

391 1309 692 1370 adducere,
729 1316 783 1360 et
804 1327 988 1361 vocem
1011 1330 1182 1363 meam
1210 1315 1458 1374 audient,
1494 1321 1545 1365 et
1563 1318 1663 1382 fiet
1685 1331 1848 1365 unwn
1875 1313 2013 1362 ovile
2041 1318 2094 1363 et
2115 1328 2251 1362 unus

383 1402 598 1464 pastor.
664 1393 807 1448 Haec
844 1396 1006 1450 verba
1045 1398 1107 1449 ad
1136 1399 1383 1453 unitatem
1420 1397 1688 1453 Ecclesiae
1728 1396 2111 1468 significandam
2137 1413 2254 1467 pro-

389 1484 493 1536 lata
526 1480 717 1536 Patres
755 1484 994 1551 tradunt⁷
1031 1484 1168 1539 inter
1209 1505 1335 1558 quos
1376 1487 1505 1540 satis
1543 1485 1609 1539 sit
1639 1484 1812 1538 audire
1849 1481 1906 1537 S.
1938 1481 2253 1556 Cyprianum

392 1572 538 1645 epist.
570 1571 658 1627 76.
688 1572 750 1624 ad
775 1571 1052 1645 Magnum:
1082 1573 1174 1629 Aa
1200 1596 1357 1646 quam
1386 1575 1642 1629 mittatmn
1660 1577 1922 1644 gredi-qens
1952 1569 2252 1643 (Christus)

394 1664 726 1722 Ecclesiam,
774 1662 950 1713 denuo
991 1665 1148 1715 dz’cit:
1202 1671 1252 1716 et
1289 1668 1392 1716 erit
1426 1683 1563 1715 unus
1598 1681 1744 1733 yresc
1783 1669 1838 1714 et
1871 1680 2008 1713 unus
2039 1667 2251 1729 pastor.

393 1749 559 1815 Ovsse,
589 1767 678 1801 seu
704 1767 839 1820 grex
858 1767 987 1802 unus
1009 1768 1162 1802 unam
1175 1749 1462 1805 Ecclesiam
1489 1750 1693 1815 indicat,
1722 1758 1900 1821 pastor
1928 1758 2096 1801 autem
2126 1765 2254 1798 unus

393 1837 501 1910 ipse
550 1837 747 1908 quidem
788 1834 1033 1891 Christus
1074 1838 1378 1911 intelligitur
1439 1839 1567 1912 apud
1605 1837 1930 1891 Ezechielem
1974 1835 2254 1911 promissus

395 1945 437 1980 c..
467 1926 556 1980 34.
586 1944 724 1980 vers.
753 1924 843 1979 33.
894 1928 1178 1980 Sztsee'tabo
1206 1949 1370 1998 super
1402 1949 1491 1982 eos
1511 1936 1792 1998 pastorem
1818 1945 1998 1987 unum,
2027 1935 2077 1977 et
2105 1943 2147 1977 c.
2165 1923 2253 1978 37.

395 2033 533 2069 vers.
564 2015 652 2068 24.
686 2016 889 2067 Pastor
918 2019 1023 2068 erit
1047 2036 1183 2070 unus
1212 2021 1444 2070 onmium
1473 2035 1670 2069 eorum.
1727 2011 1855 2067 Cum
1883 2023 2049 2066 autem
2077 2011 2257 2065 Eccle-

394 2104 472 2156 sia
498 2122 601 2155 una
618 2143 631 2169 ,
673 2113 724 2155 et
749 2101 920 2155 unitas
946 2102 1106 2174 ipsius
1133 2103 1351 2158 visibilis
1392 2123 1507 2158 esse
1536 2103 1743 2166 debeat,
1769 2090 2066 2172 ‘exigatque
2103 2118 2257 2152 unum

393 2191 647 2245 visibilem
672 2199 963 2262 pastorem,
994 2192 1078 2260 qui
1104 2191 1201 2244 toti
1228 2191 1377 2263 gregi
1404 2189 1599 2263 praesit
1625 2188 1712 2260 Ἴ,
1754 2208 2029 2260 omnesque
2066 2189 2120 2242 in
2146 2189 2259 2241 uni-

395 2289 500 2333 tate
528 2277 820 2340 contineat3
864 2275 1103 2333 Christus
1133 2289 1402 2350 antequam
1429 2279 1545 2332 hinc
1573 2279 1767 2344 abiret,
1795 2278 1908 2331 huic
1934 2277 2122 2331 visibili
2148 2275 2259 2328 uni-

394 2368 489 2420 tati
515 2366 691 2439 gregis
718 2377 1100 2440 prospecturus,
1127 2386 1280 2420 unum
1308 2367 1557 2422 visibilem
1586 2366 1831 2439 ejusmodi
1860 2375 2115 2438 pastorem
2143 2373 2259 2436 post

396 2473 451 2508 se
478 2455 765 2524 relinquere
792 2455 1121 2525 omnibusque
1147 2459 1423 2527 praeficere
1449 2455 1627 2509 voluit.

543 2540 632 2594 60.
687 2540 836 2596 Hunc
864 2552 1030 2596 autem
1068 2561 1220 2595 unum
1248 2561 1492 2596 summum
1530 2551 1581 2594 et
1606 2541 1856 2595 visibilem
1882 2538 2145 2594 Ecclesiae
2174 2558 2260 2610 pa-

398 2640 587 2682 storem
614 2638 730 2702 post
752 2627 946 2683 Christi
973 2640 1188 2684 mortem
1211 2629 1424 2684 Petrum
1451 2629 1625 2695 fuisse,
1655 2629 1735 2682 cui
1761 2628 1849 2681 uni
1876 2647 1988 2682 cum
2014 2627 2260 2700 primatus

397 2719 448 2770 in
475 2728 634 2770 totam
671 2715 958 2771 Ecclesiam
999 2729 1114 2771 actu
1154 2719 1474 2783 traderetur,
1514 2717 1840 2790 peculiariter
1878 2716 2010 2768 bono
2050 2713 2262 2767 unitatis

398 2806 583 2858 dictum
623 2824 651 2858 a
681 2803 888 2859 Christo
923 2806 1044 2872 fuit,
1089 2808 1266 2859 Pasce
1304 2826 1473 2876 aynos
1512 2826 1685 2867 meos,
1729 2824 1900 2874 pasce
1938 2823 2059 2856 ores
2102 2822 2262 2862 meas,

399 2893 613 2948 Patrum
649 2893 855 2948 traditio
892 2895 1123 2948 dubitare
1163 2913 1265 2947 non
1305 2893 1445 2947 sinit.
1512 2892 1570 2947 S.
1612 2893 1936 2964 Augustinus
1976 2909 2130 2942 serm.
2169 2889 2259 2943 46.

399 3001 442 3035 c.
471 2981 558 3036 13.
600 2984 660 3035 In
685 2986 804 3051 ipso
835 2983 1004 3035 Petro
1030 2985 1286 3035 unitatem
1309 2983 1710 3034 commendavit.
1753 2980 1919 3031 Jlsultt'
1944 2985 2101 3031 erant
2121 2976 2262 3047 Apo-

400 3070 541 3132 stoli,
570 3079 623 3124 et
645 3075 740 3123 uni
765 3073 993 3124 dicitur.-
1036 3070 1212 3123 Pasce
1241 3088 1362 3122 ores
1392 3088 1549 3122 meas.
1603 3066 1848 3140 Apertius
1877 3064 1934 3119 S.
1969 3064 2260 3118 Bel-nardus

522 3250 562 3301 *“)
593 3252 820 3294 Enimvero
847 3264 939 3293 cum
964 3264 1068 3304 grex
1097 3263 1190 3292 esse
1215 3262 1320 3290 unus
1343 3251 1550 3301 nequeat,
1581 3248 1661 3287 nisi
1688 3259 1791 3287 unus
1814 3246 1975 3299 pariter
2001 3245 2058 3284 sit
2085 3243 2263 3284 omnium

404 3310 544 3351 ovium
561 3316 719 3364 pastor,
739 3326 816 3365 per
834 3326 954 3366 quem
972 3325 1114 3354 omnes
1132 3324 1233 3352 oves
1251 3312 1294 3351 in
1314 3321 1438 3350 unum
1454 3321 1624 3360 gregem
1645 3312 1853 3360 cogantur
1870 3320 1881 3356 ;
1902 3318 1954 3346 ea
1970 3305 2052 3345 duo
2071 3304 2263 3345 Christus

403 3382 486 3411 non
505 3373 710 3422 sejunxit,
739 3374 815 3414 sed
841 3374 974 3414 veluti
1004 3385 1192 3414 connexa
1217 3371 1339 3412 simul
1365 3370 1533 3423 posuit,
1564 3369 1676 3410 ovile
1706 3381 1843 3409 unum
1876 3370 1917 3407 et
1947 3377 2065 3406 unus
2095 3367 2260 3415 pastor,

403 3443 483 3484 quo
532 3432 638 3472 satis
678 3432 936 3482 declaravit,
982 3434 1221 3476 Ecclesiam
1257 3444 1372 3472 suam
1402 3442 1483 3471 non
1508 3430 1632 3469 aliter
1658 3430 1840 3470 futuram
1863 3438 2007 3474 unam,
2050 3425 2129 3464 nisi
2159 3435 2265 3463 unus

403 3495 550 3545 pastor
570 3493 612 3532 in
639 3493 815 3534 unitatis
843 3495 1020 3545 gratiam
1050 3494 1238 3536 omnibns
1270 3491 1537 3546 praepositus
1570 3491 1639 3533 sit.
