2314 3984
733 235 1373 295 ——zn—

153 420 392 485 agnoscat
413 408 780 463 fundamentum
802 402 1061 458 Ecclesiae
1075 441 1092 468 ‚
1131 402 1288 473 ipsam
1321 408 1499 454 contra
1521 414 1694 451 omncs
1719 396 1954 451 haereses

156 500 332 553 debere
356 494 647 568 praevalere
671 492 884 545 affirmat
909 490 998 544 hac
1022 488 1247 543 ratione:
1276 487 1403 539 Non
1426 487 1561 538 enim
1587 486 1654 536 de
1678 502 1842 536 carne
1859 483 1957 535 Pe·

153 589 252 648 tri,
289 585 384 636 sed
417 585 485 634 de
504 582 614 650 fide
649 582 845 632 (lictum
879 585 986 638 est,
1026 578 1153 644 quia
1170 580 1367 642 portae
1392 574 1575 623 mortis
1601 574 1652 622 ei
1673 589 1782 623 non
1801 589 1955 640 prae-

354 676 409 721 at.

155 671 355 807 valebgi
377 751 689 822 Augustinus
712 751 765 804 in
793 750 1008 803 Psalmo
1033 752 1223 799 contra
1240 751 1451 814 partem
1470 744 1677 796 Donati
1701 741 1957 794 Romano-

156 860 258 894 rum
274 839 570 894 Pontificum
595 837 726 890 serie
750 835 946 889 laudata
968 832 1210 895 scribenS‚
1234 834 1354 899 ipsa
1373 837 1451 883 est
1467 836 1648 898 petra,
1673 848 1828 898 quam
1850 848 1956 880 non

158 932 366 980 vincunt
390 926 647 994 superbae
672 927 966 992 inferorum
982 925 1210 987 portae,
1235 933 1335 968 non
1360 916 1422 968 ad
1446 933 1596 967 unmn
1623 914 1847 981 Petrum,
1874 916 1959 968 sed

157 1015 216 1067 ad
241 1029 560 1066 successores
583 1010 732 1064 etiam
755 1007 909 1079 ipsius
932 1005 985 1057 in
1005 1003 1239 1056 Romana
1262 1001 1379 1054 sede
1403 1019 1513 1054 eam
1536 998 1728 1054 Christi
1751 1001 1961 1072 promis-

157 1100 346 1152 sionem
372 1097 622 1168 pertiucre
645 1094 883 1147 ostendit.
930 1090 984 1143 Id
1009 1089 1201 1160 quidem
1228 1087 1491 1141 affirmavit
1525 1086 1825 1158 probaturus
1847 1090 1960 1140 nul-

157 1189 260 1238 lum
285 1185 625 1236 Donatistam
649 1184 703 1233 in
727 1181 825 1232 illo
851 1181 1038 1231 ordine
1068 1179 1267 1245 faisse3
1303 1173 1430 1244 quod
1462 1181 1600 1226 recte
1625 1173 1960 1242 consequitur,

157 1271 270 1340 quia
294 1287 403 1323 cum
429 1266 647 1321 Romani
687 1263 958 1319 Pontifices
1001 1279 1319 1316 successores
1356 1257 1414 1313 S.
1454 1258 1628 1323 Petri,
1663 1277 1763 1310 non
1801 1259 1962 1310 minus

159 1375 303 1425 quam
329 1354 539 1418 PetruS‚
566 1353 667 1405 sint
692 1352 774 1403 illa
798 1360 939 1422 petra
954 1389 969 1414 ,
995 1358 1173 1402 contra
1198 1366 1341 1417 quam
1365 1346 1636 1398 inferorum
1661 1354 1835 1415 portae
1862 1363 1962 1396 non

162 1440 541 1512 praevalebunt3
567 1436 675 1490 ficri
699 1455 800 1488 non
824 1435 1000 1507 potuit,
1027 1444 1082 1486 ut
1106 1434 1238 1487 inter
1262 1433 1374 1485 illos
1399 1431 1643 1503 quispiam
1668 1430 1965 1484 Donatista-

164 1545 268 1578 rum
293 1524 504 1578 schisma
525 1532 577 1576 et
601 1540 799 1575 errores
825 1539 1141 1592 propugnans
1164 1521 1426 1591 irreperet.

301 1609 357 1663 S.
385 1608 608 1681 Cyrillus
632 1607 1008 1661 Alexandrinus
1033 1607 1117 1660 lih.
1132 1607 1186 1659 4.
1213 1608 1271 1659 de
1299 1605 1487 1658 Trinit.
1516 1622 1776 1673 exponens
1805 1605 1962 1656 locum

161 1695 404 1748 Matthaei
428 1713 472 1748 c.
502 1695 586 1747 16.
625 1694 701 1746 Tu
728 1713 781 1746 es
811 1695 1005 1746 Petrus
1023 1733 1039 1758 ‚
1084 1702 1137 1746 et
1160 1712 1321 1762 super
1346 1693 1485 1744 lzanc
1503 1699 1715 1759 petram
1744 1701 1839 1743 etc.
1868 1691 1965 1742 ait:

165 1783 381 1834 Petram
405 1784 627 1848 opinor,
662 1781 802 1832 nihil
822 1782 1000 1841 aliud,
1035 1799 1191 1849 quam
1228 1783 1617 1837 inconcussam,
1654 1785 1708 1828 et
1731 1781 1966 1845 firmissi-

162 1885 293 1920 mam
317 1868 569 1935 de'scipuli
588 1867 748 1935 fidem
772 1868 1004 1926 vocavit,
1039 1868 1093 1916 in
1131 1884 1237 1934 qua
1273 1866 1520 1917 Ecclesia
1560 1868 1638 1916 ita
1656 1865 1891 1931 fundata
1918 1872 1966 1915 et

157 1958 368 2022 firmata
394 1960 555 2014 esset,
595 1959 652 2004 ut
686 1971 792 2004 non
820 1953 1119 2011 laberetur,
1144 1957 1196 2002 et
1218 1959 1354 2005 esset
1376 1951 1809 2020 inexpuynabiIis
1836 1954 1966 2018 infe-

165 2058 342 2090 rorum
362 2043 549 2106 portis.
1762 2049 1767 2053 ’

305 2122 361 2176 S.
382 2121 509 2175 Leo.
538 2123 682 2193 epist.
699 2121 790 2175 lv.
818 2123 879 2174 ad
902 2120 1177 2193 Episcopos
1196 2120 1480 2174 Gallicanos
1505 2121 1791 2192 provinciae
1811 2121 1969 2175 Vien-

164 2208 334 2260 nensis
360 2226 464 2278 cap.
493 2206 531 2258 Ι.
575 2210 734 2261 Hunc
758 2205 845 2278 (S.
872 2206 1143 2274 Petrum),
1174 2207 1361 2277 inquit,
1398 2211 1453 2259 in
1488 2211 1810 2260 consortium
1836 2210 1967 2259 incli—

167 2296 351 2346 viduae
376 2297 592 2346 unitatis
620 2301 966 2361 assumptum,
990 2297 1052 2346 id
1075 2297 1220 2364 quod
1241 2298 1356 2363 ipse
1383 2290 1675 2364 (Christus)
1703 2301 1847 2358 erat,
1888 2313 1969 2345 ro-

165 2382 264 2431 luit
286 2382 552 2431 nominari
574 2381 826 2432 dicendo:
852 2388 907 2431 tu
931 2397 986 2432 cs
1011 2378 1196 2432 Petrus
1211 2420 1227 2445 ,
1254 2389 1306 2433 et
1330 2397 1479 2451 super
1503 2379 1630 2433 hanc
1667 2390 1859 2451 petram
1886 2399 1969 2433 ae-

164 2465 366 2518 dificabo
402 2463 707 2529 Ecclesiam,
741 2473 802 2517 ut
837 2470 1042 2518 aeterni
1074 2469 1259 2535 templi
1282 2470 1582 2536 aedificatio
1609 2469 1843 2518 mirabili
1866 2487 1969 2518 mu-

164 2571 289 2603 nere
310 2555 519 2620 yrate'ae
529 2552 638 2603 Dei
661 2555 716 2603 in
733 2552 889 2604 Petri
911 2555 1179 2606 soliditate
1205 2556 1529 2613 consisteret,
1555 2553 1656 2604 ltac
1676 2553 1970 2606 Ecclesiam

167 2655 311 2688 suam
344 2640 588 2705 firmitate
614 2639 997 2698 corroborans,
1029 2646 1089 2690 ut
1121 2640 1270 2691 illam
1303 2658 1403 2691 nec
1439 2640 1669 2691 humana
1705 2644 1970 2692 temeritas

164 2728 344 2788 posset
366 2727 636 2788 appetere,
658 2741 758 2774 nec
777 2730 971 2789 portae
996 2731 1186 2775 contra
1210 2727 1361 2776 illam
1385 2728 1552 2791 inferi
1569 2728 1968 2791 praevalerent:

169 2805 249 2856 ubi
270 2804 563 2857 soliditatem
586 2803 844 2859 Ecclesiae
859 2845 874 2871 ,
901 2817 1076 2859 contra
1101 2825 1242 2876 quam
1268 2818 1443 2879 portae
1465 2808 1614 2860 inferi
1637 2826 1738 2859 non
1763 2827 1972 2879 praeva-

169 2892 364 2954 lebunt,
391 2907 459 2942 ex
485 2889 627 2943 Petri
650 2891 882 2944 firmitate
905 2892 1111 2946 deducit.
1162 2890 1306 2959 Quod
1329 2892 1448 2945 item
1484 2893 1781 2945 confirmans
1817 2913 1966 2947 serm.

170 2979 256 3030 52.
285 2995 444 3029 novae
469 2976 697 3029 editionis
722 2995 766 3029 c.
795 2977 842 3029 1.
868 2975 1011 3031 Petri
1036 2979 1128 3032 fide
1153 2988 1560 3043 commemorata,
1606 2979 1856 3042 Tantum,
1882 2980 1969 3043 ait,

170 3066 224 3114 in
250 3064 351 3115 lcac
372 3064 501 3131 fidei
524 3064 838 3115 sublimitate
872 3067 1196 3133 complacuit
1226 3106 1242 3126 ,
1266 3073 1323 3117 ut
1349 3106 1359 3116 .
1390 3105 1403 3116 .
1434 3104 1446 3116 .
1478 3105 1490 3116 .
1517 3084 1727 3117 sacram
1751 3070 1969 3119 inviola-

171 3148 288 3198 bilis
307 3155 494 3214 petrae
520 3152 789 3216 acciperet
808 3153 1137 3219 firmitatem,
1163 3170 1328 3218 supra
1353 3171 1511 3220 quam
1529 3154 1763 3220 fundata
1790 3154 1968 3206 Eccle-

172 3236 281 3292 sia,
301 3235 474 3300 portis
499 3237 663 3301 inferi
686 3243 738 3287 et
759 3238 941 3288 mortis
969 3237 1168 3304 leyibus
1187 3240 1542 3304 praevaleret.
1598 3235 1667 3288 Et
1704 3254 1854 3290 serm.
1881 3239 1966 3292 83.

173 3335 215 3370 c.
244 3319 294 3370 2.
323 3314 514 3370 Christi
537 3320 715 3383 verba,
754 3322 826 3372 Et
858 3340 1018 3390 super
1056 3322 1194 3374 lzanc
1224 3329 1436 3390 petram
1471 3325 1762 3393 aedificabo
1789 3326 1967 3378 Eccle-

174 3408 303 3456 siam
326 3421 517 3465 meam,
541 3412 594 3457 et
610 3412 802 3473 portae
825 3410 991 3475 inferi
1023 3426 1128 3459 non
1159 3409 1513 3474 pravalebunt
1547 3412 1797 3464 adversus
1839 3431 1968 3471 eam,

173 3488 242 3540 sic
266 3490 526 3560 exposuit:
554 3509 711 3558 super
739 3492 903 3553 hanc,
930 3492 1087 3561 inquit
1114 3489 1343 3545 Christus
1360 3535 1373 3553 ‚
1393 3498 1763 3561 fortitudinem
1802 3505 1966 3550 aeter-
