2320 3990
968 208 1165 270 —--—
1231 176 1365 250 5118
1455 209 1628 219 --

361 351 542 397 contra
565 342 822 416 Dupinum
859 351 981 396 tom.
1011 343 1064 395 2.
1090 359 1315 414 opernm.
1337 345 1715 416 posthmnorum
1748 345 1867 400 edit.
1920 345 2096 401 Paris.
2118 346 2223 407 Qan.

364 429 524 486 1753.
551 447 672 502 pag.
689 427 816 483 538.
844 436 898 481 et
921 426 1034 482 ideo
1062 427 1260 499 quidem
1285 431 1483 486 erravit
1504 430 1816 506 Cyprianus,
1844 434 1962 505 quia
1976 431 2226 507 Stephani

361 518 565 572 decreto
604 533 708 569 non
745 513 992 569 adhaesit.
1043 512 1242 570 Errore
1277 534 1403 589 ergo
1429 515 1694 590 impeditus
1709 561 1726 588 ,
1763 540 1866 575 non
1901 531 2007 575 tam
2043 532 2225 576 contra

360 602 672 675 Stephanum
699 602 904 676 scripsit
930 600 1358 676 Carthaginensis
1383 602 1697 678 Episcopus,
1720 627 1898 664 verum
1924 609 2077 663 etiam
2103 627 2225 664 con-

360 699 442 745 tra
469 689 688 763 seipsum
727 691 1121 761 quodammodo,
1167 710 1258 747 seu
1283 702 1464 746 contra
1501 692 1619 760 illa,
1658 712 1787 765 quae
1825 707 1944 751 ante
1983 677 2228 770 ejusmodi

360 777 619 832 dissidium
644 778 706 832 ad
727 775 1022 833 Cornelium
1048 779 1345 853 scripserat.
1398 778 1538 834 Num
1563 799 1689 837 vero
1715 783 2015 839 credendum
2041 794 2121 839 est
2143 783 2228 850 iis,

362 883 490 936 quae
514 884 608 938 pro
637 883 816 920 errore
843 875 893 920 et
921 885 992 921 ex
1026 866 1220 922 erroris
1246 867 1557 940 praejudicio
1596 869 1800 942 scripsit
1819 881 2015 927 -contra
2053 871 2229 924 decre-

359 961 465 1004 timi
491 949 769 1026 Stephani,
798 973 864 1007 an
888 954 1054 1028 potius
1080 955 1174 1022 iis,
1212 973 1341 1026 quae
1367 955 1502 1010 nullo
1530 956 1724 1011 erroris
1750 957 2059 1031 praejudicio
2081 958 2228 1011 abre-

358 1048 492 1111 ptuS,
518 1038 573 1092 in
598 1039 784 1096 litteris
812 1042 873 1096 ad
901 1039 1192 1098 Cornelium
1219 1044 1479 1116 professus
1504 1045 1671 1098 fuerat
1698 1064 1807 1100 cmn
1834 1045 1946 1099 aliis
1967 1045 2138 1100 itidem
2165 1046 2226 1098 ab

360 1146 416 1182 se
443 1146 500 1181 se
526 1127 644 1182 alibi
670 1129 873 1203 scriptis
901 1130 1211 1198 cohaerenS,
1252 1149 1322 1186 ex
1360 1132 1539 1203 quibus
1576 1152 1680 1186 non
1718 1142 1823 1187 tam
1862 1132 2226 1187 communionis

363 1233 511 1286 quam
542 1216 658 1270 fidei
703 1217 873 1272 unitas
927 1218 1223 1273 necessaria
1263 1220 1515 1293 colligitm·
1554 1239 1667 1274 cum
1705 1239 1767 1275 ea
1805 1221 2045 1276 cathedra
2086 1220 2227 1293 prin-

359 1302 507 1374 cipali
532 1304 744 1358 unitatis
771 1316 948 1359 centro
975 1316 1126 1377 atque
1153 1306 1348 1374 radice,
1389 1327 1518 1378 quae
1557 1327 1734 1362 omnes
1774 1308 2019 1362 ecclesias
2057 1327 2226 1362 secum

360 1387 696 1444 adhaerentes
716 1391 770 1443 in
798 1392 993 1446 unitate
1020 1392 1316 1459 continens,
1355 1394 1501 1447 fidem
1526 1394 1826 1465 Apostolico
1855 1413 1946 1447 ore
1973 1395 2226 1447 laudatam

357 1476 432 1530 ita
455 1475 712 1549 integram
737 1489 928 1547 servat,
956 1489 1012 1532 ut
1034 1481 1096 1534 ad
1121 1499 1231 1534 eam
1258 1481 1486 1554 perfidia,
1513 1490 1565 1535 et
1584 1499 1730 1534 error
1755 1481 1869 1535 fidei
1894 1501 1998 1536 non
2024 1481 2226 1547 habeat,

357 1582 451 1618 nec
489 1563 677 1620 habere
714 1567 878 1639 possit
915 1570 1213 1623 accessum?
1275 1567 1387 1624 Hac
1413 1569 1466 1623 in
1506 1588 1563 1623 re
1591 1568 1903 1624 Tertulliani
1939 1570 2227 1643 exemplum

358 1651 480 1705 mihi
506 1654 647 1708 venit
670 1654 724 1708 in
750 1665 971 1710 mentem
987 1696 1001 1722 ,
1042 1656 1127 1727 qui
1150 1667 1420 1729 postquam
1446 1656 1884 1710 Montanistarum
1911 1656 2111 1710 haeresi
2138 1657 2230 1709 fuit

369 1740 618 1809 irretitus,
644 1742 1056 1815 Apostolicarum
1093 1745 1421 1799 ecclesiarum
1460 1744 1862 1798 communionem
1900 1762 1960 1796 ac
1997 1743 2229 1796 traditio-

358 1847 493 1897 nem,
522 1849 670 1900 quam
698 1841 851 1884 antea
877 1841 1145 1904 tantopere
1165 1833 1567 1905 praedicaverat,
1593 1831 1902 1906 posthabuit.
1954 1829 2093 1884 Num
2119 1830 2229 1902 quis

363 1915 479 1971 binc
506 1928 687 1972 contra
700 1918 1028 1991 Apostolicas
1055 1920 1356 1974 traditiones
1385 1929 1736 1992 argumentum
1767 1920 1931 1985 ducet,
1958 1937 2230 1990 earumque

362 2003 463 2057 vim
490 2023 735 2060 summam
762 2017 814 2060 et
839 2007 1208 2062 ineluctabilem
1247 2027 1317 2062 ex
1345 2007 1653 2062 Tertulliani
1692 2007 1818 2060 libro
1858 2006 1918 2059 de
1947 2007 2228 2059 Praescri-

352 2096 631 2162 ptt'om‘bus
669 2095 1073 2149 constituendam
1107 2095 1342 2149 omittet?
1403 2093 1534 2150 Cum
1577 2095 1659 2149 ille
1707 2104 1823 2166 post
1868 2103 1973 2145 tam
2027 2092 2229 2164 insigne

361 2179 704 2234 testimonium
734 2182 891 2235 veluti
915 2191 1221 2254 tempestate
1247 2183 1442 2236 delatus
1471 2191 1609 2236 esset
1636 2182 1699 2234 ad
1725 2179 2091 2246 Montanistas,
2121 2180 2230 2250 qui-

358 2267 450 2320 bus
476 2268 648 2339 utique
675 2268 811 2321 nulla
838 2279 951 2323 erat
979 2288 1089 2323 cmn
1111 2269 1427 2342 Apostolicis
1455 2268 1684 2324 ecclesiis
1711 2267 2011 2334 communio,
2039 2267 2230 2321 omnis-

360 2374 455 2426 que
469 2357 771 2428 Apostolica
790 2357 1158 2413 adversabatur
1178 2356 1412 2424 traditio3
1435 2366 1580 2410 tanto
1604 2356 1909 2428 praejudicio
1936 2366 2229 2428 occupatus,

359 2443 560 2513 quidex
583 2444 844 2516 principiis
855 2444 907 2498 in
921 2445 1050 2498 libro
1069 2446 1581 2514 Praescriptc'omcm
1606 2445 1813 2498 statutis
1836 2445 2033 2511 flueret,
2057 2444 2230 2499 videre

362 2549 465 2584 non
500 2531 680 2603 potuit.
744 2529 922 2585 Simile
960 2531 1208 2604 quidpiam
1257 2531 1407 2586 etiam
1456 2531 1516 2584 de
1554 2530 1613 2584 S.
1653 2528 1917 2604 Cypriano
1970 2531 2228 2584 dicendum

357 2619 575 2684 videtur,
604 2637 718 2672 cum
743 2618 796 2671 in
823 2618 1119 2689 quaestione
1146 2620 1206 2672 de
1234 2618 1607 2673 haereticorum
1646 2618 1894 2690 baptismo
1920 2637 2012 2691 pro
2051 2638 2228 2672 errore

363 2717 544 2761 contra
568 2696 1014 2779 Stephani‘Papae
1055 2706 1313 2760 decretum
1352 2705 1614 2778 pugnavit.
1690 2701 1857 2774 Quam
1893 2706 2230 2779 comparatio-

366 2814 480 2849 nem
507 2811 611 2848 non
636 2794 846 2867 perinde
873 2794 1031 2865 accipi
1057 2794 1237 2860 velim,
1267 2814 1325 2849 ac
1353 2794 1398 2847 si
1423 2793 1561 2866 paris
1587 2793 1900 2867 pertinaciae
1928 2803 1978 2847 et
2004 2793 2230 2865 gravita-

359 2882 424 2935 tis
451 2882 605 2936 fuerit
621 2879 871 2955 Cypriani
896 2891 947 2935 et
962 2880 1274 2935 Tertulliani
1302 2901 1468 2949 error,
1497 2901 1606 2936 cum
1635 2881 1756 2936 mihi
1775 2891 1948 2936 notum
1970 2882 2036 2935 sit
2060 2881 2230 2935 multis

360 2970 648 3024 nominibus
690 2988 920 3023 errorem
955 2967 1207 3041 Cypriani
1245 2970 1554 3024 sanctissimi
1591 2968 1833 3041 Episcopi
1866 2967 2228 3033 excusabilem,

361 3058 512 3111 immo
549 3068 600 3112 et
631 3058 882 3112 venialem
918 3056 1105 3124 fuisse,
1160 3057 1247 3110 sed
1289 3075 1350 3110 eo
1387 3066 1583 3108 tantum
1625 3073 1779 3109 sensu
1833 3064 1986 3125 atque
2020 3054 2229 3109 consilio

362 3146 587 3200 eamdem
613 3146 1038 3218 comparationem
1052 3143 1307 3218 proposui,
1336 3143 1620 3214 utquisque
1643 3142 2032 3209 animadvertat,
2053 3161 2228 3197 veram

361 3232 610 3306 Cypriani
637 3244 858 3288 mentem
886 3234 1020 3288 circa
1047 3231 1367 3286 Pontificiam
1394 3230 1748 3284 auctoritatem
1765 3271 1779 3297 ,
1822 3240 1873 3283 et
1900 3229 2111 3283 unitatis
2141 3248 2228 3282 ne-

359 3321 651 3376 cessitatem
698 3341 802 3376 non
839 3341 910 3377 ex
943 3322 1005 3375 iis
1050 3319 1172 3376 locis
1222 3319 1556 3373 deducendam
1577 3359 1591 3386 ,
1620 3337 1748 3390 quae
1775 3318 1906 3371 idem
1935 3315 2228 3390 Cyprianus

362 3419 507 3463 aestu
533 3408 885 3482 disputationis
914 3410 1150 3483 abreptus
1176 3407 1229 3462 in
1256 3406 1599 3461 defensionem
1629 3405 1821 3460 erroris
1850 3405 2093 3459 adversus
2109 3403 2229 3458 Ste-

364 3497 578 3569 phanum
617 3497 843 3571 scripsit,
885 3499 971 3552 sed
1001 3517 1069 3552 ex
1105 3497 1194 3563 iis,
1233 3514 1358 3568 quae
1396 3495 1502 3567 ipse
1532 3495 1590 3548 ab
1632 3493 1871 3566 ejusmodi
1910 3490 2227 3566 praejudiciis

2304 0 2320 85 Un—
