2320 3990
986 221 1652 280 *123—

391 402 523 439 nova
561 396 730 440 autem
757 386 942 449 Roma,
979 387 1111 440 idest
1138 385 1644 485 Constantinopolis,
1683 412 1784 446 nou
1824 392 1963 447 item.
2031 391 2111 445 De
2151 392 2247 444 fide

388 491 513 526 vero
543 472 738 527 Romae
766 473 978 528 veteris
966 473 1108 528 haec
1134 474 1322 530 habet:
1535 496 1586 523 w·-
1627 498 1630 516 ³

768 593 900 636 Fides
931 597 1127 636 vetustae
1156 600 1276 638 recta
1309 601 1402 639 erat
1426 596 1521 648 jam
1553 601 1809 655 antiquitus,

773 654 832 696 Et
861 659 981 698 recta
1009 660 1178 708 perstat
1210 669 1327 700 nunc
1358 659 1474 710 item,
1507 671 1623 700 nexu
1652 661 1728 713 pio
1771 683 1774 686 ·

777 716 1081 771 Quodcumque
1111 719 1262 760 labens
1290 721 1355 760 sol
1387 721 1506 762 videt
1537 721 1800 771 devinciens,

777 778 834 818 Ut
863 777 1058 819 universi
1090 778 1338 821 Praesidem
1369 781 1523 822 mundi
1556 781 1687 833 decet,

778 835 931 879 'lbtam
963 839 1067 880 colit
1098 852 1207 892 quae
1238 840 1446 882 Numinis
1479 842 1771 884 concordc‘am.

388 935 441 988 ln
469 938 688 991 secundo
728 957 883 994 versu
919 960 1012 1013 pro
1047 941 1253 997 vocibus
1286 963 1435 999 nexu
1466 948 1592 1016 pio,
1634 961 1760 1015 quas
1796 945 2053 1016 interpres
2082 950 2246 997 metro

385 1024 617 1079 serviens
658 1028 878 1101 recepit,
908 1029 1311 1084 substituendum
1347 1051 1418 1086 ex
1458 1031 1657 1087 Graeco
1703 1036 1938 1087 salutari
1974 1034 2242 1085 doctriua.

385 1108 550 1178 Quam
575 1114 728 1168 belle!
769 1115 928 1171 Vides
964 1117 1352 1174 Nazianzenum
1379 1119 1646 1175 Romanae
1684 1121 1821 1188 fidei,
1861 1123 2000 1192 cujus
2032 1117 2247 1189 integri-

385 1210 540 1255 tatem
566 1202 913 1276 incorruptam
940 1206 1125 1273 laudat,
1154 1206 1380 1261 tribuere
1408 1211 1681 1264 devincire
1709 1211 1986 1264 Ecclesias
2014 1208 2247 1260 salutari

381 1292 634 1344 doctrina
642 1312 660 1355 ,-
681 1293 812 1361 quod
826 1292 956 1347 idem
969 1305 1046 1348 est
1062 1295 1185 1348 acin
1198 1295 1397 1350 unitate
1411 1297 1525 1351 fidei
1540 1316 1628 1351 eas
1644 1297 1924 1363 continere,
1941 1295 2058 1350 etin
2071 1293 2243 1348 eadem

383 1373 619 1429 Romana
645 1378 740 1431 fide
768 1398 1051 1450 agnoscere
1077 1381 1330 1435 vinculum
1371 1393 1422 1436 et
1459 1394 1691 1437 centrum
1714 1384 1929 1436 unitatis
1969 1381 2243 1436 catholicae

381 1463 517 1529 fidei,
566 1483 677 1518 cum
717 1484 813 1536 quo
853 1465 1116 1521 Ecclesiae
1157 1468 1434 1524 catholicae
1470 1470 1790 1543 colligantur.
1846 1467 1995 1536 Quod
2033 1469 2078 1522 si
2114 1466 2243 1522 hanc

380 1551 625 1606 unitatem
667 1554 969 1608 custoditmn
1007 1575 1322 1624 memorans,
1360 1559 1495 1611 solas
1536 1557 1826 1612 Occidentis
1864 1555 2126 1611 Ecclesias
2164 1556 2242 1609 in-

379 1640 510 1694 dicat
536 1641 634 1694 illis
669 1644 872 1696 verbis:
921 1647 1306 1717 Quodcumque
1336 1649 1520 1700 lubens
1560 1649 1647 1700 sol
1670 1649 1839 1708 videt3
1880 1645 1928 1697 id
1965 1663 2036 1697 ex
2078 1662 2138 1697 eo
2166 1645 2241 1696 fa-

378 1739 511 1781 ctum
538 1739 635 1795 est,
659 1730 742 1800 qui
764 1731 1141 1802 postArianam
1165 1734 1423 1804 perfidiam
1450 1736 1718 1806 pleraeque
1735 1733 1964 1788 Orientis
1975 1730 2239 1785 Ecclesiae

379 1817 535 1870 variis
583 1817 880 1872 haeresibus
927 1819 1225 1892 implicitae,
1275 1822 1495 1894 turpiter
1536 1823 1595 1874 ab
1636 1841 1696 1875 ea
1734 1821 1930 1875 unitate
1967 1831 2017 1873 et
2044 1828 2239 1872 arecta

376 1906 487 1972 fide,
518 1925 646 1976 quae
673 1907 725 1959 in
753 1906 1022 1961 Romanae
1049 1909 1162 1963 fidei
1190 1920 1364 1963 centro
1401 1911 1731 1976 servabatur,
1759 1895 2076 1973 defecerant,
2103 1917 2160 1959 ut
2186 1906 2237 1958 iu

375 1995 794 2065 subsequentibus
822 1997 1054 2051 versibus
1082 1998 1246 2051 deflet.
1303 1996 1544 2053 Ceterum
1571 1998 1700 2052 hanc
1723 1999 1822 2053 vim
1849 1995 2163 2052 devinciendi
2188 2004 2237 2048 et

375 2082 666 2135 continendi
691 2082 954 2137 Ecclesias
993 2085 1045 2137 in
1083 2085 1198 2138 fidei
1234 2086 1427 2139 unitate
1462 2085 1729 2140 Romanae
1764 2087 1871 2140 sedi
1907 2084 2139 2138 attribuit
2174 2082 2235 2136 ob

373 2169 661 2240 primatum,
691 2191 789 2241 quo
818 2190 931 2224 eam
957 2191 1059 2225 non
1086 2172 1181 2225 soli
1210 2172 1475 2226 Occidenti
1492 2214 1505 2239 ,
1541 2174 1628 2228 sed
1655 2174 1885 2227 omnibus
1912 2173 2069 2226 totius
2097 2170 2234 2226 orbis

373 2255 617 2310 Ecclesils
647 2258 937 2330 praesidere
965 2259 1181 2313 affirmat
1209 2280 1268 2314 eo
1294 2280 1475 2315 versu:

767 2380 823 2423 Ut
851 2382 1047 2422 universi
1079 2382 1325 2425 Praesident
1359 2386 1511 2426 mundi
1544 2386 1674 2427 decet.

372 2478 521 2547 Quod
546 2482 748 2536 tandem
775 2481 832 2535 S.
862 2482 1059 2536 Doctor
1085 2486 1246 2538 addit:
1294 2488 1482 2540 Totam
1508 2491 1638 2541 colii
1665 2508 1803 2557 quae
1831 2489 2080 2542 Numinis
2107 2508 2234 2542 con-

370 2572 634 2631 cordiam,
662 2570 964 2624 concordiae
990 2572 1192 2626 nomine
1219 2573 1538 2628 intellexisse
1564 2574 1764 2629 videtur
1799 2575 1952 2627 trium
1989 2594 2234 2647 persona-

371 2676 483 2709 rum
504 2658 859 2712 sanctissimae
882 2658 1163 2713 Trinitatis
1181 2661 1517 2728 concordiam,
1540 2679 1630 2715 seu
1650 2662 2231 2716 consubstantialitatem

370 2745 423 2798 in
450 2746 646 2799 unitate
674 2756 909 2813 naturae,
938 2767 1087 2818 quam
1114 2747 1351 2802 Romana
1375 2749 1497 2803 fides
1526 2750 1694 2803 colens
1723 2760 1876 2820 atque
1902 2769 2231 2822 propugnans

370 2835 612 2890 adversus
642 2834 889 2888 Arianam
916 2836 1200 2908 perfidiam,
1241 2836 1562 2891 concordiam
1588 2837 1734 2889 simul
1767 2847 1816 2891 ct
1842 2838 2092 2890 unitatem
2119 2837 2230 2891 fidei

371 2942 399 2975 a
427 2921 539 2976 Deo
566 2923 933 2995 praescriptam
961 2941 1031 2976 ex
1057 2924 1305 2995 primatus
1332 2925 1495 2977 officio
1524 2925 1719 2978 colebat
1747 2943 1805 2978 ac
1830 2924 2137 2979 vindicabat.

513 3011 601 3061 25.
657 3008 882 3082 Satyrus
921 3008 978 3063 S.
1021 3010 1288 3062 Ambrosii
1333 3010 1733 3063 Mediolanensis
1771 3009 2012 3082 Episcopi
2048 3013 2227 3078 frater,

366 3108 422 3150 ut
450 3097 582 3150 idem
619 3098 925 3151 Ambrosius
962 3097 1015 3149 in
1042 3115 1279 3150 sermone
1319 3096 1379 3149 de
1411 3096 1570 3168 ipsius
1611 3095 1752 3149 obitu
1785 3108 1990 3164 narrat,
2029 3117 2139 3151 cum
2175 3099 2228 3151 in

366 3185 628 3255 quemdam
655 3186 816 3239 locum
843 3183 1218 3238 transmisisset
1257 3182 1372 3255 (lib.
1405 3183 1454 3237 1.
1485 3203 1536 3236 n.
1565 3183 1685 3255 47.)
1703 3225 1716 3251 ,
1763 3184 1847 3237 ubi
1877 3185 1936 3238 de
1965 3195 2106 3239 recta
2133 3187 2227 3239 fide

365 3273 612 3326 dubitatio
634 3273 910 3340 inciderat,
940 3272 1146 3345 cupiens
1173 3282 1315 3326 certa
1335 3280 1459 3325 nota
1479 3290 1790 3343 cognoscere
1812 3292 1930 3324 num
1944 3270 2226 3345 Episcopus

365 3362 472 3431 ejus
500 3361 598 3414 loci
626 3361 899 3415 catholicus
928 3370 1093 3426 esset,
1134 3379 1228 3414 nec
1254 3378 1344 3426 ne,
1383 3358 1546 3432 ipsum
1583 3359 2004 3432 interrogandmn
2040 3359 2226 3414 existi-

364 3448 541 3514 mavit,
570 3466 690 3500 num
717 3467 829 3501 cum
857 3448 1093 3502 Romana
1117 3445 1353 3501 Ecclesia
1380 3447 1691 3502 conveniret.
1744 3447 2045 3502 Advocavit
2069 3452 2145 3501 ad
2170 3468 2223 3501 se

365 3537 714 3606 Episcopum,
739 3556 839 3590 nec
858 3539 1026 3590 ullam
1059 3555 1240 3591 veram
1258 3539 1476 3605 putavit
1499 3539 1606 3588 uisi
1629 3555 1788 3589 verae
1810 3538 1945 3606 fidei
1965 3539 2219 3605 qratiam,
