2320 3990
961 337 1385 412 CAPUT
1462 342 1560 416 X.

855 498 943 542 PR
963 500 1335 545 OPOSITIO
1377 500 1678 553 DECIMA.

342 633 599 680 Ecclesiae
630 638 803 680 unitas
833 648 970 679 nunc
1003 634 1383 680 consideranda
1417 634 1615 698 duplex
1646 643 1747 691 est,-
1779 639 1889 685 alia
1918 638 2058 697 fidei,
2093 653 2196 697 qua

337 709 509 740 omnes
544 692 736 740 Christi
762 693 940 753 fideles
982 699 1036 741 in
1077 699 1230 741 unius
1270 695 1399 755 fidei
1431 697 1759 758 professione
1799 698 1982 745 debent
2026 713 2195 744 conve-

339 759 478 810 nirc,·
520 755 630 801 alia
663 759 924 809 caritatis,
968 771 1071 815 qua
1112 760 1288 802 omnia
1321 756 1583 803 Ecclesiae
1622 757 1855 805 membra
1894 764 2030 806 inter
2061 775 2114 804 se
2145 775 2198 803 se

336 816 512 862 eodem
541 819 691 878 pacis
730 822 780 860 et
811 820 1183 862 communionis
1214 818 1416 864 vinculo
1464 818 1647 863 debent
1687 819 1951 880 copulari.-
1987 820 2078 866 sed
2101 835 2195 881 po-

334 881 437 923 tior
469 883 546 922 cst
582 876 679 923 illa
715 880 869 938 prior
910 881 1086 923 unitas
1129 877 1277 935 fidei,
1324 882 1411 924 cui
1440 883 1774 941 potissimum
1817 881 2198 926 conservandae

374 941 590 983 osterior
632 943 707 982 est
738 936 1000 983 Ecclesiae
1040 942 1271 984 mamime
1313 944 1617 986 necessaria.
1683 938 1959 986 Primatus
1988 955 2108 986 vero
2141 938 2195 985 S.

363 1002 487 1044 *etri
517 1004 566 1043 et
594 1013 943 1044 successorum
987 998 1094 1058 ejus
1127 998 1187 1044 ob
1219 1003 1473 1046 unitatem
1516 1005 1570 1047 in
1613 1007 1722 1046 lota
1755 1000 1989 1047 Ecclesia
2035 1004 2194 1046 conti-

334 1059 558 1104 nendam
591 1066 642 1104 et
671 1060 1077 1106 conservandam
1109 1064 1389 1114 institutus,
1425 1078 1487 1107 ea
1512 1066 1565 1108 vi
1590 1062 1864 1123 praeditus
1897 1077 2001 1107 csse
2034 1060 2194 1115 debet,

334 1135 437 1178 qua
468 1126 743 1180 utramque
787 1119 921 1167 hanc
962 1125 1215 1167 unitatem
1250 1120 1513 1168 Ecclesiae
1557 1126 1903 1169 necessariam
1937 1127 2198 1170 contineat

1039 1188 1194 1241 atque
1225 1190 1497 1230 conservet.

481 1315 529 1367 1.
574 1312 703 1368 Cum
730 1334 824 1368 nos
854 1316 934 1369 hic
959 1315 1248 1370 Ecclesiam
1286 1319 1625 1390 appellamus,
1664 1336 1768 1371 non
1803 1335 1915 1370 eam
1955 1315 2197 1387 intelligi-

332 1420 439 1455 mus
467 1411 762 1455 sanctorum
797 1413 946 1474 atque
974 1404 1277 1470 electorum,
1317 1423 1445 1474 quae
1483 1423 1591 1457 cum
1629 1404 1845 1457 interior
1882 1400 2194 1476 potissimiun

330 1489 424 1555 sit,
464 1489 623 1543 oculis
664 1490 922 1545 hominum
960 1511 1063 1545 non
1104 1490 1310 1544 omnino
1348 1502 1522 1564 patet3
1579 1493 1667 1546 sed
1707 1493 1767 1545 de
1805 1491 1892 1544 illa
1930 1491 2195 1562 loquimur,

330 1598 458 1649 quae
487 1579 720 1633 exterior
747 1590 855 1645 est,
898 1590 1047 1651 atque
1086 1579 1330 1647 visibilis,
1372 1599 1470 1651 qua
1509 1599 1684 1634 omnes
1724 1590 1827 1632 tam
1854 1579 2004 1645 boni„
2046 1598 2194 1650 quam

329 1667 447 1719 mali
476 1664 758 1721 Christiani
784 1668 836 1720 in
865 1671 1090 1722 eamdem
1127 1669 1241 1722 fidei
1279 1668 1576 1722 societatem
1615 1666 1847 1720 caritatis
1886 1677 1937 1720 et
1977 1685 2196 1720 commu-

331 1754 496 1807 nionis
523 1755 724 1809 vinculo
753 1756 1004 1829 copulati,
1035 1757 1153 1810 licet
1182 1767 1292 1810 toto
1321 1757 1446 1810 orbe
1474 1754 1643 1821 effusi,
1686 1755 2011 1825 locoriunque
2036 1754 2196 1807 inter-

329 1842 460 1896 vallo
489 1843 723 1911 discreti,
752 1863 904 1896 unum
932 1854 1131 1899 coetum
1159 1856 1210 1900 et
1238 1864 1419 1918 corpus
1448 1844 1686 1898 efficiunt.
1729 1842 1873 1897 Haec
1902 1852 2068 1897 autem
2094 1841 2196 1897 Ec-

330 1930 486 1985 clesia
511 1931 585 1985 ita
609 1951 710 1985 una
739 1942 845 1999 est,
885 1943 1034 2005 atque
1072 1954 1187 1989 esse
1223 1935 1371 1988 debet
1404 1952 1532 1999 una,
1571 1942 1628 1985 ut
1654 1933 1761 2004 ejus
1789 1932 1959 1985 unitas
1987 1950 2196 2004 praero-

329 2020 506 2092 gativa
532 2020 601 2074 sit
626 2021 783 2094 ipsius
809 2019 1075 2077 Ecclesiae
1102 2024 1299 2097 potior,
1342 2041 1491 2094 quam
1527 2020 1688 2074 eidem
1728 2020 1890 2093 primo
1919 2021 2028 2072 loco
2058 2016 2196 2073 Con-

328 2108 493 2161 cilium
522 2106 1144 2183 Constantinopolitanum
1169 2110 1210 2163 1.
1239 2111 1293 2164 in
1320 2110 1434 2164 fidei
1462 2109 1690 2180 symbolo
1717 2107 2019 2173 vindicavit,
2058 2117 2109 2162 et
2135 2107 2192 2161 S.

325 2195 554 2251 Joannes
583 2195 985 2270 Chrysostomus
1014 2200 1148 2252 hom.
1180 2200 1230 2253 1.
1268 2198 1324 2252 in
1360 2197 1508 2270 epist.
1541 2196 1590 2250 l.
1630 2196 1693 2249 ad
1720 2193 1843 2250 Cor.
1873 2196 2002 2250 hanc
2029 2196 2196 2250 unita-

326 2294 427 2338 tem
453 2285 506 2337 in
534 2285 826 2339 definitione
851 2283 1119 2342 Ecclesiae
1153 2287 1439 2362 ponendam
1466 2284 1674 2338 duxerit
1698 2283 1853 2339 veluti
1881 2283 2086 2337 omnino
2115 2302 2196 2337 es-

326 2372 620 2441 sentialem,
672 2392 802 2444 quae
835 2372 1101 2429 Ecclesiae
1139 2374 1291 2428 adimi
1335 2372 1537 2445 nequit,
1590 2372 1709 2443 quin
1756 2372 1867 2445 ipsa
1903 2373 2196 2425 destruatur

324 2460 583 2515 Ecclesia:
613 2464 896 2516 Ecclesiae
923 2483 1144 2525 nomen,
1170 2462 1360 2534 inquit,
1388 2482 1497 2515 non
1526 2462 1795 2523 ambitum,
1821 2463 1919 2513 sed
1943 2463 2195 2514 unionem

326 2557 379 2603 et
414 2555 824 2604 consonantiam
862 2555 1149 2623 siqnificat.
1214 2548 1451 2605 Christus
1489 2549 1685 2621 quidem
1720 2568 1823 2602 non
1861 2550 2058 2622 plureS‚
2108 2549 2194 2602 sed

325 2657 477 2691 unam
513 2636 799 2693 Ecclesiam
847 2640 1008 2695 voluit
1047 2638 1387 2705 constituere,
1441 2649 1492 2693 et
1542 2637 1715 2710 (quod
1757 2638 1942 2710 legitur
1979 2636 2194 2693 Joannis

328 2746 437 2800 cap.
470 2727 589 2801 10.)
618 2738 847 2782 mortuus
874 2729 1062 2784 idcirco
1093 2739 1188 2795 est,
1217 2736 1276 2782 ut
1297 2730 1444 2799 filios
1472 2729 1612 2790 Dei,
1639 2731 1734 2798 qui
1760 2735 1918 2781 erant
1942 2729 2196 2796 dispersi,

324 2825 686 2888 conyreyaret
709 2821 763 2870 in
791 2838 982 2880 unum,
1029 2817 1267 2870 nimirum
1293 2826 1349 2869 ut
1372 2816 1427 2869 in
1453 2835 1606 2868 unam
1631 2812 1917 2869 Ecclesiam
1945 2814 2197 2868 coaduna-

326 2915 406 2958 ret
431 2905 576 2971 illos,
616 2904 699 2976 qui
737 2905 924 2978 partim
963 2924 1034 2959 ex
1060 2903 1297 2971 Jussaeis,
1334 2905 1519 2977 partim
1560 2923 1629 2958 ex
1657 2902 1907 2958 Gentibus
1946 2903 1998 2955 in
2034 2903 2194 2974 ipfflmi

327 3004 500 3046 essent
529 2994 786 3047 credituri.
840 2993 980 3048 Istud
1017 3012 1142 3049 vero
1187 3003 1267 3046 est
1303 2993 1451 3057 illud,
1490 2991 1620 3061 quod
1654 2991 1713 3043 de
1751 2988 1959 3043 Christo
1999 2987 2195 3042 Paulus

326 3081 542 3153 prodidit
570 3083 630 3135 ad
655 3080 907 3155 Ephesios
934 3084 986 3136 2.
1027 3101 1076 3138 v.
1109 3081 1195 3135 13.
1253 3082 1375 3151 Ipse
1415 3082 1555 3132 enim
1593 3085 1672 3131 est
1698 3097 1821 3147 pax
1847 3084 2063 3138 nostra,
2103 3080 2197 3148 qui

319 3174 459 3239 fecit
493 3179 723 3243 utraque
763 3191 955 3234 unum,
1009 3171 1142 3224 idest
1176 3167 1400 3224 Judaeos
1439 3176 1490 3220 et
1528 3163 1750 3219 Gentes:
1792 3184 1849 3219 ac
1888 3165 1939 3217 in
1968 3164 2194 3218 eamdem

326 3259 632 3312 sententiam
658 3260 788 3314 idem
818 3257 1056 3314 Christus
1073 3299 1086 3325 ,
1128 3268 1399 3329 antequam
1440 3255 1501 3308 ad
1527 3265 1743 3309 mortem
1771 3254 2188 3327 progrederetur,

326 3346 454 3400 hanc
481 3344 745 3401 Ecclesiae
783 3367 906 3407 suae
944 3347 1191 3401 unitatem
1217 3344 1367 3399 Patri
1403 3343 1627 3397 maxime
1657 3343 2016 3397 commendans
2053 3340 2191 3394 dixit

326 3434 408 3489 Jo.
440 3453 482 3488 c.
510 3435 595 3490 17.
642 3437 810 3490 Pater
838 3445 1039 3503 sancte,
1065 3454 1224 3490 serva
1251 3454 1341 3488 eos
1370 3437 1424 3487 in
1451 3436 1665 3486 nomine
1694 3440 1805 3493 trec,
1833 3450 1966 3501 quos
1995 3432 2194 3483 dedisti

327 3524 458 3576 mila·
471 3565 486 3586 ,
513 3531 573 3578 ut
597 3527 706 3578 sint
728 3545 892 3579 vertum
907 3568 921 3588 ‚
951 3530 1092 3581 sicut
1113 3543 1229 3578 nos.
