2314 3984
733 246 1370 307 —ma—

154 423 319 493 §.1342
340 421 506 476 naa-5.
540 429 592 474 et
614 418 722 474 hoe
750 418 861 490 ipso
895 435 1001 488 cap.
1031 415 1121 469 14.
1152 414 1204 482 §-
1225 413 1280 469 3.
1306 431 1357 466 u.
1387 409 1545 483 13.*)
1583 407 1669 464 En
1688 408 1841 482 igilur
1861 413 1943 466 vel

154 508 253 582 ipsi
268 508 521 562 Amnes
542 503 676 559 Galli
699 504 829 558 huuc
860 500 1325 557 assensum-debent
1356 514 1674 571 praesumere
1692 497 1746 551 in
1767 494 1943 553 Eccle-

154 596 256 661 ἀι,
279 604 332 649 et
353 594 406 647 in
428 591 691 647 Ecclesiae
713 591 845 646 filiis.
879 586 1098 656 Quina-1
1118 586 1251 640 enim
1274 585 1375 639 nisi
1396 583 1677 639 rein-actarii
1699 593 1752 638 et
1774 583 1946 638 inobe-

153 682 343 735 dientes
374 678 460 732 filii
494 679 709 732 debitam
739 674 1073 732 obedientiam
1101 681 1155 726 et
1176 670 1469 742 obsequium
1496 669 1676 724 mentis
1699 670 1946 742 denegare

189 921 218 982 ,δ’
270 925 310 979 ’)
340 925 534 967 Notanda
572 924 652 965 hoc
691 923 783 965 loco
811 919 1003 972 Bometi
1034 917 1254 970 explicatio
1285 916 1357 956 lib.
1389 917 1460 956 10.
1520 915 1816 968 Defensionis,
1844 917 1947 959 alias

159 988 224 1027 15.
257 1000 294 1028 c.
328 987 397 1026 17.
428 997 523 1038 pag.
552 982 655 1024 216.
685 993 737 1022 ne
767 975 942 1032 cuipiam
972 978 1108 1018 sucum
1138 975 1276 1016 saciat.
1336 974 1532 1015 Recitato
1563 988 1613 1015 eo
1644 979 1762 1016 textu
1793 978 1945 1028 episto-

155 1048 218 1085 lae
246 1045 373 1085 trium
399 1048 446 1085 et
472 1044 643 1094 triginta
670 1040 971 1092 miso-pamm
999 1034 1162 1076 Gdliae
1190 1036 1245 1074 ad
1273 1034 1552 1074 Innocentium
1573 1035 1628 1075 X.
1659 1045 1739 1086 quo
1769 1035 1946 1076 affima-

154 1109 271 1152 ruut,
303 1115 392 1144 non
418 1105 552 1145 solum
582 1112 637 1144 a
668 1098 827 1142 curisti
854 1096 1029 1138 Domini
1056 1095 1369 1148 pollicitatione
1395 1093 1520 1134 Petro
1542 1093 1689 1146 sacta,
1715 1095 1791 1135 sed
1819 1097 1947 1137 etiam

154 1176 204 1203 ea:
233 1162 340 1203 actis
367 1160 561 1213 priorum
587 1155 866 1207 Pontificum,
911 1159 952 1197 et
992 1152 1357 1196 anathematismis
1397 1152 1598 1193 adversus
1629 1154 1946 1204 Apollinarium

150 1223 192 1262 et
220 1219 541 1268 Macedonium,
577 1217 766 1258 nondum
807 1216 861 1256 ab
890 1217 981 1256 ulla
1021 1214 1288 1255 oecumenica
1317 1212 1476 1265 synodo
1507 1211 1757 1264 damnatos,
1798 1225 1825 1253 a
1855 1212 1944 1254 Da-

148 1292 266 1321 maso
295 1280 424 1330 paulo
455 1281 584 1319 antea
608 1275 770 1326 jactis,
792 1274 963 1324 judicia
989 1285 1069 1326 pro
1098 1273 1332 1314 sancienda
1359 1273 1510 1323 regula
1531 1269 1664 1321 fidei,
1704 1285 1732 1313 a
1763 1273 1947 1314 Summis

156 1336 427 1388 Pontificibus
455 1339 568 1386 lata,
611 1347 742 1388 super
771 1333 1084 1386 Episcoporum
1125 1331 1434 1372 consultatione
1467 1332 1578 1381 (sive
1606 1343 1729 1371 suam
1758 1332 1806 1371 in
1837 1334 1944 1373 actis

149 1398 368 1438 relationis
396 1397 648 1437 sententiam
677 1396 866 1446 ponant,
906 1394 995 1432 sive
1025 1391 1248 1440 omittant,
1287 1393 1420 1441 prout
1456 1390 1547 1429 illis
1578 1390 1834 1441 collibuerit)
1875 1392 1945 1432 di-

150 1458 252 1497 vina
281 1467 411 1507 aeque
441 1468 492 1495 ae
520 1465 686 1495 summa
717 1452 972 1493 auctoritate
999 1452 1108 1492 niti:
1148 1451 1219 1491 cui
1252 1449 1487 1491 Christiani
1527 1459 1668 1489 omnes
1707 1462 1758 1489 ex
1787 1449 1944 1500 officio,

152 1516 290 1567 ipsius
321 1526 482 1567 quoque
511 1514 663 1554 mentis
694 1512 937 1563 obsequium
963 1513 1185 1562 praestare
1215 1511 1441 1550 teneantur
1451 1521 1466 1556 3
1496 1507 1600 1548 hanc
1632 1509 1946 1560 explicationem

151 1574 337 1625 subjicit:
380 1573 466 1619 Quo
497 1574 586 1613 loco
616 1571 664 1612 id
691 1571 909 1619 volebant,
950 1581 1037 1610 non
1077 1581 1166 1609 esse
1192 1579 1354 1620 semper
1381 1568 1664 1608 necessariam
1692 1569 1846 1621 synodi
1875 1583 1941 1610 oe-

151 1634 392 1674 cumenicae
428 1632 704 1678 sententiam,
748 1633 799 1670 ut
833 1629 1070 1671 Christiani
1108 1628 1164 1668 ad
1194 1626 1306 1678 fidei
1343 1625 1534 1677 officium
1564 1630 1832 1677 tener-eretum
1871 1629 1945 1670 sed

149 1693 317 1733 omnino
347 1689 564 1741 sufficere,
607 1689 918 1731 consulentibus
949 1687 1205 1739 Episcopis,
1242 1687 1429 1728 Romani
1458 1685 1679 1736 Pontr'ficis
1710 1690 1944 1730 auctorita—

149 1754 254 1798 tem;
285 1750 492 1802 siquidem
521 1749 643 1801 (nota
673 1746 970 1797 conditionem)
1011 1747 1219 1786 decretum
1250 1743 1340 1792 ejus
1369 1747 1650 1796 reciperetur,
1687 1750 1736 1786 ut
1764 1747 1853 1798 ipsi
1875 1748 1943 1797 se-

151 1813 309 1860 cerant,
339 1812 467 1860 atque
493 1820 521 1848 a
551 1820 598 1847 se
616 1807 786 1857 factum
815 1817 905 1845 esse
932 1805 1065 1855 gestis
1092 1804 1342 1844 indiderant
1369 1805 1426 1844 ad
1454 1805 1518 1844 rei
1535 1805 1791 1848 memoriam.
1828 1807 1944 1845 Haec

148 1873 284 1909 autem
313 1868 520 1914 conditio,
553 1878 671 1918 quam
699 1867 924 1906 Bossuetus
956 1875 1008 1903 ex
1037 1876 1148 1904 mero
1179 1864 1243 1902 sui
1275 1863 1510 1914 systematis
1547 1865 1800 1915 praejudicio
1831 1866 1943 1916 inge-

149 1929 226 1977 rit,
256 1927 307 1966 ab
338 1927 427 1976 ipso
458 1925 757 1977 Episcoporum
787 1923 998 1963 Gallorum
1028 1926 1225 1962 contextu
1258 1923 1516 1973 expungitur.
1563 1923 1688 1963 Ratio
1721 1925 1841 1970 enim,
1874 1939 1945 1964 cur

150 1998 286 2026 onnes
315 1985 540 2025 Christiani
570 1984 817 2036 Apostolicis
847 1982 1156 2022 definitionibus
1184 1985 1397 2033 praestare
1437 1985 1659 2022 teneantur
1694 1984 1843 2023 mentis
1874 1986 1946 2023 ob-

150 2047 343 2097 sequium,
373 2057 422 2084 eo
443 2044 494 2083 ab
518 2045 617 2095 ipsis
638 2043 828 2090 refertur,
861 2042 957 2093 quia
986 2042 1136 2081 divina
1165 2052 1297 2092 aeque
1325 2054 1378 2081 ac
1406 2053 1570 2081 summa
1598 2054 1678 2092 per
1705 2045 1946 2085 universam

152 2103 380 2144 Ecclesiam
413 2103 667 2142 auctoritate
696 2101 910 2141 nituntur.
955 2099 1062 2139 Num
1094 2112 1247 2139 summa
1276 2111 1407 2150 aeque
1437 2112 1488 2138 ac
1518 2100 1658 2140 divina
1687 2102 1845 2142 isthaec
1875 2117 1945 2142 au-

150 2163 320 2202 ctoritas
350 2173 402 2201 ex
431 2173 480 2200 ea
510 2160 748 2201 conditione
778 2171 804 2198 a
825 2159 1030 2198 Bossueto
1061 2159 1222 2209 ingesta
1250 2158 1415 2209 pendet,
1446 2159 1656 2210 siquidem
1684 2161 1849 2202 decreta
1879 2174 1945 2202 re-

151 2222 391 2273 cipiantur,
430 2232 483 2260 an
511 2220 654 2272 potius
682 2231 733 2259 ex
765 2218 924 2259 Christi
962 2218 1124 2258 domini
1151 2218 1288 2257 nostri
1315 2218 1628 2268 pollicitatione
1659 2219 1782 2260 Petro
1805 2221 1942 2270 facta,

149 2282 263 2331 quus
299 2281 542 2319 mentionem
577 2279 698 2319 iidem
727 2277 924 2329 Episcopi
965 2276 1303 2316 antecedentibus
1342 2276 1478 2315 verbis
1519 2277 1736 2318 fecerunt?
1797 2281 1943 2320 Nonne

149 2339 467 2391 pollicitationes
496 2337 674 2386 Christi,
714 2335 765 2375 de
796 2336 940 2387 quibus
970 2347 1136 2386 agemus
1167 2336 1305 2386 capite
1334 2336 1548 2386 sequenti,
1591 2336 1804 2378 absolutae
1836 2345 1942 2383 sunt,

150 2399 327 2449 nullique
354 2398 650 2449 Episcoporum
680 2395 964 2446 recipientium
1001 2395 1232 2435 conditioni
1262 2394 1486 2444 alligatae?
1546 2396 1649 2435 Esto
1681 2398 1740 2436 illi
1771 2400 1944 2449 Aposto-

148 2458 216 2496 lici
239 2457 386 2507 jndicii
427 2456 703 2506 receptionem
742 2455 817 2494 abs
858 2467 903 2493 se
942 2454 1092 2493 factam
1131 2455 1261 2504 gestis
1302 2454 1544 2500 indiderint,
1588 2460 1630 2494 et
1668 2460 1942 2508 receptionem

150 2515 309 2567 quidem
338 2526 418 2555 non
449 2514 547 2554 nudi
578 2517 735 2553 tantum
768 2511 978 2563 obsequii,
1019 2513 1094 2551 sed
1125 2514 1248 2552 etiam
1273 2513 1447 2562 judicii;
1486 2525 1565 2552 non
1598 2517 1732 2554 tamen
1765 2517 1843 2555 sibi
1875 2530 1941 2556 ar-

150 2577 343 2625 rogarunt
372 2574 602 2614 libertatem
633 2572 903 2612 dissentiendi
932 2583 960 2611 a
980 2572 1139 2622 judicio
1172 2572 1320 2612 divina
1348 2583 1479 2623 aeque
1515 2585 1567 2612 ac
1595 2584 1762 2615 summa
1793 2581 1942 2617 aucto—

148 2634 296 2680 ritate,
339 2636 378 2671 et
409 2632 566 2674 Christi
601 2631 911 2683 pollicitatione
950 2631 1077 2680 nixo,
1120 2632 1185 2670 cui
1224 2631 1332 2670 sicut
1370 2643 1510 2671 omnes
1539 2632 1794 2673 Christianos
1827 2637 1943 2676 obse-

152 2691 286 2742 quium
315 2689 459 2729 mentis
489 2690 639 2728 debere
666 2691 880 2740 praestare
920 2689 963 2727 in
994 2684 1170 2739 epistola
1210 2689 1263 2727 ad
1291 2689 1572 2730 Innocentium
1609 2693 1784 2742 professi
1823 2699 1942 2741 sunt3

152 2750 211 2788 ita
240 2749 470 2799 Episcopus
501 2760 551 2788 ex
581 2748 673 2798 ipsa
702 2747 957 2786 hierarchica
987 2747 1321 2786 subordinatione
1351 2748 1502 2787 debere
1529 2751 1761 2801 unitatem,
1804 2754 1845 2791 in
1876 2755 1942 2792 lit-

153 2807 254 2847 teris
282 2807 335 2847 ad
355 2807 581 2858 Episcopus
611 2806 728 2856 regni
757 2806 810 2844 ab
842 2805 984 2844 eodem
1012 2807 1212 2845 Bossueto
1241 2807 1427 2844 recitatis
1457 2818 1649 2857 expresse
1669 2810 1942 2858 declararunt,

155 2866 248 2906 dum
278 2866 503 2916 scripsere:
536 2863 773 2915 Episcopos
803 2866 1101 2914 congregatos,
1141 2866 1191 2903 ut
1221 2863 1522 2911 deliberarent,
1552 2867 1654 2917 quid
1685 2869 1732 2907 in
1763 2869 1840 2910 hoc
1867 2882 1943 2910 ne-

152 2924 265 2975 gotio
289 2925 409 2974 sacto
427 2935 547 2975 ‚opus
577 2926 702 2973 esset,
732 2934 818 2963 uno
848 2923 1030 2973 spiritu,
1068 2933 1155 2963 uno
1187 2923 1329 2974 corde,
1364 2934 1451 2962 uno
1490 2935 1560 2963 ore
1600 2929 1856 2969 consensisse
1886 2931 1943 2970 ad

151 2982 440 3035 recipiendum
468 2983 587 3023 illius
610 2980 845 3032 judicium,
887 2982 958 3022 cui
985 2980 1108 3022 PER
1143 2981 1474 3022 UNITATEM
1500 2983 1730 3026 Christiani
1758 2987 1942 3039 Episco—

153 3046 282 3093 patus
319 3041 580 3083 hierarchica
613 3041 959 3098 subordinatione
999 3042 1190 3091 colligati
1219 3045 1376 3090 essent,
1420 3045 1470 3081 ut
1497 3044 1645 3084 merito
1675 3047 1943 3101 crediderint,

154 3102 486 3152 propositionum
520 3100 907 3142 condemnationem
944 3110 1033 3140 una
1074 3112 1168 3141 cum
1198 3113 1244 3140 eo
1276 3113 1302 3141 a
1330 3113 1376 3140 se
1406 3113 1568 3152 quoque
1597 3116 1686 3144 esse
1712 3109 1940 3157 prolatam,

154 3172 205 3199 ac
234 3161 570 3209 pronuntiatam.
615 3161 733 3200 Haec
761 3157 1024 3200 hierarchica
1054 3160 1347 3200 stibordinatio
1378 3159 1675 3212 Episcoporum
1707 3177 1806 3216 erga
1836 3178 1940 3207 sum-

155 3229 258 3257 mum
286 3217 524 3258 Pontificem
553 3219 821 3259 obedientiam
851 3231 900 3258 ac
930 3218 1032 3269 ipsis
1061 3219 1240 3258 debitam
1270 3223 1395 3269 atque
1419 3221 1595 3270 juratam
1624 3225 1805 3274 respicit,
1837 3238 1941 3277 quae

156 3278 198 3316 iu
228 3276 418 3326 decretis,
447 3288 519 3316 seu
547 3277 852 3318 definitionibus
882 3277 976 3317 fidei
1007 3279 1157 3317 mentis
1187 3279 1427 3329 obsequium
1457 3279 1508 3317 ab
1540 3280 1618 3319 illis
1648 3293 1778 3333 aeque
1806 3297 1858 3324 ae
1886 3286 1938 3324 ab

154 3336 336 3375 omnibus
364 3335 611 3375 Christianis
637 3337 697 3376 ita
725 3337 911 3388 requirit,
943 3341 989 3376 ut
1018 3339 1053 3376 si
1080 3337 1237 3388 judices
1266 3337 1395 3376 velint
1423 3350 1561 3388 agere,
1592 3340 1633 3379 iu
1665 3344 1822 3383 unitate
1848 3357 1939 3385 cum

155 3405 304 3435 summo
334 3393 535 3434 Pontifice
557 3394 764 3445 judicent,
807 3395 1136 3447 quemadmodum
1165 3396 1420 3447 antiquiores
1450 3398 1612 3438 Galliae
1637 3399 1833 3454 Episcopi
1865 3405 1938 3442 sub

155 3454 202 3492 S.
231 3454 371 3494 Leone
413 3457 456 3492 et
494 3464 631 3492 omnes
666 3453 737 3493 alii
776 3453 967 3494 catholici
996 3455 1213 3495 Antistites
1253 3456 1294 3494 in
1336 3455 1436 3506 ipsis
1464 3458 1722 3507 generalibus
1753 3463 1943 3503 conciliis

156 3511 359 3559 fecerunt,
390 3513 538 3552 nemini
570 3523 740 3563 unquam
770 3512 867 3554 data
898 3513 1163 3555 dissentiendi
1193 3514 1405 3563 libertate,
1436 3520 1481 3555 ut
1508 3517 1606 3557 alibi
1638 3519 1825 3562 vidimus.

1484 3585 1588 3641 17*
