2314 3984
307 347 678 403 honossunitati's
705 347 1033 411 concessum,
1068 346 1126 399 in
1153 346 1502 418 armani
1530 350 1737 404 trahere
1764 359 1933 423 potest
1956 361 2169 404 eontra*

310 436 438 489 nium
473 432 762 490 auctoritati
801 431 1163 504 Apostolicae,
1202 433 1764 509 ac.si³Mpostolica
1793 437 2085 493 definitione
2106 436 2166 489 li—

309 523 470 576 cuerit
496 519 782 591 ambigere,
821 529 1092 590 antequam
1129 520 1394 575 concilium
1432 523 1549 594 post
1569 537 1791 579 examen
1831 533 1882 577 et
1917 521 2166 593 cognitio-

310 627 422 662 nem
449 606 749 660 concordiae
775 607 999 679 ejusdem
1024 607 1328 661 definitionis
1366 627 1476 662 cum
1501 619 1734 665 veterum
1743 610 2080 669 conciliorum
2106 629 2166 664 ac

310 693 523 748 Patrum
563 694 794 748 doctrina
828 694 1137 748 sententiam
1177 697 1389 749 ferret?
1428 694 1625 751 Nonne.
1655 697 1780 752 haec
1806 699 1939 751 ratio
1979 697 2024 750 si
2050 696 2166 766 quid

307 784 532 848 valeret,
571 780 780 835 libertas
821 800 1019 854 quoque
1046 800 1291 837 concessa
1328 783 1538 838 dicenda
1563 794 1703 838 esset
1729 783 2059 838 dissentiendi
2084 784 2166 838 vel

310 890 339 922 a
366 869 741 924 definitionibus
769 869 951 942 synodi
978 871 1252 942 geum-affl,
1281 870 1325 924 si
1352 871 1412 924 ad
1439 871 1816 944 persuadendos
1842 880 2177 925 contumaces.

308 976 492 1013 novum
520 975 768 1023 examen,
797 975 1081 1028 novumque
1095 957 1339 1029 judicium
1366 958 1699 1024 instituatur,
1739 959 1812 1011 uti
1849 960 2037 1011 factum
2073 957 2166 1009 fuit

309 1066 338 1099 a
365 1044 544 1100 Leone
569 1044 912 1118 Imperatore,
951 1064 1060 1099 cum
1095 1055 1210 1117 post
1238 1043 1669 1100 Calchedonensis
1710 1045 2050 1098 definitionem
2088 1054 2168 1096 to-

308 1133 407 1186 tius
435 1132 574 1187 orbis
600 1130 883 1205 Episcopus
922 1133 984 1185 ad
1009 1133 1127 1186 illud
1156 1151 1376 1186 examen
1405 1133 1682 1199 excitavit,
1725 1133 1784 1186 de
1823 1151 1919 1202 quo
1947 1130 2167 1183 diximus

309 1220 628 1275 antecedenti
654 1238 791 1272 num.
822 1219 908 1275 70.
962 1219 1016 1273 Id
1042 1219 1168 1273 nihil
1194 1221 1398 1275 officere
1427 1207 1655 1294 agnitum
1689 1238 1886 1291 quoque
1913 1237 1943 1272 a
1971 1215 2167 1272 Claris-

310 1308 436 1360 simo
462 1305 718 1360 Bossueto
745 1315 884 1377 patet
912 1325 983 1359 ex
1008 1306 1090 1371 iis,
1119 1326 1248 1376 quae
1275 1307 1631 1363 animadvertit
1655 1308 1709 1360 in
1736 1325 1917 1361 novum
1947 1323 2167 1358 examen

308 1411 492 1447 causae
518 1391 909 1445 Donatistarum
937 1391 1158 1444 habitum
1183 1393 1238 1444 in
1266 1393 1454 1446 celebri
1470 1391 1756 1446 Collatione
1768 1390 2168 1462 Carthaginensi

309 1500 390 1534 an.
419 1480 546 1534 411.
602 1478 731 1534 Cum
760 1479 891 1532 enim
918 1478 1153 1532 Africani
1180 1479 1304 1533 duce
1330 1479 1643 1551 potissimum
1674 1478 1966 1550 Augustino
1993 1477 2170 1532 Dona-

307 1569 458 1621 tistas
498 1567 653 1621 toties
691 1566 880 1632 victoS,
922 1576 972 1620 et
1008 1566 1162 1619 toties
1200 1568 1261 1620 ab
1297 1564 1531 1620 Ecclesia
1567 1567 1831 1619 damnatos
1868 1584 1970 1619 non
2005 1566 2168 1619 solum

311 1656 629 1709 adduxerunt
657 1654 719 1707 ad
745 1653 1012 1707 ineundam
1041 1673 1226 1708 novum
1255 1672 1438 1708 causae
1467 1673 1718 1719 examen,
1755 1671 2040 1721 novamque
2068 1652 2168 1704 dis-

309 1743 594 1796 cussionem
633 1761 802 1795 coram
841 1740 1174 1806 Marcellino,
1212 1741 1298 1793 sed
1338 1751 1607 1811 praeterea
1645 1740 1768 1812 ipsis
1794 1749 2169 1812 proposuerunt

311 1831 438 1883 hanc
478 1828 815 1884 conditionem
855 1827 1031 1899 (Aug.
1072 1847 1149 1900 ep.
1183 1827 1304 1881 128.
1347 1845 1398 1879 n.
1429 1827 1539 1899 2),
1580 1836 1639 1882 ut
1676 1832 1723 1880 si
1759 1829 1913 1880 nobis
1940 1831 2009 1889 ii,
2048 1846 2168 1881 cum

309 1919 498 1989 quibus
526 1921 758 1988 aglimuS,
786 1919 1158 1969 demonstrare
1176 1919 1462 1985 potuerint
1487 1957 1498 1967 .
1530 1956 1541 1967 .
1575 1956 1586 1967 .
1620 1956 1631 1967 .
1662 1916 1834 1969 subito
1863 1916 2169 1967 Ecclesiam

318 2006 521 2058 Christi
545 2007 725 2056 nescio
766 2023 1017 2073 quorum,
1055 2023 1189 2074 quos
1227 2005 1313 2056 illi
1347 2012 1632 2065 accusant,
1663 2009 2014 2074 peccatorum
2041 2022 2166 2071 per-

310 2096 433 2144 iisse
472 2095 749 2160 contagio,
791 2099 842 2143 ct
876 2095 930 2143 in
972 2093 1091 2144 sola
1127 2094 1446 2143 remansisse
1478 2097 1643 2157 parte
1685 2090 1893 2141 Donati
1905 2109 1922 2150 ,·
1963 2093 2011 2141 si
2049 2090 2169 2149 hoc,

309 2186 367 2231 ut
393 2179 592 2231 dictum
620 2185 725 2240 est,
762 2179 1135 2231 demonstrare
1153 2181 1466 2248 potuerint3
1506 2178 1685 2229 nullos
1714 2178 1866 2245 apud
1889 2195 1979 2228 eos
2007 2177 2170 2228 Itono-

309 2285 395 2318 res
411 2267 762 2335 Episcopalis
788 2269 1022 2318 muneris
1049 2269 1401 2335 requiremus,
1428 2266 1526 2317 sed
1551 2283 1732 2316 eorum
1760 2282 2040 2333 sequemur
2057 2282 2170 2332 pro

311 2355 429 2405 sola
458 2360 682 2405 aeterna
710 2354 882 2405 salute
911 2354 1226 2414 consilium,
1266 2354 1455 2422 quibus
1483 2356 1622 2405 tanti
1650 2355 1890 2422 qratiam
1929 2351 2172 2420 beneficii

306 2459 414 2508 pro
441 2442 659 2509 coynita
686 2441 912 2493 veritate
939 2442 1270 2493 debebimus.-
1298 2438 1534 2508 numquid
1561 2457 1632 2491 ex
1659 2437 1751 2491 hoc
1779 2456 1911 2491 novo
1933 2436 2170 2490 examine

310 2536 460 2595 atque
495 2524 843 2596 propositione
879 2544 987 2578 rem
1022 2525 1178 2578 'veluti
1228 2524 1450 2588 dubiam,
1498 2523 1741 2593 liberique
1781 2523 2042 2576 dissensus
2080 2541 2168 2576 eos

312 2610 587 2665 credidisse
624 2608 908 2664 Bossuetus
945 2611 1178 2682 putavit?
1233 2609 1318 2662 An
1357 2612 1724 2663 cunctabundi
1761 2609 1963 2681 (inquit
2000 2610 2085 2661 lib.
2116 2612 2166 2662 5.

314 2695 639 2751 Defensionis
665 2695 870 2751 Declar.
902 2717 944 2751 c.
975 2698 1124 2767 270,
1155 2718 1223 2751 an
1254 2699 1430 2758 ᾱιιόἰί,
1458 2717 1528 2749 an
1556 2698 1860 2750 catholicae
1888 2699 2170 2750 Ecclesiae

314 2791 530 2857 ey‘usque
559 2788 898 2837 auctoritatis
927 2789 1149 2846 incerti,
1178 2789 1271 2855 qui
1298 2804 1410 2837 eam
1440 2792 1518 2837 tot
1543 2788 1812 2854 tantisque
1841 2787 2169 2837 documentis

310 2893 419 2925 non
470 2873 627 2924 modo
682 2879 913 2933 certam,
961 2874 1059 2924 sed
1093 2876 1255 2925 etiam
1294 2875 1645 2941 perspicuam
1699 2872 2175 2925 demonstrabant?

314 2958 484 3012 Absit.
523 2956 577 3010 Id
603 2967 803 3010 tantum
830 2958 1172 3030 indulgentiae
1200 2968 1250 3011 et
1271 2958 1627 3011 oeconomicae
1650 2958 1952 3011 caritativae
1971 2956 2171 3027 dispen-

314 3045 528 3099 sationis
571 3063 727 3098 causa
764 3054 964 3116 gestum
1000 3055 1150 3115 atque
1187 3044 1502 3115 propositum
1543 3043 1710 3114 (Aug.
1747 3062 1826 3114 ep.
1859 3042 1963 3096 128
2002 3061 2053 3093 n.
2082 3042 2168 3113 4.)

313 3152 424 3185 cum
451 3131 743 3203 Augustino
772 3134 961 3186 fatetur
974 3130 1069 3204 *),-
1098 3138 1177 3191 ut,
1215 3133 1263 3182 si
1283 3133 1410 3200 fieri
1441 3136 1650 3198 potest,
1690 3131 1861 3182 corda
1901 3131 2170 3182 hominum

434 3269 475 3319 ’)
510 3268 646 3307 Simili
681 3267 857 3318 quadam
881 3265 1129 3306 oeconomia
1147 3267 1273 3314 atque
1296 3262 1470 3302 consilio
1494 3262 1800 3313 antiquioribus
1821 3263 2054 3303 Donatistis
2072 3267 2167 3313 post

308 3327 511 3378 judicium
543 3328 775 3367 Romanum
808 3326 884 3366 sub
917 3324 1150 3365 Melchiade
1180 3323 1411 3374 Imperator
1428 3323 1733 3361 Constantinus
1765 3322 1880 3362 dedit
1914 3323 2038 3363 aliud
2053 3323 2169 3361 Are-

314 3389 478 3427 latense
504 3385 719 3434 jadicium
751 3387 936 3426 aliorum
966 3385 1130 3425 scilicet
1165 3381 1504 3432 Episcopomm,
1537 3393 1625 3421 non
1660 3382 1779 3433 quia,
1811 3382 1947 3432 inquit
1978 3380 2171 3432 Augusti-

316 3458 393 3486 nu·
426 3446 550 3496 epist.
583 3445 656 3484 43.
690 3458 800 3489 num.
833 3446 932 3491 20..
958 3443 1051 3493 jam
1081 3453 1254 3484 necesse
1284 3444 1392 3489 erat,
1424 3441 1500 3481 sed
1532 3453 1676 3482 eorum
1709 3441 2069 3492 perversitatibus
2102 3451 2169 3481 ce-

316 3506 441 3559 dens,
474 3508 514 3546 et
546 3506 787 3546 omnimodo
820 3505 1000 3556 cupiens
1034 3506 1200 3546 tantam
1231 3500 1544 3553 impudentiam
1577 3501 1784 3543 cohibere.

2301 326 2310 348 ρ

2291 766 2294 771 ·
2284 480 2314 692 Πίναξ-Λα
2282 366 2307 465 .—2v¹·''-„
2287 316 2314 330 ,Α
2283 254 2314 301 *³5¹2-
