2320 3990
970 197 1636 257 *124—

369 377 440 412 ex
466 359 787 443 institutione
813 360 972 432 ipsius
999 359 1198 416 Christi
1222 363 1634 438 derivat9..quem
1674 367 1860 422 idcireo
1889 370 2056 425 claves
2085 373 2229 442 regni

368 447 622 502 coelorum
646 465 934 518 supremam
955 448 1311 503 auctoritatem
1330 450 1678 522 significantes
1703 458 1809 510 soli
1834 457 2004 510 Petro
2031 457 2229 512 dedisse

368 534 455 601 ait,
483 543 543 588 ut
565 537 787 589 unitatis
813 539 1087 606 negotium
1106 541 1471 607 formaretur.
1519 537 1781 596 Unitatem
1809 544 2005 613 quidem
2034 546 2232 599 servari

368 624 429 675 ab
469 621 699 675 omnibus
735 621 790 676 iu
827 621 976 678 Petri
1016 624 1260 680 cathedra
1297 646 1389 699 per
1423 625 1672 680 unitatem
1718 631 2084 684 communionis
2121 633 2230 704 ipse

364 708 596 782 Dupinus
623 711 866 783 exponit:
895 710 1249 785 (Dupimnot.
1281 714 1400 784 26.)
1437 715 1540 769 Cui
1565 716 1953 788 adhaerentes,
1978 719 2229 790 inquienS,

367 803 421 852 in
457 819 567 853 una
605 804 975 855 communione
1002 810 1337 871 perstarent.
1404 801 1475 855 Et
1515 802 1630 856 dein
1667 803 1879 874 loquens
1914 808 1974 861 de
2011 806 2226 861 Siricio:

367 886 466 958 (Id.
497 897 604 940 not.
634 886 756 954 37.)
807 889 939 943 Cum
976 910 1082 960 quo
1118 895 1541 944 communionem
1580 892 1858 955 habemus,
1899 903 1949 947 et
1976 914 2084 963 per
2112 915 2228 947 eum

365 995 484 1029 cum
511 977 753 1029 omuibus
781 979 904 1030 aliis
933 979 1252 1048 EpiscopiS,
1281 983 1374 1049 qui
1389 999 1497 1050 per
1525 982 1815 1049 epistOIaS,
1842 989 1902 1035 ut
1927 984 2229 1051 appellant,

358 1069 630 1132 formatas
657 1084 777 1117 cum
802 1067 922 1134 ipso
949 1070 1352 1121 communicant.

513 1152 602 1206 20.
655 1151 730 1204 At
757 1151 801 1204 si
829 1153 1203 1217 consideremus
1232 1155 1500 1209 cathedrae
1527 1155 1758 1222 nomine,
1787 1175 1882 1226 quo
1911 1154 2228 1228 Episcopalis

364 1239 642 1293 auctoritas
669 1239 913 1307 innuitur,
942 1261 1053 1295 eam
1079 1244 1386 1315 praesertim
1413 1243 1767 1296 auctoritatem
1795 1244 2101 1315 significari,
2131 1263 2230 1313 qua

362 1325 606 1399 Episcopi
632 1328 912 1380 doctrinam
952 1329 1065 1381 fidei
1093 1340 1143 1382 et
1170 1349 1364 1383 morum
1392 1349 1462 1384 ex
1490 1330 1756 1397 cathedra,
1798 1341 1853 1383 ut
1893 1333 2061 1402 ajunt,
2099 1331 2228 1384 idest

362 1425 619 1485 tamquam
630 1412 895 1468 Ecclesiae
922 1415 1159 1486 magistri
1185 1426 1336 1486 atque
1361 1415 1618 1469 Doctores
1645 1427 1934 1489 proponunt
1957 1428 2008 1471 et
2029 1419 2227 1484 docent,

364 1512 418 1554 ut
446 1521 516 1556 ex
540 1501 860 1575 Hieronymo
885 1502 1252 1574 explicabimus
1273 1523 1325 1556 n.
1348 1503 1467 1571 35.;
1495 1504 1740 1558 unitatem
1771 1504 2089 1577 potissimum
2115 1506 2227 1559 fidei

364 1600 515 1661 atque
552 1590 815 1644 doctrinae
857 1610 967 1644 cum
1006 1590 1245 1644 Romana
1268 1590 1528 1645 cathedra
1556 1592 1932 1645 custodiendam
1961 1611 2228 1664 agnosceS‚

365 1689 418 1731 ut
445 1679 744 1745 cathedrae,
785 1679 916 1732 idest
955 1679 1216 1733 doctrinae.
1246 1689 1295 1732 et
1322 1679 1435 1732 fidei
1475 1680 1646 1733 unitas
1673 1680 1725 1732 111
1750 1680 1838 1732 illa
1877 1690 2136 1744 servetur,
2179 1690 2224 1733 et

364 1767 455 1820 hac
483 1767 684 1820 ratione
719 1766 1034 1838 intelligatur
1069 1766 1273 1838 proprie
1313 1766 1447 1820 dicta
1486 1769 1751 1820 cathedra
1778 1788 1887 1820 uua
1914 1768 1966 1819 in
1996 1778 2102 1819 tota
2127 1765 2228 1820 Ec-

362 1855 520 1909 clesia
548 1854 811 1920 catholica,
841 1864 1090 1924 quatenus
1118 1873 1219 1907 una
1235 1864 1315 1907 est
1339 1854 1568 1908 doctrina
1593 1854 1724 1919 fidei,
1754 1874 1881 1925 quae
1909 1855 1968 1907 ab
1997 1854 2228 1908 omnibus

364 1943 643 1998 catholicae
669 1941 936 1996 Ecclesiae
962 1940 1232 2014 Episcopis
1259 1942 1310 1994 in
1338 1942 1532 1995 unitate
1560 1941 1826 1995 Romanae
1853 1941 1966 1995 fidei
1992 1942 2225 1994 traditur.

361 2031 639 2087 Enimvero
668 2030 941 2084 notandum
969 2040 1078 2095 est,
1115 2030 1243 2082 hanc
1281 2022 1615 2096 cathedram2'
1639 2050 1785 2100 quam
1813 2028 2031 2102 Optatus
2068 2024 2237 2083 unani

364 2128 415 2172 et
440 2122 771 2190 sinyularem
797 2118 850 2170 in
875 2127 986 2170 tota
1011 2115 1247 2170 Ecclesia
1276 2117 1525 2182 affirmat,
1568 2136 1812 2188 quamque
1852 2136 2026 2170 omnes
2054 2117 2227 2171 catho-

362 2206 444 2260 lici
477 2205 720 2278 Episcopi
756 2217 934 2259 tenere
974 2205 1138 2275 aliquo
1176 2204 1321 2257 modo
1362 2205 1571 2270 debent,
1625 2224 1688 2258 ne
1727 2215 1883 2258 extra
1921 2205 2227 2277 singularem

364 2294 653 2348 cathedram
694 2294 903 2347 alteram
944 2294 1219 2358 collocent,
1261 2293 1320 2345 ab
1363 2294 1536 2346 eodem
1565 2291 1754 2364 Optato
1793 2293 1886 2346 dici
1914 2295 2229 2346 cathedram

366 2384 539 2445 Petri,
568 2401 658 2436 seu
683 2381 991 2448 Romanam,
1020 2386 1074 2434 in
1104 2402 1211 2452 qua
1238 2384 1380 2434 sedit
1396 2384 1561 2450 prior
1592 2382 1808 2442 Petram,
1837 2381 1949 2434 dein
1966 2379 2149 2446 Linu8‚
2179 2391 2229 2434 et

363 2471 522 2524 ceteri
548 2469 698 2524 Petri
724 2488 1049 2523 successores
1077 2468 1301 2521 Romani
1318 2467 1597 2521 Pontifices
1627 2468 1735 2539 (De
1759 2479 2054 2540 praerogat.
2072 2468 2225 2522 Rom.

361 2557 502 2612 Eccl.
525 2576 632 2629 cap.
657 2556 761 2628 3..)
794 2559 876 2609 Eo
906 2565 1080 2610 autem
1107 2576 1280 2617 sensu,
1306 2554 1467 2624 inquit
1493 2554 1863 2626 Maimburgus,
1892 2577 2071 2608 omues
2100 2559 2227 2625 Epi-

363 2650 519 2717 scopi
545 2648 735 2699 sedent
760 2664 924 2714 super
955 2645 1115 2697 Petri
1141 2644 1475 2705 cathedram,
1503 2664 1608 2714 quo
1637 2664 1816 2696 omues
1845 2647 2101 2714 autiquae
2128 2644 2226 2696 Le-

359 2739 444 2804 9is
471 2736 745 2787 Doctores
773 2753 937 2802 super
967 2734 1174 2804 Moysis
1203 2732 1519 2784 cathedram
1558 2735 1825 2785 sederunt.
1881 2730 2100 2802 Optime.
2154 2731 2229 2783 At

363 2840 464 2875 non
494 2821 644 2874 aliter
670 2819 759 2884 illi,
787 2819 948 2873 variis
974 2819 1091 2871 licet
1117 2818 1170 2870 in
1196 2819 1320 2871 locis
1349 2818 1584 2891 dispersi,
1613 2820 1854 2874 sederunt
1880 2837 2031 2891 super
2058 2818 2230 2872 cathe-

364 2911 506 2962 dram
535 2907 770 2980 MoysiS‚
808 2906 908 2960 nisi
946 2917 1197 2977 quatenus
1235 2925 1412 2960 omnes
1452 2907 1678 2961 eamdem
1703 2905 1908 2979 Moysis
1947 2906 2227 2959 doctrinam

363 2996 647 3049 tradidere:
677 2996 807 3049 unde
823 2995 952 3048 hanc
967 2993 1228 3046 doctrinae
1249 2993 1494 3046 unitatem
1521 2993 1797 3064 respiciens
1812 2991 2048 3046 Christus
2069 2991 2226 3044 dixit:

371 3087 551 3155 Super
601 3084 916 3137 cathedram
967 3083 1175 3152 Moysis
1228 3083 1486 3133 sederunt
1533 3070 1762 3132 Scribae
1816 3087 1871 3132 et
1913 3079 2222 3132 Pharisaei.

376 3175 753 3242 Quaecumque
791 3172 1039 3224 dixerint
1071 3169 1248 3229 cobis,
1287 3175 1494 3220 servate
1524 3175 1575 3219 et
1593 3171 1794 3236 facite;
1833 3167 1886 3219 in
1914 3185 2042 3236 quae
2069 3167 2227 3221 verba

365 3259 740 3331 Hieronymus:
769 3260 881 3312 Per
896 3259 1214 3312 cathedram
1237 3258 1542 3309 doctrinam
1555 3255 1717 3325 Leyis
1741 3257 2006 3325 iutelliyit.
2033 3252 2225 3308 Eodem

367 3346 524 3418 igitur
572 3348 717 3400 modo
766 3365 869 3400 non
919 3345 1066 3398 aliter
1115 3362 1290 3397 omnes
1329 3341 1561 3396 catholici
1598 3340 1838 3415 Episcopi
1888 3360 2037 3395 unam
2078 3341 2226 3396 Petri

366 3434 653 3489 cathedram
680 3445 875 3501 tenent,
903 3444 955 3489 et
975 3452 1126 3507 super
1148 3433 1283 3491 illam
1311 3431 1505 3496 sedent,
1534 3429 1631 3483 nisi
1660 3441 1906 3500 quatenus
1931 3449 1959 3483 e
1988 3429 2090 3483 suis
2118 3429 2225 3499 qui-

367 3542 462 3594 que
494 3522 696 3577 sedibus
725 3523 947 3577 eamdem
977 3521 1257 3577 doctrinam
1287 3518 1518 3581 tradunt.
1561 3538 1706 3588 quam
1734 3516 1922 3572 Petrus
1951 3527 2000 3572 et
2027 3535 2226 3572 succes-
