2314 3984
980 213 1643 273 ——Hssm

379 381 569 434 babent
610 389 883 454 patronos,
934 379 1238 453 Apostolica
1255 382 1552 454 p‘ffl‘n'tia
1562 385 1620 458 *)
1663 386 1882 440 differre·
1905 386 2094 460 solet);
2146 390 2235 443 sed

377 474 646 542 praecepto
670 474 868 519 tantum
894 465 1116 538 solisque
1141 469 1684 527 excommunicationis
1709 473 1887 539 miniS,
1914 483 1969 527 ut
1993 491 2119 529 sane
2145 494 2234 531 ve-

377 571 565 626 raeque
590 552 851 608 doetrinae
878 553 1006 608 satis
1030 554 1339 627 provideret,
1367 554 1860 616 laudatusPoutifex
1877 579 1997 615 usus
2023 562 2232 629 fuisset;

497 718 537 773 ‘)
568 720 727 761 Notum
759 724 827 760 est
854 720 968 765 inter
997 720 1111 769 alia,
1142 722 1344 774 synodum
1375 722 1692 772 Tridentinam,
1733 727 1801 768 cui
1837 730 2101 780 propositum
2136 731 2231 769 erat

377 786 624 822 novatorum
657 792 824 822 errores
853 777 1091 833 configere,
1123 783 1301 824 maxime
1331 783 1522 832 cavisse,
1556 796 1634 833 ne,
1667 785 1738 825 ubi
1770 786 2011 834 incidebant
2042 791 2230 840 gravium

377 841 688 893 Theologorum
718 841 815 882 hinc
847 841 945 881 inde
978 841 1222 894 opiniones,
1257 842 1515 885 definitivam
1547 845 1589 884 in
1621 845 1768 886 iisdem
1800 849 2053 888 sententiam
2083 848 2229 889 ferret.

377 903 420 942 In
454 901 702 954 quaestione
731 905 896 949 autem,
932 913 1027 944 num
1057 903 1363 945 matrimonium
1397 905 1592 945 adulterii
1626 917 1756 946 causa
1786 906 2067 954 dissolvatur,
2101 919 2232 948 verae

377 963 597 1003 doctrinae
629 963 894 1015 prospiciens
926 958 1040 1005 sess.'
1061 962 1137 1002 24.
1171 975 1264 1004 can.
1296 967 1341 1005 7.
1373 965 1597 1006 anatliema
1629 966 1796 1017 quidem
1827 967 1935 1007 dixit
1966 967 2010 1007 in
2043 979 2130 1016 eos,
2162 969 2233 1020 qui

377 1024 568 1063 dicerent
587 1023 822 1063 Ecclesiam
854 1033 1023 1070 errare,
1070 1034 1161 1063 cum
1187 1023 1314 1064 docet
1344 1025 1546 1076 ejusmodi
1580 1026 1788 1067 vinculum
1821 1039 1871 1066 ea
1904 1027 1955 1067 de
1989 1039 2115 1068 causa
2147 1039 2228 1068 non

374 1096 501 1136 posse
533 1083 731 1132 dissolvi3
768 1087 812 1124 at
851 1082 1107 1124 instantibus
1137 1084 1386 1125 Oratoribus
1416 1085 1694 1138 Reipublicae
1724 1088 1912 1128 Venetae
1955 1087 2007 1128 ob
2041 1088 2231 1128 Graecos

374 1155 596 1196 regnorum
629 1143 812 1196 eiusdem
843 1144 1047 1190 Dominii,
1081 1143 1286 1185 abstinuit
1316 1146 1367 1185 ab
1399 1145 1663 1187 anathemate
1694 1147 1748 1187 iis
1779 1147 2030 1199 infligendo,
2075 1148 2144 1199 qui
2177 1148 2228 1188 ob

374 1204 627 1246 adulterium
669 1205 859 1257 conjugis
902 1204 957 1244 ad
996 1203 1100 1244 alias
1141 1207 1309 1257 nuptias
1351 1207 1607 1253 transirent,
1650 1219 1703 1247 ne
1746 1207 1825 1247 boc
1867 1207 2135 1247 anathemate
2171 1209 2230 1248 ni-

373 1265 500 1306 mium
541 1264 775 1306 offenderet
817 1264 984 1305 eosdem
1025 1265 1242 1314 Graecos,
1286 1267 1356 1318 qui
1399 1267 1501 1307 licet
1541 1267 1626 1307 alia
1657 1267 1962 1309 consuetudine
1995 1271 2228 1314 uterentur,

374 1325 648 1366 Praesulibus
687 1329 827 1365 tamen
858 1325 1077 1365 Romanae
1117 1325 1206 1364 sedi
1247 1326 1574 1366 adhaerentibus
1603 1327 1826 1375 suberant,
1873 1339 2097 1380 eorumque
2129 1339 2229 1368 con-

374 1385 609 1424 versionem
641 1383 921 1425 difficiliorem
962 1382 1181 1430 redderet,
1223 1387 1270 1424 ut
1302 1384 1541 1425 Cardinalis
1570 1383 1858 1426 Pallavicinus
1902 1387 1974 1426 lib.
2006 1387 2081 1426 22.
2118 1387 2230 1427 Hist.

371 1446 504 1485 Cone.
537 1443 658 1484 Trid.
693 1457 729 1484 c.
752 1444 795 1485 4.
830 1443 1018 1496 pluribus
1050 1443 1248 1495 explicat.
1311 1445 1446 1484 Porro
1479 1444 1523 1484 in
1556 1445 1804 1496 quaestione
1837 1445 1888 1485 de
1923 1445 2227 1487 haereticorum

372 1506 580 1558 baptismo
614 1504 816 1557 Cypriani
848 1508 1033 1556 tempore
1064 1503 1245 1544 nondum
1278 1503 1466 1553 definita,
1498 1506 1540 1544 in
1572 1517 1654 1557 qua
1687 1506 1828 1546 Asiani
1853 1506 2151 1559 Cappadociae
2185 1511 2228 1546 et

373 1567 548 1607 Ciciliae
589 1565 939 1618 finitimarumque
986 1564 1296 1616 provinciarum
1340 1577 1425 1607 una
1467 1577 1557 1605 cum
1589 1566 1798 1606 Africanis
1829 1567 2028 1618 maj0rum
2061 1578 2228 1607 suorum

371 1627 637 1667 traditionem
690 1629 733 1666 et
775 1624 1122 1666 consuetudinem
1172 1638 1198 1665 a
1240 1627 1400 1666 sanctis
1450 1624 1671 1678 doctisque
1711 1626 1937 1679 Episcopis
1986 1630 2225 1679 receptam.

372 1687 729 1738 conciliorumque
749 1686 1071 1739 provincialium
1088 1686 1275 1726 Orientis
1289 1690 1331 1726 et
1348 1686 1516 1726 Africae
1533 1686 1806 1737 approbatam
1827 1688 2063 1738 conjunctis
2077 1686 2229 1727 studiis

371 1749 717 1800 propugnabant;
754 1747 853 1798 quid
885 1747 1050 1794 mirum,
1083 1745 1120 1783 si
1153 1746 1338 1785 instante
1372 1747 1417 1785 S.
1451 1746 1652 1798 Dionysio
1686 1746 1988 1795 Alexandrino,
2025 1750 2067 1786 et
2101 1747 2228 1787 coad-

364 1807 611 1860 juvantibus
639 1807 801 1846 duobus
828 1805 1200 1859 praestantissimis
1222 1806 1436 1845 Romanae
1456 1806 1676 1846 Ecclesiae
1706 1807 1966 1859 presbyteris
1986 1807 2229 1847 Philemone

370 1864 497 1920 atque
517 1868 733 1919 Dionysia.
769 1866 823 1906 ad
855 1878 959 1918 quos
988 1865 1098 1905 idem
1120 1866 1347 1918 Dionysius
1366 1866 1669 1906 Alexandrinus
1702 1867 1868 1907 litteras
1889 1867 2067 1908 dederat
2091 1866 2225 1919 (apud

370 1929 529 1970 Euseb.
561 1929 673 1968 Hist.
717 1928 744 1967 l.
776 1928 819 1967 7.
864 1939 959 1978 cap.
994 1926 1082 1976 5.),
1125 1927 1340 1978 Stephano
1374 1927 1515 1979 Papae
1556 1927 2028 1968 excommunicationem
2068 1928 2223 1968 inferre

369 1989 530 2030 volenti
561 1999 807 2041 persuasum
827 1986 995 2027 tandem
1018 1986 1098 2026 fuit
1125 1998 1205 2026 non
1232 1986 1432 2039 expedire
1455 1999 1480 2026 a
1506 1991 1734 2040 praecepto
1767 1991 1809 2027 et
1841 1988 1964 2027 minis
1995 1987 2048 2026 ad
2080 1990 2227 2028 actua-

371 2051 449 2090 lem
481 2048 955 2090 excommunicationem
993 2048 1251 2099 procedere,
1296 2059 1387 2088 cum
1431 2058 1482 2086 ex
1523 2058 1605 2086 una
1635 2051 1758 2099 parte
1788 2049 1924 2087 timeri
1955 2052 2126 2100 posset,
2173 2060 2225 2087 ne

369 2110 614 2151 acerbiores
647 2108 990 2149 concertationes
1023 2110 1150 2157 atque
1182 2107 1390 2147 scissurae
1421 2106 1596 2153 fierent,
1631 2107 1744 2158 quod
1773 2107 1966 2147 laudatus
1997 2108 2224 2159 Dionysius

369 2169 676 2210 Alexandrinus
706 2171 949 2216 monuerat;
983 2178 1034 2206 ex
1066 2167 1149 2205 alia
1183 2179 1282 2207 vero
1314 2169 1436 2219 parte
1454 2166 1703 2206 Asianorum
1735 2170 1778 2206 et
1802 2167 2092 2207 Africanorum
2125 2178 2223 2207 con·

369 2229 544 2270 suetudo
584 2231 626 2269 in
667 2241 712 2268 re
753 2227 933 2268 nondum
974 2226 1150 2266 definita
1189 2227 1340 2267 nullum
1384 2227 1598 2267 animabus
1629 2227 1855 2279 periculum
1888 2227 2086 2274 afferret,
2131 2239 2221 2268 cum

369 2291 636 2343 baptizantes
667 2289 734 2328 vel
766 2289 807 2328 in
841 2287 1018 2340 simplici
1051 2287 1177 2328 dubio
1212 2288 1264 2328 de
1297 2288 1442 2328 valore
1474 2288 1668 2340 baptismi
1702 2291 1800 2328 ante
1834 2288 1976 2328 collati
2020 2289 2222 2328 tutiorem

368 2355 529 2403 partem
562 2352 855 2403 sequerentur.
901 2348 1144 2388 Consultius
1174 2349 1319 2401 itaque
1353 2349 1486 2388 visum
1518 2351 1583 2388 est
1614 2349 1655 2388 in
1687 2349 1776 2388 solo
1809 2351 2038 2401 praecepto
2073 2352 2116 2388 et
2148 2347 2222 2388 mi-

367 2412 432 2451 nis
463 2412 640 2458 sistere,
672 2409 1044 2460 definitionemque
1075 2409 1118 2449 in
1150 2409 1266 2449 aliud
1296 2409 1572 2461 opportunius
1611 2412 1771 2460 tempus
1803 2409 2041 2456 remittere,
2086 2407 2220 2460 quoad

367 2473 564 2512 materies
605 2472 799 2511 discussa
841 2473 884 2509 et
916 2470 1101 2520 eliquata
1139 2469 1182 2508 in
1214 2470 1344 2508 variis
1374 2469 1587 2517 conciliis,
1632 2468 1844 2520 plenariae
1875 2469 2041 2509 tandem
2073 2467 2222 2520 synodi

367 2531 584 2570 sententia
629 2530 938 2570 terminaretur.
1023 2530 1124 2568 Cum
1166 2540 1332 2578 semper
1379 2528 1630 2578 dogmaticis
1678 2527 1993 2567 definitionibus
2036 2540 2223 2580 congrua

368 2591 577 2632 discussio
621 2593 663 2629 et
695 2602 722 2628 a
753 2588 942 2628 conciliis
990 2591 1032 2627 et
1065 2601 1090 2628 a
1121 2585 1288 2628 summis
1327 2587 1601 2628 Pontificibus
1642 2588 1962 2639 praemittatur;
2000 2589 2106 2628 scite
2136 2600 2221 2628 mo-

368 2652 459 2692 nuit
492 2663 583 2690 cum
616 2649 829 2690 Cardinali
859 2649 1065 2688 Perronio
1097 2647 1463 2688 Eminentissimus
1494 2648 1640 2688 Ursius
1674 2647 1735 2698 (t.
1768 2647 1812 2687 2.
1853 2647 1906 2687 de
1937 2649 2060 2688 Rom.
2093 2648 2219 2688 Pont.

367 2712 626 2752 auctoritate
656 2713 767 2762 part.
801 2709 843 2747 2.
879 2721 915 2750 c.
951 2709 1022 2748 19.
1057 2720 1155 2760 pag.
1188 2709 1317 2759 336.)
1359 2707 1452 2747 fieri
1485 2707 1710 2760 aliquando
1742 2720 1891 2760 posse,
1935 2709 2221 2760 quaestionem

366 2773 546 2824 aliquam
588 2773 654 2810 tot
697 2781 791 2809 csse
834 2769 1151 2808 altercationum
1184 2781 1233 2808 ac
1265 2767 1560 2808 difficultatum
1593 2768 1755 2808 nebulis
1794 2768 2046 2816 involutam,
2089 2772 2134 2808 ut
2166 2768 2223 2808 ad

367 2845 456 2872 eam
489 2831 728 2882 dogmatico
772 2832 974 2880 certoque
1009 2828 1170 2878 judicio
1213 2828 1436 2869 finiendam
1478 2829 1562 2869 sibi
1602 2829 1699 2880 ipse
1731 2827 1935 2879 Pontifex
1976 2840 2089 2880 opus
2132 2840 2222 2869 esse

362 2891 551 2941 judicet,
597 2902 686 2931 non
719 2889 843 2930 modo
877 2889 1138 2930 domesticae
1169 2892 1210 2930 et
1239 2890 1325 2930 sibi
1349 2886 1521 2940 jugiter
1561 2889 1863 2938 adhaerentis,
1907 2901 2056 2930 verum
2088 2889 2220 2929 etiam

367 2951 601 3005 plenioris,
633 2951 762 2991 immo
795 2952 835 2990 et
866 2949 1082 3000 generalis
1111 2949 1269 3001 synodi
1301 2949 1645 2990 consultatione.-
1687 2961 1768 3000 quo
1802 2961 1899 2988 casu
1931 2948 2218 2989 definitionem

364 3013 418 3054 ad
449 3011 676 3064 plenioris,
720 3013 794 3050 aut
834 3009 1044 3061 generalis
1075 3008 1237 3059 Synodi
1277 3012 1438 3060 tempus
1469 3009 1630 3048 remitti
1670 3020 1774 3059 opus
1817 3011 1906 3055 est,
1953 3008 2041 3048 Deo
2074 3008 2220 3058 utique

366 3074 429 3114 sic
460 3072 715 3124 inspirante,
759 3070 827 3122 qui
873 3070 926 3109 ob
966 3068 1156 3109 rationes
1197 3068 1316 3108 nobis
1359 3067 1654 3108 inscrutabiles
1695 3068 1808 3118 ipsas
1840 3067 1978 3118 magni
2021 3069 2219 3108 momenti

366 3135 635 3186 quaestiones
678 3142 761 3171 non
803 3140 967 3182 semper
997 3128 1163 3174 statim,
1207 3139 1286 3167 nec
1325 3139 1406 3166 uno
1439 3139 1602 3180 semper
1632 3127 1755 3166 modo
1785 3126 2045 3167 definiendas
2078 3128 2222 3180 dispo-

367 3195 443 3234 nit.
506 3193 654 3244 Neque
688 3191 884 3231 dubitare
914 3190 1039 3237 licet,
1085 3188 1182 3240 quin
1229 3187 1377 3228 eodem
1408 3188 1496 3228 Deo
1529 3187 1691 3240 pariter
1722 3186 1972 3239 disponente
2015 3191 2058 3228 et
2090 3188 2219 3240 inspi—

366 3258 486 3294 rante
518 3253 674 3293 factum
704 3252 856 3298 fuerit,
889 3253 935 3291 ut
966 3249 1019 3289 de
1050 3249 1204 3289 collato
1235 3248 1288 3288 ab
1320 3247 1546 3288 haereticis
1585 3247 1836 3299 baptismate
1869 3251 2018 3288 contra
2045 3249 2219 3289 Asiano-

366 3326 458 3354 rum
486 3317 614 3365 atque
647 3311 849 3365 Cypriani
890 3310 1142 3351 sententiam
1182 3320 1265 3350 non
1297 3308 1441 3350 statim
1478 3320 1500 3347 a
1535 3308 1749 3360 Stephano
1794 3308 1984 3360 prodiret
2018 3317 2218 3360 expressa

367 3373 605 3425 dogmatica
637 3371 854 3413 definitio:
889 3370 1092 3421 Pontifex
1123 3369 1288 3411 scilicet
1308 3362 1450 3409 noluit
1475 3380 1565 3409 rem
1580 3368 1720 3420 ipsam
1755 3368 1806 3409 de
1827 3365 1921 3418 fide
1945 3367 2093 3417 facere
2122 3368 2217 3408 sine

365 3432 566 3484 generali
597 3433 803 3473 concilio.-
837 3434 884 3471 ut
913 3430 1188 3473 Bellarminus
1219 3429 1384 3471 notavit
1417 3428 1443 3470 l.
1476 3428 1518 3468 4.
1554 3429 1606 3468 de
1638 3428 1758 3468 Rom.
1790 3428 1915 3469 Pont.
1948 3439 1985 3467 c.
2005 3428 2049 3469 7.
2091 3428 2217 3470 Certe

367 3497 412 3534 ut
443 3493 523 3534 bac
562 3492 604 3532 in
648 3503 694 3531 re
725 3492 883 3532 veritas
915 3491 1172 3544 aperiretur,
1216 3489 1344 3530 multa
1383 3488 1481 3530 hinc
1524 3492 1566 3528 et
1611 3488 1709 3528 inde
1750 3488 1793 3529 in
1825 3487 1957 3528 variis
1987 3487 2218 3540 provinciis

366 3555 533 3594 fuerunt
558 3552 787 3603 disputata.
823 3562 872 3590 ex
907 3551 1055 3602 quibus
1087 3550 1240 3591 multae
1274 3548 1476 3588 veritates
1500 3554 1626 3601 atque
1659 3547 1790 3590 multa
1822 3546 2029 3600 principia
2061 3547 2114 3589 ad
2147 3559 2215 3588 ca-
