2314 3984
922 193 1097 200 ———
1178 160 1356 226 ‘340⁸
1411 192 1586 202 --

326 336 401 385 tio
431 338 524 394 est,
550 338 609 384 ut
634 348 787 382 omne
804 331 1117 399 perieulum
1135 348 1248 398 pro
1275 331 1376 383 tali
1393 335 1548 400 facto
1569 331 1764 402 parati
1788 330 1896 380 sint
1921 330 2184 380 sustinere

329 419 434 491 (ib.
475 419 568 473 col.
597 417 722 471 672.
765 415 870 489 c.).
931 413 1151 489 Idipsum
1184 425 1404 470 testatur
1442 419 1596 472 etiam
1633 420 1866 478 Justinus
1903 412 2187 487 Imperator

328 505 600 562 earundem
625 502 1006 576 provinciarum
1030 507 1321 558 memorans
1349 507 1578 558 clericos
1606 515 1659 560 et
1673 513 1917 580 populos
1945 505 2186 560 omnibns

317 600 661 664 pertentatos
701 596 859 645 minis
900 601 953 646 et
981 594 1459 662 persuasionibu3‚
1509 598 1602 664 qai
1636 603 1812 652 tamen
1846 611 2188 667 nequaquam

322 684 462 752 flexi
487 688 638 742 sant,
663 687 721 733 ut
747 681 949 733 tollant
972 678 1284 734 Antistitum
1313 689 1366 733 et
1388 683 1664 751 repellant
1686 689 1934 746 nomina,
1961 699 2189 754 quorum

326 770 482 840 apud
506 788 596 822 eos
625 770 811 837 opinio
836 769 1052 838 floruit3
1081 771 1179 822 sed
1203 776 1373 821 morte
1400 773 1563 822 vitam
1590 773 1867 825 duriorem
1894 774 2189 828 aestiment,

325 861 374 910 si
397 862 638 909 mortuos
666 857 1172 922 condemnaverint,
1211 858 1438 928 quorum
1459 859 1845 928 qloriabantar
1871 862 1981 912 vita
2007 875 2190 926 saper-

326 948 523 998 stitam.
588 940 721 996 Idem
766 939 1215 1017 Constantinopoli
1254 964 1453 1015 quoque
1491 946 1765 1001 timendum
1800 957 1940 1013 erat,
1991 955 2047 997 ut
2081 944 2190 1016 ipse

325 1031 558 1087 Justinus
587 1030 852 1102 suggerit3
882 1033 1036 1086 multo
1066 1044 1233 1088 autem
1261 1034 1420 1106 magis
1447 1032 1593 1087 initio
1623 1045 1735 1088 erat
1760 1036 2053 1100 timendum,
2083 1051 2191 1086 cum

326 1119 638 1173 Anastasius
689 1117 974 1192 Imperator
1023 1120 1206 1176 Aeacii
1256 1122 1530 1176 memoriae
1581 1124 2006 1195 patrocinaretur.
2083 1120 2192 1174 Has

325 1226 480 1281 porro
507 1198 684 1260 turbas
723 1208 784 1260 ab
823 1207 1195 1263 haereticarum
1236 1211 1454 1283 partium
1479 1208 1748 1284 Episcopis
1785 1222 1935 1283 atque
1960 1208 2192 1283 patronis

329 1295 380 1347 in
432 1296 547 1348 fidei
600 1295 958 1348 detrimentum
1010 1315 1317 1351 conversum
1368 1298 1435 1349 iri
1487 1298 1724 1352 catholici
1759 1297 2191 1371 praesentiebant.

328 1382 555 1436 Tantum
582 1392 749 1435 autem
776 1382 962 1435 malum
987 1393 1043 1435 ut
1067 1383 1156 1436 isti
1181 1384 1511 1456 impedirent,
1549 1384 1962 1438 dissimulandum
1987 1384 2193 1437 interim

328 1480 635 1524 censuerunt
673 1489 856 1524 nomen
882 1470 1093 1538 Aeacii,
1136 1482 1186 1525 et
1223 1472 1529 1525 commodius
1568 1483 1767 1546 tempus
1805 1473 2192 1546 expectandum,

326 1578 422 1613 nec
448 1557 716 1612 Romanae
758 1559 892 1612 sedis
928 1570 1254 1633 praeceptum
1291 1560 1428 1614 hisce
1462 1561 1515 1614 in
1555 1561 1808 1633 angustiis
1837 1571 2024 1616 etcum
2050 1570 2194 1612 tanto

326 1647 440 1700 fidei
465 1647 769 1719 praesertim
807 1659 957 1719 atque
996 1649 1278 1702 animarum
1318 1649 1539 1721 periculo
1569 1669 1754 1721 cogere
1781 1650 2088 1722 judicarunt.
2141 1647 2195 1699 Id

329 1736 527 1788 consilii
554 1736 748 1790 eruitur
776 1755 846 1789 ex
876 1735 1211 1790 Orientalium
1239 1734 1607 1809 Episcoporum
1634 1738 1845 1810 epistola
1872 1738 1933 1790 ad
1959 1734 2197 1809 Symma-

330 1823 506 1890 chum,
533 1824 619 1876 uhi
647 1824 1013 1877 communionis
1042 1825 1416 1877 restitutionem
1445 1825 1793 1898 imploranteS,
1824 1845 1933 1879 eam
1963 1825 2196 1877 dissimu-

328 1912 466 1964 landi
507 1911 726 1965 nominis
762 1912 947 1966 Aeacii
993 1931 1196 1967 causam
1237 1913 1485 1979 afferunt,
1522 1932 1615 1980 ne,
1666 1913 1710 1966 si
1748 1924 1929 1966 contra
1967 1913 2197 1965 nitantur

327 1999 568 2074 Episcopi
600 2000 862 2066 catholici,
905 2001 1197 2073 ejiciantur,
1238 2001 1321 2055 vel
1361 2011 1609 2072 cogantur
1650 2002 1868 2054 creditas
1896 2000 1992 2053 sibi
2017 1998 2198 2053 Eccle-

330 2090 436 2143 sias
465 2090 704 2143 deserere
734 2087 917 2160 (Tom.
948 2089 999 2142 5.
1031 2086 1193 2144 Cone.
1225 2089 1319 2143 col.
1349 2088 1476 2141 435.
1508 2088 1613 2161 c.),
1655 2089 1827 2160 sicque
1855 2094 1909 2142 in
1939 2091 2061 2142 loca
2092 2129 2103 2140 .
2137 2129 2148 2140 .
2182 2129 2194 2140 .

331 2179 595 2231 haeretiei
632 2180 1028 2247 inyredientes,
1078 2180 1197 2248 lupi
1235 2180 1553 2247 discerpant
1591 2198 1713 2231 oves
1745 2218 1756 2230 .
1791 2219 1801 2230 .
1836 2219 1847 2230 .
1894 2178 2068 2230 Putas
2109 2180 2200 2230 isti

332 2286 516 2319 amore
544 2270 684 2319 vitae
713 2267 816 2319 lzoe
837 2271 1083 2336 faciant,
1112 2287 1183 2319 an
1211 2286 1394 2318 amore
1424 2270 1760 2319 animarum?

479 2354 532 2408 9.
572 2353 716 2409 Haec
756 2354 956 2425 quidem
996 2355 1130 2409 ratio
1166 2355 1298 2408 haud
1348 2355 1474 2408 satis
1511 2356 1727 2427 probata
1764 2353 2033 2408 Romanae
2073 2353 2198 2418 sedi,

332 2461 459 2512 quae
488 2444 578 2495 sub
608 2443 703 2497 hoc
729 2444 980 2498 velamine
1018 2443 1388 2496 simulationem
1427 2453 1478 2496 et
1504 2443 1757 2496 haeresim
1786 2444 1949 2495 latere
1976 2441 2200 2512 suspica-

330 2530 509 2595 batur,
537 2540 594 2582 ut
621 2541 832 2603 apparet
859 2550 925 2583 ex
948 2530 1260 2604 ¹Hormisdae
1288 2529 1506 2601 epistola
1532 2528 1620 2581 32.
1654 2527 1779 2600 (col.
1810 2529 1935 2582 615.
1966 2526 2070 2600 6..)
2124 2526 2199 2579 At

331 2635 442 2670 cum
469 2616 594 2671 haec
622 2618 960 2671 simulationis
989 2628 1039 2671 et
1065 2618 1339 2671 haereseos
1368 2615 1585 2688 suspicio
1614 2616 1784 2687 reipsa
1811 2636 1840 2669 a
1867 2617 2084 2671 veritate
2113 2616 2201 2668 ab-

332 2705 597 2772 horreret,
638 2716 910 2779 propterea
947 2707 1079 2778 quod
1104 2704 1413 2778 Euphemius
1455 2713 1505 2757 et
1532 2701 1866 2757 Macedonius
1906 2723 2009 2756 non
2046 2703 2199 2756 simu-

332 2793 460 2859 late,
515 2795 604 2848 sed
644 2814 714 2848 ex
754 2796 920 2848 animo
957 2795 1326 2868 profitebantur
1364 2793 1510 2845 fidem
1549 2791 1876 2858 catholicam,
1928 2812 2019 2864 pro
2060 2792 2199 2862 cujus

333 2883 655 2937 confessione
683 2901 741 2936 ac
768 2883 1062 2937 defensione
1090 2882 1302 2936 exilium
1330 2881 1481 2935 etiam
1502 2879 1792 2946 subierunt3
1822 2879 2004 2934 Aeacii
2033 2889 2198 2932 autem

333 2989 519 3024 nomen
557 2971 611 3025 in
651 2971 901 3044 diptychis
945 2971 1358 3025 dissimulandum
1400 2969 1666 3023 crederent
1716 2968 1829 3021 fidei
1867 2977 1919 3020 et
1970 2964 2199 3020 caritatis

335 3076 515 3125 causa,
545 3078 693 3130 quam
721 3060 1119 3133 explicavimus3
1148 3059 1259 3130 quis
1285 3076 1388 3110 non
1413 3057 1600 3122 videat,
1629 3074 1717 3108 eos
1743 3055 1795 3107 in
1823 3055 1959 3108 hisce
1988 3054 2200 3107 circum-

335 3146 540 3200 stantiis
566 3148 794 3220 potuisse
834 3149 1042 3203 credere
1082 3167 1138 3201 se
1174 3165 1345 3201 coram
1370 3143 1482 3198 Deo
1511 3154 1788 3198 excusatos
1817 3162 1846 3195 a
1874 3141 2080 3195 delendo
2109 3158 2202 3193 no-

335 3233 470 3287 mine
507 3233 728 3289 Aeacii?
788 3235 844 3289 Id
878 3255 1003 3290 sane
1040 3235 1138 3309 ipsi
1177 3235 1329 3289 etiam
1363 3232 1598 3286 Romano
1637 3229 1878 3284 Pontifici
1914 3228 2199 3282 Anastasio

335 3319 495 3374 fuisse
518 3334 838 3396 perspectum
876 3324 1041 3379 videri
1066 3332 1266 3397 potest,
1304 3320 1348 3374 si
1372 3321 1518 3387 modo
1546 3338 1669 3374 vera
1697 3329 1842 3385 sunt,
1871 3335 1999 3388 quae
2026 3316 2086 3369 de
2113 3333 2201 3368 eo-

338 3407 447 3460 dem
487 3410 643 3463 tradit
668 3411 1109 3468 Bibliothecarius.
1164 3410 1222 3464 In
1263 3429 1323 3464 eo
1351 3408 1484 3463 enim
1518 3407 1682 3480 ipsum
1723 3407 1880 3461 fuisse
1907 3404 2088 3467 tradit,
2128 3412 2201 3467 ut,
