2314 3984
910 191 1307 259 ——232
1397 226 1574 238 -—

317 353 466 409 Petri
491 355 554 409 de
578 355 762 409 Merca
795 373 901 409 non
940 355 1224 429 disjungam
1245 359 1594 420 tau-onium
1621 368 1728 438 ejus
1755 366 2033 421 laudatoris
2060 365 2179 421 Ste-

315 443 469 515 phani
492 441 695 495 Baluzii
733 441 788 495 in
821 442 959 496 notis
995 443 1058 497 ad
1083 441 1385 501 Salvianum
1399 458 1475 503 'ct
1497 449 1825 507 vincentium
1849 452 2177 509 Lirinensem

315 528 550 583 editionis
577 528 815 584 Venetae
835 529 996 586 1728.
1024 550 1142 604 pag.
1157 532 1285 588 457.
1329 535 1520 606 Itaque
1545 541 1622 617 ad
1640 545 1919 596 vitandam
1944 544 2177 597 schisma

311 634 530 670 necesse
557 625 660 679 est,
684 625 746 671 ut
767 622 1028 673 unitatem
1055 621 1340 675 Ecclesiae
1365 620 1678 694 sequamur,
1703 632 1843 684 idest
1871 631 2176 684 Romanam

315 705 623 767 ecclesiam,
647 707 743 759 nbi
768 713 850 759 est
872 710 1030 778 oriyo
1059 715 1111 762 et
1134 713 1308 763 radia:
1333 715 1570 766 unitatis.

1192 867 1203 878 .
1243 824 1329 879 III.

321 905 589 954 Testimonia
614 924 666 956 erc
683 913 871 956 comitiis
891 914 1004 957 Cleri
1023 825 1254 970 Gallic{ni‚
1286 930 1500 960 annorum
1519 919 1650 962 1579.
1672 921 1802 963 1650.
1823 921 1955 963 1653.
1977 924 2020 961 et
2040 921 2174 963 1663.

465 998 552 1053 ll.
595 995 778 1054 Clerus
817 999 1137 1070 GallicanuS,
1187 1005 1271 1076 qui
1309 1002 1353 1057 F
1359 1016 1535 1061 evreto
1587 1016 1721 1061 teste
1767 1026 2003 1080 magnam
2039 1009 2175 1062 omni

316 1103 443 1141 aevo
472 1086 768 1159 dignitatem
807 1101 1148 1162 consequutus
1188 1091 1335 1165 (Lib.
1368 1095 1417 1148 1.
1462 1114 1505 1148 c.
1534 1094 1587 1150 3.
1628 1114 1764 1148 num.
1793 1095 1879 1168 4.)
1920 1098 1985 1150 ob
2013 1099 2173 1151 indis-

302 1236 476 1278 ·stitere.
542 1238 627 1279 Sed
659 1238 815 1280 Petrus
845 1244 1021 1291 praeter
1059 1242 1294 1292 specialem
1323 1243 1493 1296 sibique
1525 1245 1798 1296 assignatam
1828 1248 2023 1296 partem,
2066 1246 2172 1285 urei-

311 1307 483 1336 versum
511 1309 686 1348 gregem
717 1313 744 1340 a
769 1299 940 1340 Christo
971 1301 1256 1351 pascendum,
1290 1307 1332 1344 et
1363 1303 1436 1344 IN
1468 1304 1579 1344 UNI
1590 1304 1755 1345 TATE
1783 1306 2022 1356 regendum
2054 1319 2174 1347 acce-

310 1355 394 1406 pit.
443 1355 501 1395 Et
532 1368 643 1397 num.
677 1356 721 1396 4.
789 1359 932 1405 Quare
972 1360 1203 1399 dicendum
1234 1364 1297 1401 est
1328 1374 1379 1401 ex
1413 1362 1574 1403 Christi
1615 1364 1816 1405 instituto
1849 1365 2076 1414 regiminis
2109 1378 2174 1406 ec-

313 1415 546 1457 clesiastici
569 1417 761 1468 sormam
796 1417 922 1470 hanc,
953 1422 1004 1459 ut
1026 1419 1210 1460 diversis
1230 1421 1482 1471 pastoribus
1504 1423 1811 1473 committatur,
1845 1435 2026 1475 quorum
2058 1435 2181 1471 unus,

312 1476 373 1516 sit
405 1481 541 1529 caput
572 1479 743 1530 collegii
774 1480 832 1520 ad
862 1480 1068 1521 tuendam
1099 1481 1327 1522 unitatem.
1367 1482 1426 1523 Et
1458 1494 1568 1522 num.
1590 1484 1660 1526 11.
1707 1483 1778 1523 Ex
1808 1485 2015 1536 superius
2047 1485 2177 1526 dictis

311 1539 460 1588 patet,
507 1539 707 1580 collatam
749 1541 927 1591 collegio
975 1542 1282 1593 Apostolorum
1331 1544 1632 1584 auctoritatem
1679 1556 1728 1585 ea
1771 1545 1883 1595 lege,
1932 1547 1980 1584 ut
2021 1544 2176 1586 Petrus

310 1601 535 1647 praeesset
568 1597 790 1640 Ecclesiae
819 1601 1008 1650 unitati,
1044 1613 1221 1654 eamque
1252 1603 1504 1647 custodiret.
1570 1606 1700 1648 Quam
1743 1605 2087 1656 praerogativam
2120 1605 2173 1644 ad

311 1670 582 1699 successores
616 1662 704 1711 ejus
734 1662 948 1702 Romanos
970 1662 1203 1702 Pontifices
1234 1663 1472 1704 traductam
1505 1676 1596 1704 cum
1626 1668 1839 1716 potestate
1870 1667 2099 1717 praecipua
2131 1667 2173 1706 in

312 1719 548 1759 custodiam
570 1722 764 1770 unitatis,
798 1722 940 1762 verbis
974 1723 1245 1774 sequentibus
1277 1724 1524 1775 pronuntiat
1556 1725 1744 1764 scribens
1777 1724 1828 1764 de
1859 1725 2049 1765 Romano
2071 1726 2174 1779 Epi-

312 1791 468 1830 scopo:
507 1781 648 1826 Quare
680 1783 842 1832 poterit
875 1784 944 1823 ille
977 1795 1028 1822 ex.
1060 1780 1206 1832 officio
1241 1786 1282 1824 et
1312 1784 1358 1824 vi
1387 1785 1622 1836 potestatis
1652 1785 1736 1825 sibi
1758 1786 1939 1826 collatae
1958 1786 2173 1827 unitatem

311 1841 452 1890 tueri,
497 1842 734 1883 erudiendo
764 1843 970 1894 ignaros,
1014 1846 1055 1884 et
1085 1847 1361 1885 contumaces
1390 1845 1598 1896 ligando,
1643 1846 1735 1886 sive
1767 1847 1966 1887 censuris
2004 1849 2171 1898 percel-

313 1900 458 1951 lendo,
491 1899 798 1956 cujuscumque
827 1904 919 1945 sint
950 1904 1238 1958 conditionis,
1278 1905 1369 1946 sive
1400 1904 1615 1959 Episcopi
1657 1910 1700 1947 et
1732 1907 1901 1956 clerici,
1944 1907 2035 1948 sive
2068 1908 2173 1949 laici

311 1964 395 2000 etc.
443 1960 501 2001 Et
534 1974 645 2002 num.
682 1964 753 2006 13.
820 1963 873 2004 1η
906 1964 1156 2005 executione
1186 1965 1311 2016 paris
1342 1965 1464 2006 illius
1495 1967 1727 2017 potestatis
1758 1967 2016 2007 tenebantur
2049 1969 2171 2019 Apo-

310 2022 414 2062 stoli
451 2022 648 2072 su-ndare
691 2025 894 2065 ecclesias
937 2025 987 2064 in
1017 2025 1212 2073 unitate,
1257 2024 1381 2075 cujus
1414 2030 1550 2078 caput
1582 2039 1679 2067 cum
1711 2030 1819 2067 esset
1851 2027 2019 2079 Petrus,
2049 2029 2171 2069 illius

311 2084 603 2124 communioni
643 2097 716 2124 eas
755 2083 968 2133 subjicere
1010 2086 1282 2126 tenebantur.
1344 2086 1403 2127 Et
1443 2099 1553 2126 num.
1586 2087 1659 2126 21.
1706 2099 1757 2126 ex
1791 2088 1935 2140 optati
1977 2089 2172 2128 doctrina

311 2141 416 2181 haec
448 2143 532 2182 tria
564 2143 741 2195 colligit,
778 2156 888 2197 quae
920 2156 1009 2186 non
1043 2159 1070 2186 α
1103 2145 1328 2186 catholicis
1359 2148 1512 2198 solum,
1545 2147 1620 2187 sed
1653 2158 1790 2201 neque
1822 2160 1847 2187 a
1882 2147 2171 2189 Parmeniano

309 2201 548 2244 Donatista
588 2206 747 2255 negari
783 2216 912 2257 posse
943 2207 1254 2247 contendebat:
1295 2221 1322 2248 a
1357 2207 1525 2249 Christo
1565 2219 1697 2248 ‘canam
1739 2209 1879 2248 solum
1926 2208 2172 2250 cathedram

310 2264 592 2305 constitutam
623 2266 672 2305 in,
703 2265 923 2316 Ecclesia,
965 2279 1144 2320 eamque
1175 2267 1302 2308 Petro
1336 2270 1540 2309 coliatam
1570 2269 1616 2309 in
1647 2269 1751 2309 urbe
1786 2269 1950 2318 Roma,
1984 2270 2059 2322 qui
2090 2270 2171 2312 hac

307 2325 479 2365 ratione
503 2325 656 2375 factus
688 2330 751 2367 est
782 2331 916 2379 caput
949 2328 1284 2379 Apostolorum:
1317 2340 1447 2380 porro
1480 2329 1697 2369 unitatem
1729 2329 1780 2369 ab
1814 2329 2011 2370 omnibus
2047 2331 2166 2382 Apo-

309 2386 437 2425 stolis
466 2386 728 2427 servandam
761 2388 809 2427 in
840 2388 920 2428 illa
951 2399 1042 2428 una
1076 2388 1303 2434 cathedra,
1348 2401 1402 2429 ne
1431 2389 1472 2430 si
1505 2391 1558 2430 ab
1591 2387 1686 2438 ejus
1725 2390 1898 2430 unitate
1927 2391 2170 2432 recedentes

307 2446 357 2485 in
389 2447 578 2486 ecclesiis
626 2446 916 2496 aedificandis
955 2450 1089 2488 alia-m
1133 2448 1382 2489 cathedram
1424 2452 1763 2500 constituerent,
1803 2450 2096 2502 schismatici,
2130 2455 2172 2491 et

307 2509 558 2556 peccatores
591 2505 866 2548 haberentur.
932 2507 1112 2548 Nullum
1146 2511 1240 2548 erat
1269 2509 1528 2560 periculum,
1561 2520 1615 2548 ne
1643 2509 1782 2549 scissa
1814 2510 1984 2550 unitate
2015 2509 2168 2551 Eccle-

307 2565 401 2605 siae
431 2565 642 2617 proprias
683 2566 769 2606 sibi
813 2567 1015 2607 ecclesias
1061 2567 1340 2616 defenderent
1378 2566 1602 2617 sejunctas
1643 2582 1671 2609 a
1703 2570 2002 2611 communione
2036 2571 2168 2612 Petri.

311 2625 398 2666 Sed
427 2626 655 2676 regiminis
685 2629 813 2668 semel
846 2628 1073 2668 constituti
1096 2627 1244 2677 forma
1276 2630 1554 2681 exposcebat,
1584 2632 1634 2668 ut
1663 2629 1893 2678 sciremus,
1936 2633 2168 2682 Apostolos

310 2698 479 2738 quoque
508 2687 630 2739 ipsos
662 2685 764 2728 huic
795 2689 974 2738 regulae
1005 2701 1031 2728 a
1069 2687 1238 2729 Christo
1270 2689 1571 2741 praescriptae
1602 2689 1796 2729 subditos
1820 2689 1977 2740 fuisse.
2038 2692 2169 2732 Pares

309 2746 483 2798 quidem
520 2748 568 2787 in
614 2748 765 2787 ceteris
798 2751 922 2788 erant
955 2747 1107 2798 Petro,
1151 2748 1228 2788 sed
1267 2749 1313 2789 in
1344 2749 1574 2790 retinenda
1615 2749 1789 2790 unitate
1830 2762 1926 2790 eum
1956 2752 2170 2803 respicere

310 2807 522 2848 debebant
551 2811 603 2848 ut
634 2808 769 2848 totius
802 2808 974 2858 collegii
1006 2812 1156 2859 caput,
1191 2812 1232 2850 et
1261 2813 1470 2850 rectorem
1500 2810 1703 2852 unitatis.
1746 2811 1804 2851 Et
1834 2811 2027 2852 similiter
2059 2824 2168 2852 num.

308 2867 382 2907 23.
417 2880 469 2908 ex
502 2868 673 2921 Optati,
707 2871 750 2908 et
781 2869 1027 2920 Hieronymi
1060 2868 1256 2909 doctrina
1285 2869 1483 2919 affirmat,
1517 2870 1575 2911 ad
1607 2871 1839 2923 Apostolos
1871 2883 2037 2924 quoque
2067 2883 2168 2924 per-

312 2928 521 2976 tinuisse,
564 2931 616 2969 ut
655 2929 868 2970 unitatem
912 2940 1009 2969 cum
1050 2929 1201 2980 Petro,
1246 2931 1322 2983 qui
1353 2932 1476 2982 origo
1521 2930 1645 2971 illius
1688 2933 1729 2971 et
1770 2934 1908 2981 caput
1937 2932 2168 2972 institutus

311 2991 405 3030 erat
437 3002 464 3029 a
499 2988 682 3041 Christo,
712 2990 797 3030 sibi
828 2990 1071 3030 necessario
1103 2990 1375 3030 retinendam
1408 3003 1497 3031 esse
1526 2991 1704 3032 scirent.
1768 2990 1824 3029 Ac
1854 2990 2023 3031 tandem
2058 3003 2169 3031 num.

309 3049 383 3091 24.
416 3050 547 3089 Petro
578 3062 680 3102 prae
713 3050 868 3091 ceteris
899 3049 1114 3102 Apostolis
1143 3050 1347 3097 tributum
1378 3051 1463 3097 ait,
1509 3049 1623 3101 quod
1653 3051 1764 3089 esset
1802 3053 1936 3101 caput
1967 3051 2167 3102 unitatis,

310 3110 504 3163 adeoque
536 3113 787 3152 tenerentur
818 3110 1020 3162 Apostoli
1048 3110 1344 3161 particulares
1376 3109 1578 3150 ecclesias
1609 3106 1823 3157 subjicere
1855 3109 1957 3151 huic
1987 3112 2166 3160 unitati,

309 3173 360 3211 ut
392 3171 542 3212 docuit
589 3170 802 3223 Optatus,
847 3168 973 3219 cujus
1012 3169 1220 3222 specialis
1261 3169 1459 3210 custodia
1502 3170 1551 3209 in
1593 3169 1802 3210 universa
1833 3169 2033 3213 Ecclesia
2076 3175 2169 3213 erat

309 3242 442 3282 penes
474 3231 665 3274 Petrum.
738 3231 832 3272 Uno
878 3232 1004 3272 verbo
1049 3242 1117 3271 res
1146 3230 1213 3271 ita
1243 3230 1547 3282 comprehendi
1577 3233 1733 3281 potest.
1796 3230 1933 3272 Pares
1965 3233 2167 3283 Apostoli

311 3291 429 3330 inter
460 3305 529 3344 se,
571 3296 610 3333 et
641 3293 690 3332 in
723 3293 1012 3344 Apostolatu:
1055 3290 1132 3331 sed
1162 3290 1334 3331 ratione
1366 3289 1515 3331 habita
1559 3290 1616 3330 ad
1643 3292 1858 3331 unitatem
1892 3292 2168 3332 ecclesiarum

308 3352 586 3404 servandam,
620 3352 776 3394 Petrus
806 3351 1040 3392 ΕΧΙΜΙΟ
1069 3349 1230 3392 JURE
1261 3349 1734 3392 ET-PRAECIPUO
1776 3354 1871 3392 erat
1902 3355 2036 3403 caput
2065 3353 2169 3392 uni-

310 3411 440 3463 tatis,
485 3413 677 3465 adeoque
715 3414 795 3454 sub
826 3413 902 3455 illo
934 3415 1135 3465 respectu.
1165 3414 1260 3452 erat
1298 3415 1432 3463 caput
1465 3412 1796 3464 Apostolorum,
1839 3415 1966 3464 caput
2004 3413 2168 3453 scilicet

311 3483 410 3512 cum
441 3472 597 3513 eximio
625 3471 725 3520 jure
757 3477 797 3515 et
827 3474 1070 3526 praecipu-o
1103 3471 1162 3513 ad
1190 3471 1404 3512 unitatem
1436 3472 1714 3513 ecclesiarum
1744 3472 2023 3523 servandam,
2057 3474 2167 3525 quod

309 3532 392 3573 vim
426 3533 574 3586 utique
606 3534 839 3575 coactivam
869 3533 924 3575 ad
955 3534 1159 3575 unitatem
1190 3532 1232 3573 in
1265 3530 1461 3574 Ecclesia
1493 3532 1649 3573 tuenda
1682 3531 1872 3583 requirit.
