2320 3990
945 169 1564 228 —38—-2

329 345 621 396 cessarium
649 348 728 394 est
755 341 968 409 Papam
990 357 1251 409 praeesse
1278 337 1751 418 Ανοῇἰερίεσοῃίε,
1777 351 1938 415 atquc
1965 342 2187 398 Archio-

319 435 582 502 piscopos
609 429 849 482 omnibus
870 430 1026 480 unius
1047 430 1206 498 reyni
1214 430 1538 497 provinciis.
1565 428 1914 504 Hospinianus
1934 431 1988 485 in
2005 434 2187 486 Histo-

327 522 416 572 ria
442 520 872 571 sacramentaria
898 516 958 570 de
983 514 1177 571 ,Iacobo
1192 514 1406 569 Andrea
1433 515 1678 588 primario
1704 518 1970 574 Laterano
1996 519 2186 573 tradit:

328 607 723 659 Demonstrare
762 612 992 658 conatur
1033 606 1385 657 ecclesiarum
1420 613 1617 658 statum
1651 612 2008 680 tranquillum
2046 611 2192 662 tueri

328 695 557 764 difficile
584 713 728 754 esse,
764 697 872 746 nisi
908 694 984 746 ad
1019 712 1324 762 supremum
1354 693 1675 765 Pontificem
1714 703 1767 749 et
1790 699 2189 751 administrato-

328 801 441 835 rem
459 783 700 851 aliquem
726 800 907 833 rerum
933 799 1134 834 summa
1161 784 1464 852 deferatur.
1517 780 1651 836 Hinc
1676 780 1946 839 Rookerus
1972 787 2060 838 De
2090 786 2189 838 Ec-

329 871 634 923 clesiastica
652 871 858 939 politia
882 868 934 922 in
960 869 1276 942 praefatione
1304 879 1428 923 sect.
1460 868 1512 922 6.
1542 870 1731 925 f01f26.
1762 882 1813 925 et
1839 873 1928 928 38.
1958 873 2189 946 scripsit:

333 957 456 1009 Hoc
481 977 643 1010 unum
682 966 768 1011 sat
801 962 994 1012 scimus
1031 966 1140 1012 tam
1166 966 1366 1011 natura
1395 966 1447 1011 et
1473 963 1844 1028 experientia,
1884 980 2043 1031 quam
2069 964 2190 1030 ipsa

336 1046 628 1114 Scriptura
665 1049 873 1109 edocti,
925 1049 1357 1101 contentionibus
1396 1050 1513 1100 istis
1554 1045 1721 1119 (circa
1759 1048 1934 1120 fidem)
1975 1051 2190 1102 tandem

325 1138 486 1203 finem
513 1137 892 1203 imponendum
919 1155 1061 1198 esse,
1087 1138 1393 1207 definitioae
1422 1137 1650 1189 alicuius
1661 1139 1870 1209 judicis
1899 1142 2191 1190 sententiae

328 1241 428 1273 nos
455 1223 828 1286 submittendo,
856 1228 945 1276 cui
968 1232 1163 1277 neutra
1191 1227 1514 1295 litiyantium
1532 1245 1673 1294 pars
1700 1227 1794 1278 sub
1823 1229 2009 1297 quovis
2028 1244 2191 1295 prae-

330 1318 484 1362 textu
517 1314 864 1364 contradicat
904 1352 917 1363 .
950 1351 962 1363 .
994 1351 1007 1364 .
1040 1351 1052 1362 .
1096 1314 1339 1382 alioquin
1381 1332 1592 1382 semper
1631 1318 1882 1383 confusio
1925 1318 2054 1375 erit,
2092 1334 2193 1366 nec

330 1418 452 1467 spes
480 1401 595 1452 ulla
613 1402 775 1468 pacis
803 1402 1233 1469 consequendae.

479 1486 529 1541 7.
572 1484 704 1554 Quid
731 1486 910 1559 plura?
951 1484 1105 1541 Iidem
1133 1487 1380 1542 haeretici
1407 1486 1822 1560 Presbyteriani,
1852 1488 1935 1559 qui
1962 1497 2188 1543 veterem

332 1574 480 1627 Aerii
508 1575 758 1628 haeresim
786 1575 1111 1642 excitarunt,
1150 1575 1267 1630 licet
1293 1595 1445 1628 unum
1473 1577 1886 1648 presbyteratum
1921 1577 2190 1630 admitten-

330 1673 409 1716 tes
427 1702 440 1727 ‚
467 1659 830 1734 Episcopatmu
849 1663 964 1733 jure
992 1664 1161 1718 divino
1190 1664 1475 1716 institutum
1503 1672 1722 1734 negent3
1766 1665 1988 1717 fatentur
2017 1673 2188 1716 tamen

331 1750 481 1803 istum
500 1751 616 1821 jure
643 1751 860 1804 humano
888 1751 1043 1805 fuisse
1070 1752 1364 1806 necessario
1405 1751 1808 1804 constituendum
1827 1792 1841 1818 ,
1882 1771 1941 1805 eo
1971 1753 2100 1822 quod
2130 1753 2190 1804 ad

331 1837 606 1892 schismata
632 1838 973 1911 impedienda,
1014 1858 1104 1894 seu
1145 1841 1206 1893 ad
1231 1840 1478 1893 unitatem
1504 1838 1770 1893 Ecclesiae
1799 1841 2103 1894 servandam
2131 1858 2191 1892 6ο

332 1945 565 1999 supremo
602 1928 762 1998 gradu
797 1947 949 1981 unum
988 1927 1203 1999 aliquem
1250 1928 1402 2002 potiri
1439 1947 1563 2000 opus
1603 1927 1687 1980 sit.
1765 1925 1930 1996 Quam
1979 1929 2032 1981 in
2074 1947 2191 1982 sen-

330 2014 543 2068 tentiam
592 2033 743 2066 unum
795 2034 822 2068 e
873 2017 1193 2088 presbyteris
1254 2017 1371 2070 olim
1430 2019 1739 2090 praefectum
1798 2017 1965 2070 docuit
2017 2015 2192 2071 Calvi-

330 2121 424 2155 nus
453 2103 536 2155 lib.
565 2102 619 2154 4.
658 2101 1035 2156 Institutionum
1073 2123 1116 2157 c.
1145 2105 1199 2157 4.
1238 2123 1288 2156 ιι.
1320 2105 1371 2156 2.
1460 2106 1688 2166 Quibus,
1732 2104 1919 2174 inquit,
1960 2107 2196 2159 docendi

331 2211 519 2244 munus
560 2195 857 2263 injunctum
895 2199 1041 2252 erat,
1092 2212 1182 2245 eos
1222 2212 1402 2245 omnes
1439 2196 1791 2244 nominarunt
1820 2194 2190 2264 presbyteros.

339 2282 427 2333 Illi
454 2300 524 2332 ea·
551 2300 647 2332 suo
675 2299 896 2332 numero
924 2284 978 2332 in
1007 2283 1234 2350 sinyulis
1261 2282 1563 2334 civitatibus
1591 2301 1751 2332 unum
1783 2281 2082 2350 eliyebant,
2108 2284 2198 2333 cui

332 2371 646 2438 specialiter
686 2370 891 2421 dabant
924 2371 1137 2421 titulum
1177 2370 1471 2438 fflriscopi,
1494 2377 1496 2379 ’
1521 2389 1588 2422 ne
1629 2389 1701 2422 ea·
1738 2371 2098 2439 aequalitate,
2136 2377 2197 2421 ut

329 2460 455 2528 fieri
479 2459 645 2516 solet,
673 2458 902 2508 dissidia
927 2464 1298 2509 nascerentur.
1350 2454 1513 2509 Sicuti
1538 2476 1693 2529 porro
1722 2456 1898 2527 cuique
1923 2456 2037 2509 urbi
2062 2474 2192 2509 unus

333 2543 615 2617 Episcopus
645 2543 705 2595 ad
731 2543 977 2597 unitatem
1004 2543 1056 2596 in
1085 2563 1147 2597 ea
1174 2545 1528 2598 continendam
1555 2563 1798 2618 praeesse
1826 2545 2000 2610 debet3
2030 2543 2103 2596 ita
2131 2544 2191 2596 ad

332 2633 570 2687 tuendam
607 2631 856 2686 unitatem
891 2631 944 2685 in
980 2642 1090 2686 tota
1116 2630 1353 2687 Ecclesia
1389 2651 1518 2686 unus
1557 2652 1779 2686 summus
1807 2631 2057 2686 Pontifex
2098 2631 2194 2685 toti

332 2720 594 2775 Ecclesiae
622 2720 813 2792 praesit
847 2739 1059 2775 necesse
1087 2732 1194 2789 est3
1236 2723 1479 2794 hujusque
1513 2721 1695 2775 summi
1720 2720 1987 2775 Pontificis
2014 2739 2194 2773 neces-

335 2810 460 2863 sitas
499 2810 559 2862 ad
598 2807 843 2862 unitatem
879 2810 1183 2863 servandam
1216 2810 1269 2863 in
1303 2820 1414 2865 tota
1450 2809 1687 2865 Ecclesia
1723 2796 1869 2864 tanto
1912 2811 2078 2881 major
2116 2818 2191 2861 est

333 2898 637 2969 necessitate
657 2898 804 2951 unius
818 2896 1059 2971 Episcopi
1075 2898 1129 2950 in
1155 2898 1367 2969 singulis
1389 2898 1695 2963 civitatibus,
1717 2908 1904 2969 quanto
1926 2905 2193 2968 praestan·

331 2988 433 3041 tior
461 3006 519 3040 ac
545 2987 708 3059 magis
735 2985 1029 3041 necessaria
1054 2996 1134 3039 est
1157 2986 1313 3038 totius
1327 2983 1610 3050 Ecclesiae,
1639 3004 1786 3055 quam
1813 2983 2191 3057 particularium

337 3075 667 3130 ecclesiarum
700 3076 898 3142 unitas3
938 3084 989 3128 et
1025 3093 1122 3145 quo
1159 3075 1322 3145 majus
1350 3071 1881 3145 periculu1ni1mninet
1921 3091 1991 3126 ex
2031 3072 2193 3125 schis-

336 3175 498 3229 mate,
527 3165 657 3234 quod
682 3175 841 3218 totam
867 3163 1156 3219 Ecclesiam
1181 3160 1445 3215 moliretur
1471 3160 1728 3226 scindere,
1758 3179 1906 3231 quam
1934 3178 2004 3214 ex
2032 3159 2193 3213 schis-

336 3262 500 3317 mate,
529 3271 624 3322 quo
651 3254 986 3325 particulares
1011 3261 1208 3305 tantum
1235 3247 1500 3303 Ecclesiae
1538 3248 1590 3302 in
1626 3259 1799 3322 partes
1827 3249 2188 3303 discindantur.

337 3338 469 3393 Hinc
498 3350 662 3393 autem
689 3351 830 3413 patet
855 3340 1123 3396 Doduvelli
1148 3358 1322 3404 error,
1361 3337 1444 3409 qui
1471 3357 1581 3391 cum
1623 3337 2094 3401 animadvertisset,
2133 3334 2189 3389 S.

339 3424 659 3501 Cyprianum
683 3426 949 3484 Ecclesiae
986 3429 1231 3482 unitatem
1280 3428 1340 3480 ab
1376 3426 1573 3480 unitate
1622 3425 1901 3499 praepositi
1938 3424 2191 3478 derivare.

338 3513 590 3587 (Dissert.
609 3516 659 3570 7.
691 3513 1034 3589 Cyprianica)
1063 3515 1239 3571 statuit
1266 3516 1327 3569 ab
1355 3534 1415 3568 eo
1444 3513 1501 3567 S.
1519 3513 1760 3587 Martyre
1785 3533 1893 3567 non
1921 3516 2015 3581 assi
2040 3515 2107 3565 de
2135 3512 2193 3564 il-
