2314 3984
891 188 1289 253 ——236
1382 224 1555 234 ————

297 360 350 406 et
373 362 616 408 nostram
643 356 1022 410 auctoritatem
1045 359 1551 425 infallibilmxoum
1569 371 1853 434 utramque
1875 367 2153 432 insepara-

293 440 735 513 biliterjunctam
761 447 998 501 tenemus
1024 462 1143 497 cum
1169 450 1362 500 centro*
1381 450 1680 519 781196οηί3,
1705 471 1803 504 nos
1830 454 2150 522 colliyantes

294 546 414 580 cum
442 527 603 580 Petri
638 531 766 582 sede
795 548 904 599 per
933 532 1098 601 fidem
1134 540 1188 585 et
1222 535 1577 603 disciplinam
1593 541 1899 593 inanitate
1925 543 2150 608 spiritus

293 614 591 668 Ecclesiae.
673 616 881 670 Portae
915 621 1087 687 inferi
1111 623 1440 688 praevalere
1485 642 1596 676 mm
1623 635 1857 694 possunt
1891 629 2148 680 adversus

293 705 396 754 vim
415 743 430 763 ,
457 722 596 773 quae.
623 706 864 759 omnibus
890 708 1232 762 tenebrarum
1253 712 1612 778 potestatibus
1637 715 1894 767 terribilis
1923 722 2017 768 est.

441 789 530 843 16.
570 789 628 843 In
666 792 916 846 infinitum
954 795 1062 850 fere
1095 797 1467 869 protrahendus
1507 807 1646 853 esset
1671 799 1751 852 hic
1776 801 2146 872 paragraphuS‚

292 878 335 930 si
361 878 571 932 aliorum
599 881 1011 951 subsequentium
1038 883 1354 939 comitiorum
1381 883 1609 951 Galliae,
1638 886 1948 957 aliorumque
1973 884 2149 941 Gallo-

292 985 399 1018 rum
418 964 787 1040 Episcopormn
807 971 1100 1026 testimonia
1118 973 1299 1027 vellem
1318 976 1568 1046 proferre,
1584 973 1761 1045 quibus
1780 973 1834 1027 in
1853 973 2147 1028 celebriori-

290 1055 383 1106 bus
405 1057 770 1111 controversiis
792 1059 906 1112 fidei
926 1059 1103 1114 deinde
1129 1060 1372 1115 excitatis
1383 1060 1732 1115 Romanorum
1746 1061 2050 1115 Pontificum
2071 1063 2149 1116 dc-

289 1141 443 1196 cretis
471 1145 675 1198 omnino
705 1146 1070 1201 adhaerendum
1112 1168 1262 1218 quam
1295 1149 1520 1220 pluribus
1557 1149 1703 1203 editis
1730 1149 2149 1203 instructionibus

290 1229 565 1302 edictisque
602 1246 1002 1304 propugnarunt.
1055 1235 1198 1290 Haec
1234 1237 1431 1307 quidem
1459 1256 1568 1291 cum
1608 1237 1670 1290 ad
1694 1237 1938 1309 primatus
1966 1236 2147 1290 Ponti-

287 1317 389 1370 ficii
425 1320 867 1390 praerogativam,
908 1341 1056 1391 quam
1093 1323 1324 1377 universi
1362 1322 1639 1376 Galliarum
1677 1322 1918 1396 Episcopi
1957 1335 2147 1378 certam

287 1405 347 1458 de
373 1405 467 1459 fide
495 1417 796 1478 agnoscunt,
824 1409 1141 1476 referuntur,
1169 1419 1274 1462 tum
1300 1427 1424 1464 vero
1450 1410 1685 1482 primatui
1710 1410 1808 1482 ipsi
1832 1410 1935 1465 vim
1963 1411 2151 1464 coacti-

286 1511 402 1546 vam
428 1494 638 1548 unitatis
665 1495 780 1549 fidei
807 1497 930 1550 adeo
960 1496 1197 1551 concordi
1234 1497 1490 1551 sententia
1517 1498 1824 1563 attribuunt,
1864 1508 1919 1550 ut
1946 1498 2039 1552 hac
2065 1518 2150 1552 su-

287 1600 378 1653 per
416 1600 472 1634 re
509 1583 568 1636 de
607 1580 902 1638 Gallicanae
941 1584 1186 1638 ecclesiae
1222 1595 1391 1639 mente
1425 1595 1502 1638 tot
1541 1586 1853 1640 documentis
1894 1587 2150 1640 declarata

287 1670 515 1724 dubitare
551 1690 654 1724 non
694 1672 860 1727 liceat.
913 1671 1056 1727 Haec
1096 1673 1470 1728 animadversio
1509 1674 1804 1728 necessaria
1830 1673 1942 1728 visa
1978 1684 2056 1727 est
2084 1675 2146 1727 ob

287 1778 371 1824 ea,
402 1778 530 1829 quae
559 1760 839 1813 adversarii
878 1778 989 1813 cum
1016 1759 1267 1814 Bossueto
1307 1761 1574 1816 identidem
1602 1763 1870 1835 ingerunt,
1912 1761 2148 1814 nimirum

286 1847 578 1900 testimonia
606 1847 848 1920 ejusmodi
874 1847 982 1902 sive
1009 1857 1256 1914 veterum,
1285 1848 1395 1903 sive
1416 1848 1758 1903 recentiorum
1779 1848 2145 1921 Episcoporum

287 1933 511 2001 Galliae,
548 1954 679 2006 quae
707 1935 819 1989 aliis
846 1935 898 1988 in
925 1935 1066 1989 libris
1092 1956 1183 2008 pro
1211 1936 1479 1990 Romanae
1506 1937 1639 1990 sedis
1666 1937 1972 1991 auctoritate
2000 1937 2147 1990 editis

286 2024 496 2077 collecta
523 2025 788 2095 leguntur,
830 2025 892 2076 ad
918 2023 1186 2096 primatum
1213 2024 1408 2094 quidem
1428 2066 1441 2091 ,
1482 2044 1628 2095 quem
1656 2023 1791 2078 Galli
1827 2027 1959 2079 ultro
1997 2027 2146 2098 profi-

286 2121 486 2177 tentur,
527 2131 630 2165 non
666 2129 789 2166 vero
831 2111 891 2163 ad
918 2109 1243 2166 Pontificiam
1281 2112 1720 2178 infallibilitatem,
1758 2113 1817 2166 de
1846 2132 1945 2184 qua
1973 2131 2145 2165 eorum

284 2199 527 2252 librorum
553 2199 811 2253 Auctores
839 2198 1127 2272 disputant,
1156 2201 1407 2256 revocari.
1461 2199 1629 2266 Num,
1658 2211 1708 2254 et
1735 2219 1834 2271 qua
1860 2201 2059 2254 ratione
2086 2219 2147 2253 ea

285 2287 580 2340 testimonia
598 2287 1011 2341 infallibilitatem
1025 2286 1376 2341 Romanorum
1390 2287 1698 2341 Pontificum
1718 2289 2000 2354 adstruant,
2029 2288 2146 2341 alibi

286 2376 671 2447 expendendum
710 2376 826 2429 erit.
879 2374 1034 2429 Nunc
1071 2375 1282 2442 sufficit,
1323 2376 1366 2429 si
1407 2395 1477 2430 ex
1513 2375 1638 2448 ipsis
1678 2374 1840 2429 Gallis
1876 2373 2146 2448 Episcopis

287 2462 493 2516 evidens
521 2462 613 2529 sit,
643 2482 706 2516 ea
733 2464 795 2515 ad
821 2464 1090 2534 primatum
1117 2462 1190 2515 ita
1215 2463 1501 2534 pertinere,
1531 2474 1585 2515 ut
1611 2464 1743 2516 ratio
1769 2463 2016 2534 primatus
2042 2462 2142 2516 vim

285 2549 495 2602 unitatis
525 2549 834 2614 coactivam,
863 2550 923 2603 de
951 2569 1049 2620 qua
1075 2548 1127 2600 in
1154 2550 1561 2620 praesentiarum
1589 2550 1786 2621 agimus
1805 2590 1818 2615 ,
1847 2549 2022 2603 iisdem
2049 2567 2144 2602 ex-

285 2636 587 2708 plicantibus
613 2637 856 2693 involvat.

1127 2786 1174 2853 ς.
1214 2783 1309 2839 1v.

486 2888 756 2931 Testimonia
787 2890 938 2931 Jacobi
977 2889 1163 2940 Benigni
1196 2889 1397 2930 Bossucti
1433 2888 1643 2942 Episcopi
1677 2889 1929 2931 Meldensis.

434 2990 521 3044 17.
570 2988 881 3046 Distinctum
932 2987 1304 3062 paragraphum
1353 2989 1619 3043 reservavi
1667 2988 1857 3043 Jacobo
1908 2986 2143 3058 Benigno

285 3077 536 3133 Bossueto
563 3077 818 3153 Episcopo
845 3075 1098 3132 Meldensi
1115 3115 1128 3141 ,
1157 3075 1241 3145 qui
1266 3074 1524 3129 maximae
1551 3074 1679 3146 apud
1705 3071 1882 3128 Gallos
1908 3093 2143 3147 praeser-

284 3166 375 3219 tim
401 3166 724 3221 adversarios
761 3163 1078 3220 auctoritatis
1114 3163 1343 3216 habetur.
1395 3159 1560 3233 Hujus
1587 3180 1711 3232 ergo
1738 3161 1886 3215 unius
1915 3162 2143 3216 testimo—

286 3253 400 3318 nia,
441 3273 568 3324 quae
605 3254 660 3307 in
698 3274 806 3309 rem
842 3263 1076 3307 nostram
1115 3269 1219 3304 non
1257 3250 1475 3303 obscura
1501 3249 1787 3321 subjiciam,
1827 3250 1955 3303 satis
1994 3260 2143 3304 erunt

284 3359 378 3413 pro
404 3341 710 3396 testimoniis
747 3351 1031 3396 ceterorum
1067 3338 1316 3403 omnium,
1352 3357 1481 3409 quae
1519 3338 1691 3391 afferri
1730 3355 1799 3392 ex
1834 3335 2141 3391 adversariis

285 3438 522 3500 possent,
552 3430 793 3502 cumipse
821 3428 1112 3484 contrariae
1139 3426 1287 3481 nobis
1315 3426 1601 3480 sententiae
1626 3426 1819 3481 vindex
1845 3433 1896 3478 et
1921 3423 2144 3496 patroci-

287 3526 437 3570 nator
473 3517 771 3589 praecipuus
811 3517 1114 3589 suscipiatur
1151 3515 1211 3569 ab
1251 3514 1480 3568 omnibus
1519 3514 1593 3567 uti
1632 3523 1778 3585 caput
1815 3522 1865 3567 et
1890 3511 2140 3584 princeps»,
