2314 3984
708 257 1358 319 -afia—

122 430 526 495 eorsnecessione
535 429 602 482 sin
613 426 847 485 Ecclesia
871 427 1034 484 teneri
1060 426 1388 482 affirmaverit
1403 426 1464 480 in
1480 426 1809 501 ,librofcoutra
1818 427 1941 499 Epi».
1966 449 1971 453 ·

120 519 301 574 stolam
323 515 627 570 fundamenti
655 532 697 567 c.
727 513 778 565 4.
842 515 1005 567 Tenet
1039 531 1121 567 me
1160 517 1236 577 (in
1276 514 1558 577 Ecclesia).
1580 514 1792 584 abipsa
1815 517 1941 569 sede

123 606 279 658 Patri
294 645 310 665 ,
334 607 422 656 cai
440 604 742 672 pascendas
768 615 893 654 oves
914 617 1038 654 suas
1058 607 1187 668 post
1209 602 1652 654 resurrectionem
1681 601 1941 655 Dominus

120 692 527 749 commendavit,
579 706 744 757 usqae
779 689 1215 755 adfirmantem
1254 686 1650 754 Epire-opattam·
1677 691 1940 742 successio

124 779 494 830 Sacer-dotum:
524 793 584 828 eo
611 774 844 827 nimirum
868 771 995 841 qued
1010 770 1136 823 haec
1150 769 1493 823 Romanorum
1506 770 1806 826 Antistitum
1829 791 1941 828 suc-

118 863 307 927 cessio,
335 863 411 916 cui
436 861 725 915 universum
750 875 956 931 gregem
973 895 988 920 ‚
1014 874 1103 910 seu
1127 866 1286 909 totam
1312 856 1593 912 Ecclesiam
1618 856 1864 912 Dominus
1889 859 1939 911 in

119 946 275 1000 Petro
302 947 575 1008 connnisit,
599 942 1132 1016 tantae-penes‘ipsum
1158 943 1474 996 auctoritatis
1494 954 1665 1010 esset,
1703 955 1758 998 ut
1783 946 1939 1000 eidem

117 1043 364 1103 tamquam
401 1033 713 1087 firmissimae
749 1038 926 1101 petrae
963 1030 1138 1100 (quani
1176 1029 1293 1082 alibi
1325 1029 1580 1095 nominat,
1604 1040 1672 1082 >ut
1697 1031 1938 1102 vidimus)

117 1119 323 1171 omnino
352 1117 713 1171 adhaerendum
749 1123 920 1181 ratus,
959 1115 1041 1170 vel
1073 1132 1144 1168 ex
1169 1115 1261 1168 hoc
1286 1116 1591 1169 retineretur
1615 1116 1669 1168 in
1692 1115 1939 1181 Ecclesia.

114 1220 238 1273 quae
261 1204 452 1274 pariter
475 1203 548 1255 illi
572 1211 746 1274 petrae
773 1220 843 1256 ex
867 1198 1060 1255 Christi
1084 1200 1400 1254 institutione
1427 1202 1760 1255 adhaerescit.
1796 1203 1941 1257 Hanc

115 1298 276 1342 autem
288 1289 638 1342 auctoritatem
659 1288 713 1340 in
726 1289 954 1341 doctrina
973 1287 1271 1359 praesertim
1292 1287 1402 1340 fidei
1421 1289 1482 1340 ab
1496 1287 1784 1359 Augustino
1797 1291 1938 1361 agni-

114 1384 215 1427 tam
234 1375 387 1428 fuisse
411 1375 627 1428 ostendit
643 1373 874 1427 Psalmus
901 1384 1078 1427 contra
1103 1383 1297 1444 partem
1323 1373 1531 1435 Donati.
1555 1374 1638 1426 ubi
1663 1388 1937 1430 memorata

114 1460 627 1513 eademRomanorum
641 1458 938 1512 Pontificum
953 1459 1271 1513 successione
1280 1467 1471 1529 petrae
1484 1461 1724 1514 vocabulo
1737 1462 1939 1529 donata.

115 1566 271 1614 qaam
296 1566 406 1599 non
433 1550 650 1605 vincunt
672 1548 932 1615 superbae
959 1551 1262 1615 inferorum
1278 1553 1502 1615 petrae,
1541 1547 1702 1600 subdit
1739 1550 1939 1603 statim:

123 1631 278 1683 Tales
305 1635 354 1683 si
377 1635 494 1700 quis
521 1636 596 1685 acl
618 1651 697 1684 me
722 1637 900 1686 veniat
916 1635 1114 1701 plenus
1140 1634 1441 1686 catholicae
1461 1635 1623 1703 fidei,
1658 1638 1842 1703 quales
1881 1641 1939 1690 il-

113 1719 192 1768 los
217 1724 432 1769 sanctos
457 1721 630 1777 viros,
659 1716 815 1787 (idest
841 1717 1106 1770 Romanae
1130 1717 1389 1771 Ecclesiae
1416 1719 1733 1786 sacerdotes)
1760 1741 1935 1775 omnes

112 1804 334 1855 solemus
360 1806 579 1856 audire.-
607 1821 734 1872 quae
762 1821 883 1856 sane
909 1821 1010 1856 non
1035 1812 1140 1855 tam
1167 1803 1536 1873 Augustinum⁷
1575 1823 1720 1874 quam
1759 1827 1937 1861 omnes

111 1887 374 1942 catholicos
411 1889 456 1942 ei
490 1888 600 1941 fidei
621 1928 636 1954 ‚
672 1907 797 1959 quae
835 1889 1175 1943 Romanorum
1215 1889 1511 1943 Pontificum
1547 1902 1705 1956 esset,
1746 1905 1936 1964 promte

114 1973 442 2028 adhaerentes
469 1975 768 2045 significant.

932 2135 979 2201 §-
1017 2133 1112 2185 lx.

112 2233 214 2272 Acin
244 2232 428 2282 ejusdem
473 2236 710 2286 Augustini
766 2237 1009 2278 testimonia
1045 2248 1097 2277 ex
1139 2236 1316 2288 scriptis
1357 2243 1503 2279 contra
1546 2241 1807 2292 Pelagianos
1856 2258 1933 2297 pro

119 2295 283 2333 unitate
304 2291 416 2342 fidei
446 2305 539 2334 cam
572 2295 786 2336 Romana.
824 2320 827 2334 ⁴
860 2295 1165 2336 Validissimum
1201 2301 1497 2347 argumentum
1530 2300 1704 2342 deletum
1736 2317 1786 2343 ex
1818 2308 1932 2346 anti-

114 2351 316 2402 quissimo
349 2363 463 2392 more
492 2352 705 2403 referendi
736 2366 891 2396 causas
913 2352 1024 2404 fidei
1055 2355 1110 2395 ad
1135 2354 1372 2396 Romanam
1404 2358 1555 2400 sedem.
1625 2359 1866 2405 Innocentii
1900 2365 1931 2406 Ι.

110 2410 242 2450 trium
275 2410 561 2452 Concuiorum
591 2413 767 2463 Africae
810 2417 852 2454 et
891 2415 1075 2455 aliorum
1120 2413 1301 2455 Patrum
1333 2418 1623 2462 auctoritates.
1689 2422 1806 2463 Loca
1838 2425 1930 2464 Au-

107 2470 277 2518 gustini
307 2483 358 2510 ex:
387 2470 511 2512 libris
543 2471 594 2512 de
626 2473 836 2524 baptismo
867 2471 1035 2521 objecta
1066 2476 1368 2526 explicantur,
1398 2478 1472 2516 ubi
1503 2479 1615 2518 inter
1646 2481 1733 2521 alia
1767 2483 1933 2535 disqui—

108 2528 242 2580 ritur,
272 2540 372 2569 mem
405 2529 453 2570 in
483 2531 731 2582 quaestione
763 2532 814 2573 de
845 2533 1054 2583 baptismo
1087 2536 1208 2573 extra
1241 2532 1479 2575 Ecclesiam
1509 2542 1710 2590 percepto
1747 2541 1930 2594 Stepha-

423 2599 508 2628 nus
540 2590 719 2632 ediderit
756 2592 930 2645 proprie
970 2592 1132 2632 dictam
1171 2590 1459 2642 definitionem
1485 2593 1609 2644 fidei.

250 2670 337 2724 46.
412 2671 561 2726 Nunc
587 2691 655 2727 ex
681 2675 952 2746 Augustini
990 2677 1189 2748 scriptis
1228 2688 1404 2731 contra
1442 2678 1748 2752 Pelagianos
1790 2686 1933 2738 editis

107 2772 197 2823 pro
235 2755 426 2809 unitate
461 2757 571 2810 fidei
610 2761 957 2830 exploratiora
994 2763 1280 2815 educentur.
1333 2762 1575 2818 Celebres
1613 2780 1729 2820 sunt
1764 2771 1856 2824 hac
1882 2773 1931 2822 in

112 2857 166 2890 re
192 2849 296 2892 tres
324 2840 383 2893 ad
409 2839 748 2895 Innocentium
776 2844 816 2897 l.
845 2846 1110 2917 epistolae,
1139 2848 1264 2899 duae
1292 2846 1633 2903 Conciliorum
1661 2852 1932 2927 Carthagi-

110 2924 280 2977 nensis
316 2935 465 2996 atque
495 2926 812 2995 Milevitani‚
864 2932 1016 2984 tertia
1054 2932 1268 3002 quinque
1303 2932 1666 3008 Episcoporum
1705 2940 1929 3009 Africae,

108 3027 232 3078 quae
265 3029 436 3064 omnes
472 3013 532 3064 ab
571 3014 858 3086 Augustino
897 3018 1141 3089 scriptae,
1178 3029 1227 3071 et
1262 3019 1394 3072 inter
1433 3023 1646 3092 ejusdem
1693 3028 1929 3098 epistolas

108 3095 268 3148 editae
294 3115 392 3149 non
418 3107 522 3150 tam
548 3099 704 3172 ipsius
721 3141 734 3167 ,
762 3121 907 3172 quam
932 3105 1084 3157 totius
1123 3104 1395 3160 Africanae
1420 3106 1680 3165 Ecclesiae
1705 3116 1930 3169 testimo-

111 3181 242 3232 nium
269 3182 525 3237 exhibent.
555 3185 795 3241 Refertur
821 3189 872 3242 in
899 3189 976 3243 his
1002 3191 1061 3243 de
1088 3190 1285 3262 Pelagii
1310 3191 1649 3266 Caelestiique
1675 3202 1928 3256 erroribus

111 3267 170 3318 ad
197 3265 476 3321 Romanam
505 3272 686 3339 sedem,
712 3285 766 3327 ut
789 3275 932 3347 hujus
959 3277 1049 3330 hac
1077 3295 1226 3349 super
1255 3298 1310 3332 re
1337 3281 1633 3350 exquiratur
1659 3288 1923 3342 sententia.

108 3352 361 3424 Antiquus
387 3355 463 3407 hic
491 3356 735 3412 referendi
761 3379 868 3415 mos
897 3374 989 3429 est,
1018 3383 1126 3417 cum
1153 3367 1447 3437 praesertim
1476 3367 1584 3421 fidei
1605 3373 1926 3439 quaestiones

107 3437 410 3505 inciderent,
439 3452 489 3494 et
516 3461 545 3494 a
571 3443 740 3514 primis
767 3465 959 3519 quoque
986 3451 1200 3504 saeculis
1228 3463 1465 3508 accurate
1490 3456 1815 3512 observatus:
1844 3480 1925 3513 cu-

102 3524 179 3592 jus
206 3526 397 3593 quidem
424 3527 567 3582 initia
596 3531 653 3582 ad
680 3531 787 3602 ipsa
816 3535 1172 3605 Apostolorum
1207 3549 1431 3608 tempora
1471 3540 1819 3598 Theodoretus
1849 3566 1944 3599 re·-
