2314 3984
723 235 1368 295 ——315—

969 475 1130 546 §.x
1247 447 1250 449 Α

148 617 209 659 De
239 615 451 669 lapsibus,
483 613 558 666 qui
589 613 687 655 aliis
718 609 1003 662 Pontificibus
1032 609 1304 658 tribuuntur,
1344 609 1386 647 et
1415 606 1468 648 de
1494 605 1718 648 nonnullis
1749 599 1953 657 antiquo—

147 689 241 718 rum
269 674 538 724 testimoniis,
569 685 677 725 quae
706 683 868 714 errores
898 667 1155 719 Pontificum
1183 667 1392 715 indicant,
1422 665 1633 719 quaedam
1661 666 1951 716 attinguntur,

381 746 431 774 ex
462 733 615 786 quibus
643 735 792 784 pateat
821 731 963 771 nullos
993 727 1205 780 pertinere
1234 726 1292 768 ad
1323 722 1593 776 definitiones
1607 721 1731 775 fidei.

290 850 376 904 37.
416 846 474 910 Si
499 865 649 919 porro
675 847 768 899 duo
793 846 908 910 illa,
941 844 1023 899 vel
1045 841 1147 894 tria
1171 841 1390 911 objecta,
1426 858 1553 910 quae
1575 839 1731 894 veluti
1755 838 1954 911 potiora

148 947 200 990 et
226 934 382 1006 magis
407 934 672 1005 explorata
707 949 776 985 ex
800 928 858 984 S.
885 928 1059 992 Petri,
1098 944 1169 980 ex
1193 924 1389 980 Liberii
1422 935 1474 979 et
1498 924 1711 978 Honorii
1736 924 1954 997 lapsibus

148 1023 502 1084 obtruduntur,
540 1019 594 1071 in
628 1036 734 1071 rem
756 1024 1071 1088 praesentem
1094 1012 1218 1065 nihil
1240 1013 1480 1083 probant3
1521 1011 1635 1081 quid
1659 1012 1956 1065 censendum

149 1108 208 1161 de
233 1106 438 1169 ceteriS‚
471 1121 597 1173 quae
620 1119 688 1156 ex
714 1101 826 1154 aliis
851 1099 1176 1154 Pontificibus
1201 1099 1373 1164 ducta,
1410 1098 1618 1151 minoris
1644 1098 1882 1151 momenti
1907 1108 1958 1151 et

143 1189 464 1243 imbecilliora
498 1197 614 1240 sunt
646 1187 797 1240 multo
813 1225 827 1251 ‚
866 1187 1348 1255 evidentioribusque
1386 1183 1794 1256 responsionibus
1831 1183 1958 1255 apud

144 1275 268 1329 alios
301 1274 609 1327 inerrantiae
646 1271 944 1326 Pontificiae
979 1273 1196 1327 eruditos
1229 1273 1499 1340 doctosque
1551 1271 1774 1325 vindices
1810 1270 1957 1323 uber-

147 1362 267 1414 rime
292 1362 445 1413 diluta
469 1360 822 1415 inveniuntur?
873 1358 956 1412 Ne
990 1359 1237 1412 morosius
1273 1375 1622 1429 percurramus
1650 1357 1871 1427 singula,
1907 1367 1958 1410 et

146 1467 209 1501 ne
234 1448 519 1500 deseramus
542 1447 690 1517 plane
715 1445 882 1498 omnia
897 1484 912 1510 ,
952 1444 1429 1498 animadversionem
1454 1446 1700 1516 proferam
1715 1483 1729 1510 ,
1766 1461 1836 1497 ex
1860 1462 1958 1513 qua

146 1534 351 1604 quisque
377 1532 686 1605 exploratius
712 1540 1008 1602 cognoscet,
1035 1541 1277 1600 quatenus
1303 1531 1411 1583 aliis
1437 1540 1586 1600 atque
1614 1530 1723 1582 aliis
1748 1530 1958 1601 objectis

147 1618 436 1691 responderi
475 1628 639 1688 queat.
691 1615 812 1670 Illud
847 1618 971 1689 apud
1006 1637 1106 1670 non
1142 1636 1325 1689 paucos
1362 1616 1711 1689 praejudicium
1747 1615 1958 1679 obtinet,

146 1725 243 1775 quo
270 1705 434 1758 omnia
458 1703 752 1757 Pontificum
779 1705 937 1769 dicta,
974 1705 1054 1759 vel
1077 1704 1265 1775 scripta
1297 1714 1547 1773 tamquam
1582 1702 1693 1755 fidei
1719 1701 1960 1754 definitio-

147 1810 237 1844 nes
263 1790 583 1855 existimant3
618 1808 710 1843 nec
739 1789 989 1859 cogitant,
1026 1809 1082 1843 se
1107 1790 1198 1843 hac
1236 1790 1434 1842 ratione
1467 1788 1589 1860 ipsis
1613 1786 1958 1851 Pontificibus,

144 1877 257 1928 dum
293 1877 464 1930 favere
510 1876 711 1928 nimium
746 1876 947 1940 volunt,
997 1877 1176 1929 obesse
1225 1875 1510 1947 plurimum,
1562 1874 1958 1944 adversariisque

148 1961 438 2014 Pontificiae
461 1962 767 2015 inerrantiae
793 1963 1001 2033 plurium
1035 1963 1336 2034 objectorum
1368 1962 1680 2016 occasionem
1699 1962 1957 2033 praebere.

151 2045 511 2115 praejudicium
537 2048 775 2118 ejusmodi
802 2048 845 2099 si
870 2049 1160 2120 deponatur,
1188 2067 1295 2101 cum
1321 2048 1468 2100 obvia
1489 2047 1583 2100 erit
1602 2048 1959 2118 quamplurium

147 2132 448 2200 objectorum
476 2134 684 2199 soluti03
711 2143 814 2184 tum
833 2134 1027 2186 facilior
1048 2134 1444 2189 adversariorum
1467 2133 1822 2186 catholicorum
1841 2152 1958 2186 con-

149 2218 348 2271 ciliatio.
398 2217 483 2270 Ex
512 2238 608 2289 quo
635 2219 810 2271 summi
834 2217 1104 2274 Pontifices
1140 2221 1200 2272 ad
1224 2219 1370 2274 Petri
1394 2221 1560 2273 sedem
1584 2220 1798 2291 promoti
1823 2230 1959 2286 sunt,

149 2305 276 2357 sicut
299 2323 399 2357 non
423 2306 607 2359 idcirco
644 2316 894 2358 exuerunt
920 2306 1180 2359 humanam
1216 2317 1470 2371 naturam3
1508 2307 1580 2359 ita
1604 2325 1766 2375 neque
1790 2305 1961 2359 huma-

150 2409 264 2442 nam
301 2392 477 2461 agendi
513 2402 564 2445 et
601 2391 835 2463 opinandi
883 2393 1128 2446 rationem
1174 2393 1525 2465 deposuerunt.
1602 2389 1763 2459 Quam
1806 2394 1962 2446 multa

149 2486 303 2546 agunt
327 2495 396 2530 ex
420 2477 710 2548 prudentiae
734 2478 937 2548 regulis,
965 2497 1092 2547 quae
1119 2496 1188 2531 ex
1205 2479 1452 2532 varietate
1479 2479 1958 2532 circumstantiarum

141 2563 375 2632 judicium
413 2564 694 2616 mutandum
729 2564 1101 2634 praescribunt,
1145 2583 1368 2635 quaeque
1402 2566 1520 2618 illud
1558 2566 1743 2618 sectari
1768 2567 1962 2637 jubent,

150 2650 277 2716 quod
304 2648 385 2719 (ut
411 2650 608 2703 scholae
634 2650 925 2719 loquuntur)
953 2651 1004 2702 in
1030 2651 1248 2720 pluribus
1278 2652 1468 2715 accidit,
1496 2652 1610 2705 licet
1634 2652 1685 2705 in
1710 2653 1958 2724 pauciori-

152 2735 242 2786 bus
268 2735 426 2805 possit
449 2735 690 2788 deficere?
742 2733 903 2801 Quam
939 2737 1094 2787 multa
1132 2737 1402 2788 decernunt
1436 2755 1506 2789 ex
1533 2739 1797 2808 opinione,
1836 2759 1962 2809 quae

153 2820 376 2872 omnibus
414 2821 649 2891 expensis
686 2822 834 2890 longe
859 2821 1187 2891 probabilior,
1227 2831 1278 2873 et
1313 2822 1498 2874 certior
1514 2824 1793 2893 judicatur,
1832 2827 1960 2877 unde

154 2917 230 2958 est
255 2906 338 2958 illa
355 2907 483 2976 juris
511 2907 733 2959 canonici
760 2908 930 2977 regula
956 2907 1007 2959 in
1033 2906 1225 2960 Sexto:
1267 2908 1578 2975 Inspicimus
1617 2915 1671 2962 in
1709 2913 1963 2971 obscuris,

153 2995 297 3060 quod
329 3001 406 3044 est
442 2995 790 3045 verisimilius.
867 2992 948 3044 Ad
983 2994 1102 3046 haec
1139 2995 1243 3046 fere
1280 3005 1579 3047 revocantur
1613 2998 1848 3067 pleraque
1883 3018 1962 3059 re-

154 3077 337 3147 scripta
354 3076 648 3131 Pontificum
674 3097 773 3131 non
799 3089 899 3131 tam
927 3079 1059 3132 circa
1083 3098 1325 3151 personas
1351 3091 1401 3132 et
1419 3082 1604 3151 judicia
1625 3084 1962 3154 particularia,

156 3181 298 3231 quam
324 3163 375 3214 in
400 3166 650 3235 responsis
686 3166 746 3217 ad
771 3165 918 3218 dubia
944 3165 1126 3218 eisdem
1151 3166 1404 3238 proposita
1441 3167 1574 3221 circa
1600 3169 1849 3240 practicos
1877 3191 1962 3224 ca-

155 3267 265 3311 sus,
304 3258 356 3299 ut
382 3267 443 3301 ne
467 3251 615 3302 ullum
641 3251 936 3304 definitionis
969 3251 1273 3319 dogmaticae
1291 3253 1524 3323 judicium
1551 3274 1670 3326 prae
1697 3275 1751 3309 se
1778 3258 1960 3310 ferant.

169 3337 510 3403 Respondent
547 3340 678 3388 enim
710 3357 868 3406 saepe
912 3339 1224 3407 Pontifices,
1259 3339 1416 3407 inquit
1453 3338 1607 3410 (Lib.
1636 3342 1687 3394 6.
1728 3341 1805 3396 De
1841 3345 1961 3397 locis

158 3419 337 3473 Theol.
367 3440 409 3473 c.
437 3421 488 3474 8.
518 3422 577 3473 ad
601 3422 683 3492 8.)
710 3421 950 3477 Melchior
978 3421 1176 3488 Canus,
1205 3427 1278 3476 acl
1292 3429 1538 3493 privatas
1566 3429 1748 3499 hujus,
1787 3438 1881 3483 aut
1905 3434 1962 3483 il·-

156 3508 259 3558 lim
277 3508 537 3576 Episcopi
560 3513 889 3578 quaestiones
910 3530 1058 3562 suam
1085 3514 1384 3579 opinionem
1407 3514 1473 3565 de
1494 3515 1647 3567 rebus
1669 3519 1962 3585 propositis
