2314 3984
877 174 1539 233 *θη-

338 345 504 398 Lapsus
533 347 581 387 S.
613 346 733 388 Petri
766 355 889 398 quam
919 356 1142 400 perperam
1170 349 1562 401 apponatur-³2⁹8.
1594 350 1700 394 299.
1744 350 1797 391 de
1828 351 1949 406 lapsu
1978 353 2142 397 Liberii

339 406 444 448 300.
477 407 525 450 V.
566 406 781 448 Liberius.
827 405 991 458 Lapsus
1020 407 1220 448 Honorio.
1246 408 1431 449 tributus
1461 413 1662 462 quantum
1692 411 1804 452 absit
1835 425 1863 453 a
1892 412 2141 456 definitione

341 465 457 507 fidei.
487 467 593 507 306.
624 466 674 509 V.
709 464 949 508 Honorius.
995 468 1059 509 De
1085 468 1228 520 vigilii
1250 469 1393 522 Papae
1424 469 1538 510 actis.
1564 470 1611 512 in
1640 473 1889 524 quaestione
1921 473 1976 514 de
2006 475 2141 516 tribus

340 527 554 580 capitulis.
586 526 691 568 317.
753 527 817 567 De
847 527 1021 568 Joannis
1051 529 1190 569 XXII.
1230 529 1445 570 sententia
1484 531 1599 571 circa
1637 532 1845 576 visionem
1885 534 2139 576 beatificam.

340 587 415 627 ibi.
477 587 534 627 Ut
564 587 848 639 probarentur
879 599 1062 638 errores,
1095 589 1301 630 deberent
1343 602 1436 631 esse
1469 590 1703 635 evidentes.
1733 593 1839 637 300.
1885 595 1991 635 Tria
2023 599 2143 636 certa

342 648 395 687 ab
428 646 687 688 adversariis
715 647 937 700 probanda
967 653 1124 693 essent.
1155 650 1260 691 320.

280 708 538 760 Euphemius
579 709 664 748 ΟΡ.
698 709 841 749 Aeacii
882 721 1103 750 successor
1143 723 1294 764 expers
1336 711 1639 763 communionis
1685 714 1865 754 actualis
1906 728 1997 756 cum
2039 717 2141 756 sede

341 768 612 820 Apostolica,
647 769 856 820 quomodo
888 770 1099 810 vindicari
1132 774 1272 823 queat.
1303 771 1408 812 339.
1441 771 1547 812 341.
1579 772 1623 812 in
1655 776 1772 814 nota.

279 829 458 869 Eusebii
489 829 770 871 vercellensis
801 831 1089 871 testimonium
1120 844 1174 872 ex
1202 833 1359 873 litteris
1389 833 1552 873 Liberii
1583 833 1741 887 Papae.
1775 834 1877 876 127.

278 890 468 929 Examen
500 901 653 930 novum
683 894 781 943 post
812 891 1096 943 Apostolicam
1128 892 1428 933 definitionem.
1458 894 1505 935 V.
1541 892 1714 935 Novum
1748 893 1956 935 Examen.

278 950 643 991 Excommunicati
686 955 782 992 sunt
825 953 1007 1004 praecisi
1046 953 1099 993 ab
1140 954 1305 994 unitate
1336 954 1574 997 Ecclesiae.
1607 955 1712 995 335.
1775 956 1936 994 Curare
1969 954 2138 1004 debent,

339 1013 386 1051 ut
420 1011 462 1050 in
494 1013 702 1051 unitatem
733 1013 1007 1065 recipiantur,
1043 1014 1154 1067 quod
1176 1015 1245 1067 qui
1276 1027 1359 1055 non
1393 1018 1528 1063 curat,
1560 1016 1870 1067 separationem
1888 1016 2142 1067 approbans,

339 1071 519 1111 schisma
558 1072 762 1124 implicite
801 1073 907 1113 vult.
951 1074 1055 1114 335.
1127 1076 1191 1116 De
1231 1075 1444 1128 impeditis
1486 1076 1538 1116 ab
1583 1076 1814 1116 obtinenda
1854 1078 2143 1116 communione

341 1133 537 1172 notabilis
571 1133 816 1181 distinctio,
853 1137 895 1173 et
930 1135 1094 1186 quando
1129 1137 1504 1176 excommunicatio
1539 1148 1622 1176 non
1656 1137 1792 1186 obsit,
1826 1148 1904 1176 nec
1936 1141 2143 1189 repugnet

341 1193 574 1236 sanctitati.
606 1193 711 1234 336.
774 1195 916 1234 Inanis
960 1197 1179 1237 excusatio
1225 1207 1393 1245 eorum,
1434 1198 1504 1248 qui
1538 1197 1682 1238 dicunt
1713 1211 1760 1237 se
1802 1209 1886 1238 non
1919 1210 2142 1250 separasse

339 1253 393 1293 ab
427 1254 604 1295 unitate.
637 1253 741 1293 338.
818 1255 1044 1295 Refellitur
1086 1258 1300 1297 sententia
1341 1258 1575 1297 Acacianos
1619 1269 1824 1298 excusans
1867 1270 1918 1297 eo
1960 1259 2141 1306 nomine,

341 1313 455 1365 quod
499 1314 876 1353 excommunicatio
917 1314 1005 1353 lata
1045 1317 1088 1355 in
1129 1317 1350 1363 Acacium,
1395 1317 1448 1355 ab
1479 1317 1702 1357 Ecclesiae
1746 1329 1923 1369 corpore
1965 1319 2143 1369 probata

340 1385 424 1413 non
456 1373 600 1413 fuerit.
632 1373 737 1412 345.
781 1374 1271 1417 Excommunicationem
1299 1376 1444 1429 Papae
1474 1377 1691 1417 vitandam
1722 1380 1766 1417 et
1795 1377 2023 1418 timendam
2054 1391 2143 1418 cre-

341 1433 448 1473 didit
483 1434 528 1472 S.
562 1433 743 1485 Cyrillus
774 1434 1099 1475 Alexandrinus.
1133 1437 1237 1476 178.

279 1494 667 1535 Excommunicatio
709 1495 794 1534 lata
836 1495 878 1534 in
921 1509 1017 1545 eos,
1059 1509 1162 1548 quos
1204 1510 1345 1538 secum
1385 1498 1525 1537 unitos
1565 1500 1683 1537 tenet
1715 1497 1964 1550 Apostolica
2003 1498 2140 1549 sedes,

341 1567 434 1594 cum
467 1567 549 1595 non
581 1558 752 1607 separet
783 1569 809 1595 a
842 1569 996 1597 summo
1031 1556 1255 1601 Pontifice.
1288 1559 1362 1599 56.
1398 1558 1503 1598 181.

279 1653 514 1717 reneloni
546 1674 766 1716 Francisci
801 1675 853 1715 de
873 1676 1077 1728 Salignac
1107 1676 1428 1730 Archiepiscopi
1460 1678 1778 1719 Cameracensis
1809 1677 1975 1729 insigne
2006 1690 2143 1719 exem-

338 1735 449 1786 plum
482 1735 751 1775 obedientiae
783 1737 982 1789 simplicis
1024 1740 1067 1776 et
1099 1738 1261 1789 absque
1304 1738 1388 1777 ulla
1419 1739 1701 1778 restrictionis
1734 1738 1880 1778 umbra
1911 1740 2146 1790 praestitae

340 1795 522 1834 decretis
553 1796 832 1847 Apostolicis‚
877 1796 1092 1838 laudatum
1134 1799 1188 1838 ab
1218 1798 1446 1850 Episcopis
1480 1799 1725 1842 Gallicanis.
1756 1799 1862 1838 202.
1925 1799 2029 1851 Ejus
2071 1800 2145 1840 ad-

341 1855 508 1895 notatio
541 1857 582 1895 in
615 1857 845 1905 formulam,
878 1871 953 1897 seu
985 1859 1292 1910 professionem
1323 1860 1491 1899 missam
1523 1860 1565 1898 in
1591 1860 1807 1899 Orientem
1840 1871 1866 1898 a
1889 1859 2006 1911 Papa
2031 1861 2143 1900 Hor-

338 1916 494 1963 misda‚
530 1929 611 1967 qua
644 1917 696 1956 de
729 1919 1030 1958 communionis
1062 1922 1105 1958 et
1137 1919 1235 1959 fidei
1267 1918 1430 1959 unitate
1463 1923 1703 1960 caveretur.
1736 1920 1838 1961 211.
1874 1920 1916 1958 in
1949 1923 2064 1962 nota.

281 1977 410 2018 Fides
443 1975 653 2018 catholica
686 1990 711 2017 a
741 1977 824 2018 fide
847 1979 1036 2019 Romana
1067 1991 1151 2019 non
1182 1980 1390 2030 sejuncta.
1425 1980 1526 2020 145.
1560 1980 1662 2020 146.
1696 1980 1822 2031 idque
1855 1981 1907 2019 ob
1939 1981 2144 2021 unitatem

338 2037 436 2077 fidei
467 2038 602 2078 totius
633 2039 855 2078 Ecclesiae
898 2052 990 2079 cum
1037 2039 1122 2079 fide
1153 2040 1360 2082 Romana.
1395 2041 1468 2082 ibi.
1533 2041 1646 2079 Hinc
1678 2040 1868 2079 Romana
1898 2045 2053 2081 vocata
2083 2043 2144 2081 le·-

342 2100 458 2149 gitur
487 2097 594 2137 fides
627 2099 859 2147 catholica,
892 2103 936 2140 et
968 2099 1073 2140 fides
1105 2100 1315 2141 catholica
1345 2101 1559 2153 appellata
1590 2101 1793 2140 Romana.
1834 2102 1907 2141 ibi.
1935 2114 2070 2154 neque
2102 2102 2146 2141 id

343 2162 481 2198 ortum
519 2158 667 2199 habuit
709 2170 736 2199 a
777 2160 1003 2200 schismate
1043 2162 1318 2202 Graecorum.
1361 2162 1436 2201 ibi.
1501 2163 1689 2202 Romana
1731 2161 1836 2200 fides
1867 2175 2031 2215 semper
2063 2163 2147 2202 erit

339 2218 446 2259 fides
479 2219 703 2260 Ecclesiae
735 2221 972 2262 catholicae
1006 2222 1058 2262 ob
1089 2223 1310 2265 unitatem.
1341 2222 1447 2262 239.
2051 2241 2055 2243 >

282 2280 412 2321 Fides
444 2281 696 2329 cathedrae,
742 2295 816 2322 seu
847 2283 1070 2323 Ecclesiae
1102 2284 1317 2323 Romanae
1358 2295 1440 2322 non
1475 2282 1773 2334 distinguenda
1815 2295 1841 2322 a
1871 2282 1980 2330 fide,
2024 2295 2145 2334 quam

341 2341 521 2380 Romani
554 2341 785 2382 Pontifices
828 2343 1005 2391 docent,
1050 2347 1097 2383 ut
1132 2345 1364 2384 Bossuetus
1404 2343 1577 2386 fatetur.
1611 2344 1718 2383 251.
1782 2345 1998 2387 Quaenam
2038 2343 2145 2384 fides

341 2401 592 2442 Pontificum
625 2403 682 2442 sit
723 2403 828 2443 fides
862 2404 977 2444 edita
1008 2417 1060 2445 eac
1093 2404 1315 2446 cathedra.
1346 2404 1452 2446 293.
1517 2406 1732 2448 Quaenam
1775 2406 2008 2444 constituat
2041 2404 2143 2444 defi-

344 2463 546 2502 nitionem
579 2462 693 2502 fidei.
726 2465 771 2506 V.
807 2463 1031 2514 Definitio.

280 2522 410 2563 Fides
441 2522 657 2562 Romanae
689 2524 803 2563 sedis
834 2524 999 2564 firmata
1031 2524 1190 2564 Christi
1220 2524 1453 2575 promissis.
1484 2525 1590 2564 269.
1624 2527 1667 2563 et
1701 2537 1817 2575 seqq.
1874 2525 1937 2564 De
1969 2524 2145 2574 integri-

338 2585 432 2624 tate
466 2585 508 2621 et
542 2582 912 2623 indefectibilitate
959 2584 1145 2635 ejusdem
1184 2582 1284 2623 fidei
1327 2583 1501 2623 traditio
1534 2584 1722 2623 Patrum.
1755 2583 1859 2623 279.
1921 2584 2143 2623 Confessio

339 2643 554 2683 Bossueti.
586 2643 691 2686 285.
757 2644 1052 2684 Contradictio
1086 2644 1271 2695 eJ'usdem
1302 2647 1453 2683 notata
1486 2648 1528 2683 et
1561 2646 1735 2695 reJecta.
1768 2644 1874 2683 286.
1937 2644 2144 2696 Aequivo-

344 2704 456 2743 catio
490 2703 676 2745 detecta.
710 2704 814 2746 289.
861 2705 929 2744 Ex
961 2704 1043 2744 fide
1062 2705 1251 2744 Romana
1283 2704 1537 2743 discernitur
1569 2716 1773 2756 quaenam
1805 2704 1860 2743 sit
1890 2716 1993 2743 vera
2024 2703 2144 2747 fides,

339 2763 446 2804 261.
508 2764 602 2804 Hac
634 2763 717 2806 fide
751 2765 954 2804 haeretici
988 2769 1030 2804 et
1062 2765 1260 2806 haereses
1293 2765 1572 2816 deteguntur,
1608 2777 1657 2804 ac
1689 2765 1946 2807 refutantur.
1981 2765 2083 2807 103.

281 2825 410 2864 Fides
445 2828 652 2877 quatenu-s
684 2826 887 2877 probetur
919 2826 1175 2878 Apostolica.
1212 2826 1314 2868 109.

282 2886 405 2926 Fidei
437 2889 578 2927 unitas
611 2899 703 2927 cum
735 2887 925 2926 Romana
966 2899 992 2926 a
1025 2886 1214 2938 quolibet
1246 2886 1488 2926 Christiano
1531 2885 1696 2926 omnino
1744 2884 1925 2925 tenenda
1958 2887 2038 2924 est.
2071 2885 2145 2924 61.

341 2946 414 2987 62.
447 2947 495 2988 V.
542 2946 699 2987 Unitas
722 2945 847 2996 fidei.

281 3007 410 3047 Fides
433 3010 476 3046 et
497 3007 735 3047 intellectus
758 3007 854 3047 fidei
876 3006 1212 3057 distinguuntur:
1246 3010 1288 3047 et
1311 3010 1515 3059 quatenus
1544 3006 1587 3046 in
1611 3005 1709 3055 fide,
1742 3017 1848 3056 quae
1881 3017 1963 3044 una
1981 3017 2145 3056 semper

341 3070 419 3115 est,
441 3072 487 3107 ut
505 3081 599 3108 esse
617 3068 754 3117 debet,
775 3080 906 3108 novus
922 3067 1162 3106 intellectus
1180 3081 1205 3107 a
1220 3067 1441 3108 catholicis
1458 3067 1705 3107 doctoribus
1722 3065 1902 3104 inveniri
1922 3068 2059 3117 queat.
2072 3065 2145 3106 67.

280 3127 532 3168 Firmilliani
565 3129 682 3168 locus
716 3132 900 3168 notatus.
933 3129 1008 3167 57.
1043 3128 1145 3167 120.

284 3188 474 3229 Flaviani
505 3190 558 3229 ΙΙ.
592 3190 798 3242 Episcopi
831 3188 1082 3229 Antiocheni
1115 3188 1344 3228 vindiciae.
1376 3186 1480 3227 342.

269 3249 438 3302 -Fleury
469 3250 670 3292 Claudius
702 3251 922 3302 allegatus.
959 3249 1029 3288 10.
1060 3249 1132 3291 23.
1168 3250 1242 3291 35.
1275 3249 1349 3288 58.
1383 3247 1486 3291 140.
1523 3246 1622 3288 154.
1658 3246 1763 3286 226.

279 3310 342 3349 De
375 3311 602 3352 Formoso:
635 3314 759 3363 gesta
791 3314 936 3351 contra
970 3321 1062 3350 eum
1097 3312 1295 3361 quantum
1325 3308 1465 3349 absint
1495 3319 1522 3347 a
1555 3306 1802 3346 definitione
1833 3305 1947 3347 fidei.
1980 3305 2085 3345 321.

281 3371 328 3413 S.
361 3371 578 3412 Francisci
622 3372 776 3412 Salesii
817 3371 1066 3411 testimonia
1097 3382 1150 3409 ex
1182 3382 1313 3422 opere
1343 3367 1525 3409 nondum
1559 3368 1695 3415 edito,
1739 3370 1783 3408 et
1817 3366 1859 3407 in
1891 3366 2147 3407 bibliotheca

339 3431 550 3489 Chigiana
582 3435 749 3475 servato
783 3445 859 3490 pro
893 3431 1149 3473 auctoritate
1182 3429 1420 3472 Pontificia.
1453 3429 1558 3469 273.
1591 3429 1693 3471 278.
