2320 3990
836 265 1011 273 ---·-
1106 250 1209 287 xlv

220 403 530 469 afferantur,
570 420 680 456 cum
714 411 885 454 tamen
912 419 973 454 ea
999 400 1085 454 alii
1113 401 1263 456 aliter
1289 402 1548 476 explicent
1574 413 1626 458 et
1649 404 2077 476 interpretentur3

220 505 343 558 nihil
368 505 495 559 certi
521 502 756 577 principii
781 503 893 557 loco
918 503 1275 577 praestitutum
1293 504 1578 572 invenitur,
1607 507 1687 561 cui
1707 524 1884 560 omnes
1903 525 2082 560 assen-

220 627 327 662 sum
347 608 652 682 praebeant,
681 615 732 660 et
757 625 828 659 ex
854 626 953 678 quo
982 617 1126 662 certa
1145 607 1530 662 controversiae
1549 608 1772 663 definitio
1793 608 2080 662 deducenda

219 711 302 765 sit.
359 707 489 765 Cum
526 710 579 762 in
615 709 846 763 omnibus
883 710 1296 780 quaestionihUS,
1337 721 1442 764 tum
1469 711 1772 783 praesertim
1797 710 1848 764 in
1877 711 2000 776 hac,
2028 721 2082 762 ut

219 832 303 868 res
345 832 415 868 ex
452 823 573 868 voto
611 813 783 879 cedat,
822 813 898 879 is,
939 812 1023 884 qui
1049 814 1410 868 dissentientes
1436 814 1490 868 in
1517 833 1690 879 suam,
1732 831 1880 884 quam
1905 832 2080 868 veram

221 917 524 982 arbitratur,
565 915 869 969 sententiam
898 915 1143 971 adducere
1169 918 1366 984 studet,
1405 916 1682 991 principia,
1713 935 1842 988 quae
1869 916 1930 969 ab
1958 916 2081 988 ipsis

221 1019 531 1075 adversariis
571 1028 714 1072 certa
741 1018 1056 1091 judicentur,
1098 1030 1150 1074 et
1187 1022 1560 1086 concedantur,
1598 1021 1882 1093 praefigere
1917 1019 2080 1083 debet,

221 1134 271 1179 et
309 1125 383 1178 ita
421 1122 684 1196 explicare
724 1140 794 1175 ex
832 1122 1057 1194 ipsorum
1094 1142 1290 1194 quoque
1328 1123 1615 1190 sententia,
1655 1133 1801 1177 utne
1827 1122 2079 1176 diversam

219 1226 695 1299 interpretationem
732 1225 1019 1298 patiantur:
1073 1225 1186 1279 dein
1226 1245 1349 1281 vero
1390 1236 1639 1297 quatenus
1678 1245 1748 1280 ex
1788 1225 1850 1278 iis
1890 1233 2080 1289 cetera,

221 1349 349 1402 quae
386 1330 438 1382 in
477 1328 880 1383 controversiam
917 1327 1157 1393 veniunt,
1204 1328 1426 1400 legitime
1477 1338 1880 1400 cousequantur,
1927 1329 2082 1400 probe

219 1434 588 1486 demonstrare.

367 1536 419 1587 2.
459 1534 606 1588 Hanc
628 1554 724 1606 ego
746 1534 1031 1588 methodum
1054 1532 1106 1586 in
1135 1552 1191 1587 re
1217 1533 1478 1606 praesenti
1501 1532 1619 1585 mihi
1640 1532 1906 1606 proposui,
1937 1550 2083 1602 qnam

220 1640 265 1692 si
293 1649 407 1712 apte
438 1656 695 1709 exsequar
725 1636 893 1709 (nitar
922 1636 1118 1709 quidem
1146 1635 1342 1703 certe)3
1384 1655 1487 1688 non
1514 1635 1742 1688 inutilem
1770 1654 1978 1708 operam
2005 1654 2084 1688 me

221 1741 507 1814 suscepisse
546 1759 734 1811 aequus
770 1740 930 1793 lector
950 1738 1211 1810 judicabit.
1264 1737 1318 1790 Id
1347 1748 1513 1791 autem
1542 1740 1787 1808 quomodo
1816 1738 1910 1791 sim
1936 1757 2085 1811 prae-

222 1845 465 1911 stiturus,
504 1844 676 1917 paucis
713 1843 1000 1916 praefabor.
1057 1841 1249 1895 Omnes
1288 1840 1551 1907 catholici,
1592 1852 1646 1894 ut
1673 1842 1924 1907 diximus,
1965 1859 2085 1894 con-

220 1948 431 2003 veniunt
456 1947 508 2000 in
535 1948 810 2001 asserendo
832 1945 1102 1999 Pontificio
1124 1944 1425 2018 praecipuae
1446 1944 1811 2016 jurisdictionis
1838 1945 2084 2018 primatu,

223 2052 310 2105 sed
351 2070 478 2123 quae
518 2051 585 2103 sit
623 2050 829 2124 propria
855 2050 995 2122 hujus
1023 2049 1276 2121 primatus⁴
1297 2048 1454 2114 ratic,
1494 2068 1621 2119 quac
1647 2048 1948 2122 praecipuae
1977 2052 2085 2120 ejus

215 2154 582 2226 jurisdictionis
604 2154 707 2220 viS,
736 2154 787 2207 in
815 2171 913 2224 qua
942 2170 1011 2206 ex
1040 2151 1286 2205 catholico
1315 2152 1550 2223 dogmate
1579 2152 1975 2206 conveniendum
2002 2152 2086 2217 sit,

224 2267 344 2311 ante
371 2257 540 2310 omnia
566 2257 666 2310 erit
693 2256 1077 2329 explicandum,
1119 2264 1171 2308 et
1211 2272 1279 2307 ex
1308 2254 1567 2327 principiis
1595 2255 1816 2327 ipsorum
1849 2256 2088 2308 adversa-

223 2360 416 2413 riorum
452 2377 705 2414 consensu
743 2358 1037 2430 approbatis
1073 2357 1508 2421 constituendum,
1550 2376 1614 2410 ne
1650 2358 1702 2410 in
1738 2357 2086 2428 quaestionem

225 2462 437 2535 amplius
458 2461 656 2534 possint
676 2479 738 2514 ea
758 2478 1022 2514 revocare.
1065 2458 1177 2513 Hac
1203 2478 1325 2513 vero
1352 2458 1599 2531 primatus
1626 2469 1825 2513 ratione
1854 2478 1912 2513 ac
1939 2478 2088 2531 prac-

225 2565 367 2637 cipua
383 2564 466 2629 vi,
495 2582 585 2616 seu
603 2561 982 2635 jurisdictione,
1020 2579 1148 2631 quae
1169 2571 1454 2615 ceterarum
1482 2564 1590 2633 ejus
1616 2563 1908 2615 facultatum
1936 2562 2087 2614 radix

226 2678 278 2721 et
314 2667 458 2739 origo
499 2676 606 2732 est,
648 2684 715 2719 ex
756 2664 1050 2738 principiiS,
1092 2664 1267 2734 quihus
1306 2664 1586 2718 adversarii
1613 2683 1733 2718 suos
1761 2684 1956 2735 quoque
1984 2666 2085 2718 cal-

227 2771 365 2824 culos
403 2769 665 2841 adjicient,
707 2769 1015 2833 constituta,
1056 2777 1303 2838 quatenus
1339 2768 1610 2821 facultates
1649 2769 1711 2821 ab
1746 2767 1861 2821 istis
1887 2768 1941 2820 in
1969 2787 2088 2821 con-

225 2873 530 2927 troversiam
571 2873 839 2938 adductae,
879 2890 950 2925 ex
990 2889 1053 2924 ea
1090 2870 1338 2943 primatus
1376 2871 1577 2926 ratione
1613 2890 1674 2926 ac
1712 2871 1985 2944 praecipua
2017 2871 2088 2935 vi,

227 2995 319 3030 seu
358 2995 429 3030 ex
463 2975 723 3048 principiis
762 2975 961 3028 illorum
1001 2991 1217 3025 assensu
1256 2974 1515 3026 concessis
1554 2974 1839 3038 dimanant,
1890 2972 2088 3025 facilius

227 3079 449 3151 patebit,
489 3087 541 3131 ct
566 3078 639 3130 ita
667 3076 750 3148 (ni
775 3096 857 3131 me
882 3093 997 3129 mea
1022 3072 1150 3127 fallit
1175 3072 1375 3146 opinio)
1402 3073 1624 3146 patebit,
1651 3084 1706 3126 ut
1731 3074 1880 3128 iidem
1909 3075 2089 3128 adver-

229 3181 355 3234 sarii
380 3179 640 3246 catholici,
667 3178 722 3232 ni
747 3178 1034 3252 principiiS,
1064 3195 1192 3247 quae
1218 3176 1448 3250 ipsimet,
1476 3187 1532 3229 ut
1559 3177 1858 3231 catholicum
1884 3195 2088 3230 sensum

230 3293 336 3336 tum
363 3283 423 3336 ab
450 3282 707 3337 haeretico
723 3322 737 3348 ,
763 3291 871 3334 tum
900 3300 930 3334 a
956 3279 1278 3334 schismatico
1307 3280 1527 3335 alienum
1551 3282 1874 3352 praeferant,
1903 3298 2091 3351 cogen-

229 3396 313 3439 tur
339 3386 642 3450 concedere,
670 3384 967 3439 renuntiare
993 3382 1178 3449 velint,
1217 3383 1420 3438 easdem
1447 3383 1713 3438 facultates
1741 3382 1974 3455 primatui
2001 3382 2090 3434 abs

233 3508 289 3545 se
308 3506 512 3560 vquoque
538 3482 840 3542 asserendas
866 3486 1170 3558 intelligant.
