2320 3990
992 176 1615 236 *92—

525 343 613 398 56.
655 343 812 398 Nunc
836 341 972 396 istud
1000 341 1739 416 Evangelicum-testimonium
1761 368 1870 404 ciun
1894 354 2236 424 praecedenti,

380 430 462 484 Tu
482 440 537 485 es
560 431 760 484 Petrus
786 440 887 485 etc.
902 434 1151 486 conferre
1176 433 1368 505 placet,
1394 444 1623 507 uteqnnm
1644 439 1914 510 ,praeclare
1931 439 1992 492 -in
2020 441 2234 494 unitatis

372 536 576 590 scopum
603 518 899 591 conspirent
922 529 972 573 et
996 531 1299 592 congruant,
1325 524 1493 595 palam
1519 524 1624 578 flat.
1667 525 1912 599 lnprimo
1940 528 2235 582 testimonio

372 604 609 660 Christus
622 605 782 661 Petro
802 607 1075 679 primatum
1099 610 1421 681 promittenS,
1444 612 1590 665 fidem
1611 611 1771 684 ipsius
1791 624 1989 687 petram
2012 616 2231 668 futuram

372 704 655 767 receperat,
683 695 736 748 in
763 714 864 766 qua
889 696 1048 750 totius
1072 694 1341 754 Ecclesiae
1369 699 1492 754 fides
1520 709 1571 753 et
1595 699 1767 753 unitas
1792 699 1907 755 fidei
1931 711 2038 756 tute
2065 703 2233 756 consi-

371 791 564 850 steret3
606 793 657 836 et
695 783 768 836 ita
793 792 902 837 tute
929 785 1263 853 consisteret,
1302 798 1358 840 ut
1383 797 1562 860 portae
1599 787 1751 841 inferi
1787 788 2032 843 adversus
2069 790 2233 862 ipsam

369 881 567 942 petram
594 881 645 926 et
666 871 811 924 fidem
838 891 942 926 non
962 876 1339 946 praevalerent,
1368 886 1419 930 et
1445 876 1518 930 sic
1541 895 1643 929 non
1667 877 2026 948 praevalerent
2053 878 2234 932 adver-

370 977 455 1011 sus
469 956 775 1025 Ecclesiam,
803 979 932 1031 quae
954 962 1047 1014 tali
1071 963 1398 1017 fundamento
1426 964 1698 1018 incumbit:
1726 965 1920 1018 sienim
1934 967 2232 1038 praevalere

371 1057 580 1119 possent
606 1049 851 1102 adversus
877 1050 1254 1105 fundamentum
1271 1092 1284 1117 ,
1312 1063 1523 1123 possent
1547 1053 1700 1106 etiam
1727 1054 2024 1124 praevalere
2052 1055 2233 1108 adver-

371 1153 458 1188 sus
484 1133 771 1190 Ecclesiam
790 1178 804 1204 ,
844 1157 973 1209 quae
1013 1139 1061 1192 ei
1086 1140 1411 1194 fundamento
1440 1152 1491 1195 et
1519 1141 1758 1195 adhaeret
1785 1151 1837 1194 et
1862 1142 2010 1194 debet
2049 1141 2233 1195 adhae-

369 1242 502 1290 rere,
529 1234 584 1276 ut
611 1225 862 1297 superiori
900 1228 1221 1300 paragrapho
1261 1229 1606 1300 probavimus.
1675 1227 1805 1282 Cum
1843 1249 1996 1301 porro
2036 1239 2234 1301 tempus

368 1312 657 1376 accederet,
698 1332 794 1382 quo
834 1316 1088 1385 promissa
1116 1316 1398 1369 aedificatio
1426 1316 1693 1369 Ecclesiae
1733 1335 1888 1387 supra
1914 1316 2061 1369 Petri
2087 1318 2231 1370 fidem

368 1398 744 1470 praedicatione
770 1399 1044 1472 Evangelii
1084 1401 1315 1455 facienda
1354 1413 1494 1470 erat,
1533 1413 1588 1455 ut
1615 1403 1744 1455 hanc
1774 1405 1880 1475 ejus
1916 1404 2060 1458 fidem
2086 1414 2230 1458 tanto

367 1487 690 1541 fundamento
728 1499 779 1542 et
805 1489 988 1542 unitati
1029 1491 1413 1546 conservandae
1453 1491 1756 1545 destinatam
1792 1491 2047 1545 tutissime
2084 1512 2233 1565 prae—

369 1585 599 1647 paratam
628 1578 952 1645 ostenderet,
982 1596 1037 1631 se
1065 1597 1243 1633 orasse
1273 1579 1368 1644 ait,
1397 1598 1462 1633 ne
1488 1580 1575 1633 illa
1601 1581 1866 1645 deficeret,
1907 1591 1959 1634 et
1983 1581 2056 1633 ita
2073 1583 2231 1652 juxta

368 1664 750 1717 antecedentem
788 1666 1178 1737 promissionem
1217 1667 1460 1720 adversus
1501 1667 1662 1738 ipsam
1703 1677 1882 1739 portae
1928 1667 2081 1720 inferi
2129 1688 2231 1722 non

368 1751 760 1822 praevalerent,
789 1753 988 1825 ipsique
1005 1753 1257 1826 Apostolo
1285 1753 1398 1806 fidei
1425 1754 1671 1807 unitatem
1700 1773 1767 1808 cx
1795 1756 2042 1827 primatus
2068 1757 2231 1810 officio

368 1839 667 1909 expressius
695 1841 1016 1895 committens
1034 1883 1047 1907 ,
1075 1840 1364 1914 praecepit,
1393 1852 1446 1893 ut
1474 1843 1659 1895 fratres
1688 1843 1992 1896 confirmans
2020 1845 2071 1896 in
2100 1845 2233 1917 peri-

369 1926 494 1979 culis
523 1945 581 1980 ac
607 1929 975 1983 tentationibus
1002 1929 1144 1995 fidei,
1186 1948 1274 1983 eos
1301 1929 1354 1981 in
1382 1931 1603 2001 ejusdem
1630 1930 1743 1983 fidei
1770 1932 1962 1984 unitate
2004 1932 2233 1986 contine-

367 2025 464 2068 ret.
534 2011 681 2082 Quod
721 2018 917 2086 quidem
958 2018 1174 2072 officium
1227 2015 1388 2070 Petro
1426 2029 1699 2090 propterea
1738 2019 2026 2091 impositum
2066 2022 2158 2072 fuit
2204 2042 2233 2072 a

371 2100 578 2156 Christo
596 2146 610 2170 ,
638 2105 755 2174 quia
781 2103 1048 2159 Ecclesiae
1076 2116 1128 2159 et
1153 2105 1266 2158 fidei
1292 2116 1440 2178 petra
1469 2115 1580 2157 erat
1618 2107 1842 2170 futurUS,
1871 2116 1926 2159 ut
1954 2107 2233 2181 Theophy-

367 2193 527 2244 lactus
568 2191 863 2246 observavit
905 2193 986 2264 (in
1028 2211 1071 2246 c.
1115 2194 1202 2246 ⁶22.
1233 2190 1458 2265 Lucae).
1525 2190 1613 2246 Sic
1650 2193 1783 2246 enim
1822 2191 2082 2247 Christum
2122 2215 2231 2249 cum

367 2279 526 2333 Petro
554 2280 740 2334 inducit
769 2282 1088 2352 loquentem:
1140 2283 1283 2343 Quia
1309 2289 1359 2334 te
1388 2282 1558 2334 habeo
1588 2289 1646 2333 ut
1662 2285 1972 2353 principem
2000 2287 2232 2354 discipu-

370 2372 562 2430 lorum,
595 2377 887 2439 postquam
926 2377 1123 2440 ueyato
1163 2390 1245 2423 me
1282 2372 1527 2441 fleveris,
1567 2375 1829 2440 confirma
1868 2381 2102 2426 eeteros.-
2155 2377 2233 2426 sic

368 2461 506 2510 enim
532 2465 583 2509 te
611 2459 789 2522 decet,
837 2461 931 2527 qui
955 2465 1090 2526 post
1122 2477 1202 2510 me
1231 2450 1514 2511 Ecclesiae
1535 2468 1701 2528 petra
1730 2479 1815 2519 es,
1844 2468 1896 2512 et
1914 2464 2232 2528 fmedamen-

366 2553 491 2598 tum.
542 2543 698 2598 Immo
725 2543 1009 2597 Bossuetus
1036 2544 1088 2596 in
1114 2545 1279 2617 prima
1318 2545 1566 2618 pastorali
1605 2545 1820 2618 epistola
1858 2550 1925 2599 de
1946 2552 2232 2616 promissis

375 2634 581 2686 Christi
607 2636 737 2686 satis
767 2635 1047 2686 Ecclesiae
1072 2632 1123 2686 id
1150 2633 1368 2686 officium
1407 2653 1509 2687 non
1549 2635 1709 2688 solum
1748 2633 1908 2687 Petro
1946 2645 2000 2687 ut
2038 2646 2231 2707 petrae,

367 2721 455 2774 sed
481 2721 533 2773 in
559 2721 773 2774 unitatis
801 2720 954 2774 etiam
979 2721 1162 2774 bonum
1190 2721 1347 2776 fuisse
1373 2723 1693 2777 commissum
1731 2725 1921 2777 fatetur
1948 2742 1977 2775 a
2006 2721 2232 2789 Christo,

367 2828 476 2862 cum
505 2819 653 2862 textu
681 2810 880 2862 laudato
910 2808 1056 2862 Petri
1085 2809 1373 2863 cathedram
1415 2812 1583 2865 erexit
1603 2853 1616 2878 ,
1658 2816 1712 2865 iu
1743 2833 1848 2883 qua
1877 2814 2011 2873 sola,
2037 2820 2098 2864 ut
2121 2820 2232 2865 uta-

364 2919 482 2952 mur
516 2900 620 2952 SS.
647 2899 875 2951 Patrum
896 2900 1172 2968 formulis,
1199 2903 1378 2952 unitas
1406 2902 1473 2952 ab
1501 2902 1741 2952 omuibus
1768 2907 1983 2952 servata
2010 2907 2117 2961 θεῖ,-
2145 2905 2235 2952 cui

365 2991 413 3039 si
433 2989 826 3040 adhaereamus
842 2989 1091 3058 firmiter,
1112 2988 1179 3037 de
1202 2986 1407 3038 Christi
1420 2989 1707 3055 promissis
1728 2989 1832 3038 tuti
1858 2989 2052 3039 erimus
2083 3028 2231 3042 ......

368 3077 482 3144 Ipsi
519 3078 655 3128 euim
693 3078 754 3128 id
788 3093 952 3128 curae
991 3076 1204 3138 datum,
1246 3080 1307 3126 ut
1337 3077 1550 3142 fratres
1588 3077 1889 3143 confirmet,
1930 3094 1995 3125 ac
2023 3077 2229 3128 idcirco

368 3166 563 3216 evadat
595 3170 784 3232 petra,
822 3182 992 3232 supra
1020 3181 1179 3231 quam
1207 3163 1508 3214 immortale
1548 3164 1853 3231 aedificium
1881 3170 2001 3214 erat
2027 3166 2230 3233 eriyen·

368 3253 505 3304 durn.
559 3251 778 3324 Idipsum
807 3250 962 3304 fusius
990 3249 1214 3323 explicat
1237 3249 1289 3302 in
1320 3250 1771 3302 Meditatiouibus
1813 3267 1963 3321 super
1989 3247 2231 3321 Evange-

368 3338 470 3391 lum
498 3339 575 3391 die
604 3340 690 3393 70.
711 3381 724 3404 ,
766 3339 850 3392 ubi
878 3339 973 3393 duo
1014 3347 1295 3393 memorata
1319 3335 1636 3407 Evangelica
1673 3335 1965 3390 testimonia
2005 3338 2229 3391 maxime

368 3425 644 3480 cohaerere
670 3427 1001 3481 demonstrat.
1058 3425 1470 3482 Commemorata
1499 3423 1631 3478 enim
1655 3422 1849 3478 Christi
1877 3425 2110 3478 oratione
2137 3444 2228 3497 pro

368 3515 462 3569 lide
479 3513 643 3580 Petri,
673 3533 734 3569 ne
762 3515 1016 3581 deficeret,
1045 3533 1139 3570 nec
1165 3533 1264 3568 non
1294 3513 1517 3568 efficacia
1546 3512 1795 3567 orationis
1812 3509 2005 3566 Christi
2033 3531 2102 3566 cx
2128 3512 2229 3566 illis
