2320 3990
693 210 1344 270 *135—

113 384 374 448 Panlinum
398 399 520 438 vero
546 380 723 435 tollere
748 380 1055 445 affirmabat,
1094 379 1170 433 his
1198 376 1365 435 verbis
1402 373 1701 432 concludens
1725 374 1933 431 institit:

120 470 348 526 Ostende
384 471 545 538 iyitur
578 470 975 521 consensionem
1010 469 1316 525 doctrinae,
1353 470 1406 516 et
1443 463 1694 518 ecclesias
1721 464 1933 530 suscipe

114 565 172 612 ut
206 559 299 611 Iex
318 555 492 628 jubet.
547 551 680 606 Tum
719 571 993 609 conversus
1032 553 1095 606 ad
1128 550 1502 624 Apollinarem,
1540 547 1625 619 qui
1658 556 1797 605 certo
1824 565 1934 603 cer-

114 643 212 696 tius
248 659 427 696 novam
464 638 742 693 doctrinam
779 640 975 712 abipso
1011 637 1235 692 Damaso
1282 636 1609 714 reprobatam
1644 633 1933 698 invexerat,

114 727 270 782 dixit:
306 728 483 781 Miror
517 733 597 788 te,
637 747 667 778 o
701 729 896 787 amice,
931 733 1039 778 tam
1073 725 1407 792 impudenter
1433 724 1680 775 resistere
1706 724 1935 782 veritati,

114 834 229 869 cum
256 815 430 883 probe
465 816 632 874 scias,
670 813 963 867 Damasum
1000 828 1240 864 asserere
1268 811 1575 878 perfectum
1612 807 1874 860 hominem
1898 827 1933 860 a

115 902 234 954 Deo
260 907 544 954 assumtum
570 918 680 953 esse
706 908 802 953 etc.
842 897 1000 951 Nunc
1025 897 1211 951 saltem
1234 899 1483 948 renuntia
1507 896 1749 958 novitati,
1777 912 1930 963 quam

115 989 460 1056 excogitasti,
489 993 538 1039 et
563 986 792 1039 Damasi
813 985 1115 1037 doctrinam
1141 984 1479 1052 amplectere,
1505 1001 1570 1034 ac
1596 989 1700 1035 tum
1727 982 1933 1052 demum

114 1093 295 1126 sacras
321 1075 480 1126 aedes
513 1072 700 1124 obtine.
752 1067 1023 1124 Praeclare
1061 1068 1318 1122 admodum
1357 1077 1407 1122 et
1431 1067 1574 1121 belle.
1627 1064 1748 1119 Non
1774 1067 1934 1119 solum

112 1159 241 1211 enim
269 1157 382 1211 hinc
407 1153 638 1211 Flaviani
662 1155 967 1211 Antiocheni
992 1164 1096 1208 tum
1120 1153 1436 1227 presbyteri,
1463 1161 1640 1224 postea
1665 1171 1788 1207 vero
1812 1150 1934 1224 Epi-

113 1244 248 1315 scopi
272 1234 606 1308 celeberrimi,
643 1243 726 1313 qui
750 1241 807 1297 S.
835 1241 1046 1298 Joannis
1074 1239 1430 1313 Chrysostomi
1466 1239 1707 1310 magister
1743 1238 1933 1303 extitit,

112 1340 162 1383 et
187 1330 238 1382 in
258 1328 558 1383 Sanctorum
586 1329 746 1382 album
775 1331 964 1383 relatus
990 1329 1097 1390 fuit,
1123 1326 1566 1381 luculentissimum
1592 1325 1930 1379 testimonium

113 1418 388 1487 profertur,
415 1416 503 1468 sed
526 1414 800 1487 Imperialis
828 1416 978 1470 etiam
1018 1414 1144 1485 legis
1170 1414 1397 1485 superius
1435 1413 1662 1466 laudatae
1687 1411 1931 1483 genuinus

115 1519 292 1554 sensus
319 1501 527 1554 eruitur.
579 1500 714 1554 Nam
741 1502 835 1555 etsi
872 1521 1019 1556 unam
1055 1501 1450 1555 communionem
1477 1498 1684 1552 Damasi
1710 1500 1824 1560 lex,
1857 1498 1929 1551 uti

113 1606 142 1639 a
169 1586 488 1640 Theodoreto
514 1598 843 1652 memoratur,
878 1608 967 1660 per
1001 1607 1058 1642 se
1085 1606 1329 1659 expresse
1356 1573 1662 1657 requireret3
1701 1583 1929 1639 Flaviani

112 1683 278 1726 tamen
302 1673 634 1743 interrogatio
662 1674 903 1727 unitatem
929 1674 1241 1745 potissimum
1268 1674 1406 1739 fidei,
1447 1673 1556 1726 sine
1589 1691 1687 1742 qua
1713 1691 1930 1726 commu-

111 1759 193 1812 nio
221 1767 456 1811 constare
481 1777 581 1811 non
606 1769 823 1831 poterat,
850 1779 959 1814 cum
986 1759 1218 1813 Romano
1244 1757 1491 1812 Pontifice
1515 1758 1928 1829 praerequisitam

111 1845 342 1898 ostendit.
394 1843 541 1914 quue
568 1864 667 1898 non
693 1865 762 1900 ex
787 1847 934 1900 unius
960 1843 1219 1911 Flaviani,
1259 1845 1346 1898 sed
1372 1864 1441 1898 ex
1479 1844 1632 1916 ipsius
1658 1843 1931 1915 Imperato-

111 1930 180 1984 ris
205 1941 369 1984 mente
395 1930 549 1984 fuisse
587 1932 703 1985 illud
737 1934 940 1997 suadet,
978 1933 1106 2003 quod
1146 1951 1255 1986 cum
1280 1930 1558 2004 Imperator
1597 1931 1686 1985 hac
1722 1931 1831 2002 lege
1859 1932 1930 1983 fa-

111 2035 230 2070 vere
256 2017 406 2069 vellet
431 2017 660 2088 religioni
686 2020 987 2084 catholicae,
1016 2029 1066 2072 et
1091 2019 1273 2072 unitati
1298 2019 1411 2072 fidei
1436 2018 1487 2071 in
1514 2036 1603 2070 suo
1631 2035 1789 2088 regno
1815 2037 1930 2089 pro-

114 2102 334 2172 spicere3
372 2103 761 2157 communionem
789 2124 897 2158 cum
923 2098 1155 2158 Damaso*
1178 2124 1278 2159 non
1316 2105 1415 2159 alia
1441 2106 1500 2158 de
1526 2122 1678 2158 causa
1704 2104 1931 2173 quaesie-

113 2319 333 2359 haereticis
365 2319 455 2358 loco
485 2320 753 2359 substantiae
785 2323 996 2371 acceptum
1029 2320 1159 2358 errori
1193 2319 1373 2366 faveret,
1418 2331 1508 2359 cum
1539 2323 1676 2358 tamen
1709 2320 1931 2360 Flavianus

112 2378 220 2430 apud
251 2378 558 2418 Theodoretum
599 2383 682 2418 tam
721 2382 868 2430 aperte
907 2379 1196 2426 affirmaverit,
1236 2379 1452 2419 Damasum
1492 2390 1621 2419 unam
1663 2380 1931 2432 eamdemque

120 2435 349 2478 Trinitatis
389 2438 672 2478 substantiam
715 2437 1001 2488 confitentem,
1043 2441 1127 2477 tres
1167 2437 1416 2488 hypostases
1457 2439 1612 2478 diserte
1652 2439 1930 2489 praedicare;

111 2508 341 2548 expressam
375 2497 555 2547 ejusdem
586 2496 801 2537 Pontificis
841 2498 893 2536 de
933 2498 1068 2536 tribus
1107 2497 1296 2548 personis
1335 2498 1376 2536 in
1419 2509 1499 2536 una
1541 2498 1775 2538 substantia
1806 2497 1929 2538 confi-

111 2556 248 2594 tendis
279 2556 530 2604 doctrinam,
575 2568 692 2607 quam
733 2557 838 2597 idem
879 2558 1081 2597 Damasus
1111 2557 1322 2595 indiderat
1365 2557 1624 2607 expositioni
1647 2556 1758 2607 fidei.
1790 2557 1930 2597 editae

112 2615 152 2652 in
183 2615 368 2653 Romano
401 2615 576 2654 concilio
609 2615 747 2654 habito
788 2627 869 2656 non
901 2617 1036 2656 serius
1078 2616 1209 2655 initiis
1241 2617 1337 2655 anni
1368 2616 1494 2663 378„
1541 2620 1582 2656 et
1614 2621 1711 2657 ante
1742 2617 1926 2658 Valentis

113 2673 266 2711 obitum
298 2685 371 2721 per
400 2674 652 2713 Dorotheum
682 2675 832 2715 missae
863 2675 904 2713 in
937 2675 1166 2722 Orientem,
1210 2687 1397 2726 annoque
1438 2677 1626 2727 sequenti
1659 2681 1856 2728 receptae
1888 2681 1929 2716 et

113 2731 376 2780 subsignatae
406 2733 445 2771 in
476 2732 729 2772 Antiochena
759 2734 916 2784 synodo
946 2734 1058 2786 (Vid.
1076 2734 1364 2773 Constantium
1394 2735 1436 2773 in
1467 2735 1623 2774 monito
1653 2736 1707 2774 ad
1737 2735 1927 2787 Epist-4.

114 2790 280 2830 Damasi
322 2801 361 2828 n.
392 2790 482 2841 4.);
524 2791 654 2839 hanc,
686 2793 868 2842 inquam,
912 2792 1142 2831 doctrinam
1171 2793 1336 2832 Damasi
1366 2794 1590 2833 Flavianus
1622 2794 1673 2833 de
1703 2796 1826 2834 trium
1857 2794 1929 2844 hy-

114 2851 320 2899 postasum
351 2849 662 2900 praedicatione
702 2850 1000 2901 interpretatus
1030 2850 1214 2895 videtur,
1257 2850 1431 2889 maxime
1463 2851 1558 2901 quia
1599 2852 1707 2891 idem
1738 2853 1931 2892 Pontifex

111 2909 152 2947 in
185 2907 328 2946 eadem
360 2909 622 2959 expositione
654 2908 824 2948 Sabellii
855 2909 973 2948 simul
1006 2912 1049 2948 et
1078 2909 1264 2949 Marcelli
1307 2909 1463 2960 placita
1495 2922 1716 2964 respuens,
1755 2912 1808 2950 iis
1842 2924 1925 2951 ver-

113 2966 175 3005 bis
205 2978 302 3006 usus
336 2970 400 3006 est
441 2967 554 3016 (vid.
597 2967 677 3018 Ep.
709 2968 753 3007 4.
795 2969 958 3008 Damasi
993 2979 1032 3007 n.
1067 2969 1108 3010 1.
1152 2972 1195 3007 ct
1223 2966 1311 3015 4.),
1355 2981 1460 3020 quae
1491 2969 1584 3010 dum
1616 2975 1700 3011 tres
1730 2983 1934 3023 personas

112 3026 158 3064 in
187 3038 232 3065 se
264 3053 453 3067 .....
486 3038 650 3076 semper
680 3030 910 3076 manentes,
943 3031 984 3066 et
1015 3028 1091 3066 Dei
1114 3028 1261 3066 Filium
1293 3039 1379 3067 non
1411 3029 1457 3067 in
1481 3028 1606 3069 Patre
1636 3035 1931 3083 remanentem,

110 3084 184 3124 sed
211 3085 260 3124 in
291 3087 511 3125 aeternum
542 3085 754 3127 SUBSIS
766 3085 1027 3127 TENTEM
1052 3088 1334 3138 pronuntiant,
1367 3087 1652 3139 hypostasim,
1687 3103 1762 3130 seu
1792 3091 1930 3132 subsi-

113 3144 312 3184 stentiam
349 3145 596 3196 singularum
638 3146 844 3198 propriam
891 3146 1207 3198 distinctamque
1249 3146 1477 3187 declarant.
1544 3149 1674 3190 Porro
1719 3151 1929 3196 Paulinus.

115 3201 182 3252 qui
226 3201 266 3240 in
308 3203 611 3256 subscriptione
642 3205 867 3256 synodicae
899 3205 1065 3246 concilii
1098 3205 1362 3245 Alexandrini
1395 3218 1461 3245 an.
1495 3208 1596 3248 362.
1640 3209 1930 3249 declaraverat

111 3272 235 3311 posse
267 3260 349 3300 dici
381 3261 624 3313 hypostases
665 3268 752 3304 tres
793 3266 833 3304 in
865 3264 1178 3316 significatione
1213 3265 1337 3304 trium
1369 3277 1660 3317 personarum,
1704 3268 1781 3308 hac
1812 3281 1931 3309 occa-

113 3319 229 3359 sione
261 3320 497 3362 trinitatem
540 3321 817 3374 hypostasum
858 3327 1003 3365 tottere
1046 3324 1203 3364 idcirco
1236 3324 1367 3364 videri
1400 3326 1536 3376 potuit
1567 3327 1794 3376 Flaviano,
1838 3330 1931 3381 quia

114 3378 303 3419 fortassis
336 3392 423 3421 cum
457 3380 507 3420 ab
541 3381 651 3434 ipso,
681 3383 740 3424 uti
773 3387 814 3424 et
847 3397 871 3423 a
902 3384 1154 3435 Hieronymo
1187 3383 1432 3424 Antiochiae
1464 3385 1658 3437 degente,
1691 3388 1930 3439 exigeretur

113 3437 236 3535 tri‘um
258 3438 527 3536 'hypostasum
561 3452 719 3491 nomen,
752 3443 1078 3484 Occidentalium
1111 3454 1260 3482 morem
1295 3446 1334 3482 et
1368 3446 1644 3486 oeconomiam
1677 3460 1851 3499 sequens
1880 3461 1927 3486 en

116 3499 158 3534 ut
205 3508 255 3537 no
274 3497 348 3537 uit.
