2314 3984
957 197 1618 267 ..Μ-180...-

363 361 576 445 Ρωᾌῃῧ.
617 362 651 414 1.
682 363 732 417 7.
763 380 814 432 fc.
847 362 1521 437 ¹10.-·.pa,3‚·v.›.141⁶)anatramp„
1563 373 1878 439 eonfitemur
1929 368 2225 422 Caelestini

363 453 706 508 sententiam,
744 451 822 502 ita
860 457 921 504 nt
965 450 1210 522 cyrillus
1240 463 1588 522 speraverat,
1615 458 1912 523 ,valituram
1948 458 2122 524 fuisse
2150 458 2226 511 ad

364 553 556 588 novam
581 534 849 589 haeresim
884 543 1369 608 comprimendam,
1413 543 1747 612 nisit-§manes
1775 544 1995 597 ,suborti
2029 550 2220 611 ‘mota-5,

364 639 556 691 resque
583 640 648 675 ea
673 625 788 678 visa
816 633 979 689 esset,
1014 646 1154 696 quae
1184 630 1260 682 ad
1291 629 1952 701 universalem-*synodum
1980 633 2219 699 deferre-

363 716 464 762 tur.
519 709 806 764 Nestorius
833 715 1018 782 reyiae
1045 717 1278 769 civitatis
1306 717 1616 784 Episcopus
1645 733 1710 769 ea
1745 721 2069 772 anctoritate
2103 719 2222 786 pol—

365 798 536 858 lebat,
573 817 638 850 ea
674 802 852 868 speeie
882 803 1110 869 pietatis
1148 803 1421 856 hominum
1460 806 1652 856 animis
1693 805 1971 867 illuserat,
2005 806 2224 858 eossibi

364 887 756 939 conciliaverat
769 887 1102 958 Episcopos,
1129 910 1195 944 ea
1221 893 1452 962 denique
1475 893 1663 961 qratia
1691 894 1845 961 apud
1866 891 2223 944 Theodosium

346 976 629 1044 juniorem
656 975 1047 1044 Imperatorem
1075 985 1127 1031 et
1144 997 1408 1047 proceres
1435 986 1574 1040 erat,
1600 987 1659 1031 ut
1678 980 1852 1047 facile
1882 981 2061 1031 omnia
2088 998 2223 1031 eom-

365 1068 616 1114 moveret.
646 1059 746 1114 Ubi
773 1072 878 1115 tam
902 1082 1090 1134 graves
1118 1064 1332 1119 excitati
1360 1075 1479 1119 sunt
1504 1075 1690 1132 motuS,
1718 1066 1897 1136 quibus
1926 1066 2094 1118 omnia
2109 1085 2223 1138 per-

364 1150 660 1219 turbentur,
687 1152 1002 1222 generalium
1042 1153 1354 1225 synodorum
1395 1153 1688 1210 convocatio
1716 1153 1884 1219 utilis,
1923 1163 1974 1206 et
2001 1155 2223 1224 quando-

365 1254 460 1306 que
488 1236 643 1290 etiam
669 1241 961 1294 necessaria
979 1241 1207 1313 judicata
1234 1252 1311 1295 est
1336 1252 1453 1315 post
1478 1240 1702 1295 Romani
1723 1239 1988 1294 Pontificis
2017 1252 2224 1295 senten-

364 1323 484 1376 tiam
499 1362 514 1388 ,
540 1333 596 1375 ut
622 1325 820 1397 decepti
845 1328 908 1379 ab
934 1327 1222 1393 haereticis,
1251 1339 1338 1381 aut
1362 1329 1684 1400 praejudiciis
1711 1338 1863 1398 atque
1883 1329 2225 1382 difficultatum

364 1410 560 1464 nebulis
600 1410 853 1483 impediti,
894 1423 971 1467 tot
1008 1412 1223 1467 Patrum
1261 1413 1507 1469 doctrinis
1546 1424 1598 1467 et
1635 1415 1955 1468 sermonibus
1989 1414 2226 1469 instructi

365 1508 514 1569 atque
542 1499 791 1561 convicti,
829 1501 891 1553 ad
931 1500 1229 1556 catholicum
1270 1521 1475 1557 sensum
1510 1511 1560 1555 et
1597 1501 1847 1556 unitatem
1883 1503 2223 1568 adducantur3

366 1595 419 1638 ut
447 1605 511 1641 ne
538 1596 707 1641 tamen
736 1587 944 1641 liberum
975 1608 1033 1643 ac
1060 1589 1251 1643 licitum
1281 1592 1574 1645 crederetur
1588 1588 1917 1661 Apostolicae
1929 1590 2224 1655 definitioni,

366 1694 513 1744 quam
540 1694 739 1748 semper
766 1677 1114 1730 oecumenicae
1142 1677 1322 1748 synodi
1352 1687 1515 1730 ratam
1548 1677 1828 1730 habuerunt
1867 1688 1918 1731 et
1956 1696 2223 1749 numquam

367 1762 712 1834 repudiarunt,
743 1764 1090 1818 contradicere
1113 1783 1170 1817 ac
1191 1783 1494 1836 repugnare.
1524 1762 1726 1818 Novum
1750 1783 1969 1818 examen
1989 1766 2040 1818 in
2059 1766 2225 1838 hujus-

368 1849 499 1902 modi
526 1850 737 1922 synodis
765 1869 823 1903 eo
851 1861 1047 1904 tantum
1071 1853 1169 1906 fine
1195 1852 1498 1917 institutum,
1525 1861 1580 1903 ut
1607 1852 1827 1923 disjectis
1855 1853 2224 1907 difficultatibus

369 1937 764 2009 confirmatoque
795 1940 1040 1995 catholico
1069 1960 1127 1994 ac
1154 1941 1358 1994 definito
1386 1941 1649 2011 dogmate,
1690 1940 1881 1994 veritas
1910 1942 2095 1996 clarius
2123 1943 2226 1995 elu-

370 2036 568 2091 cescat,
599 2025 986 2097 dubitantesque
1012 2029 1094 2083 vel
1121 2028 1274 2081 etiam
1301 2037 1645 2100 repugnantes
1673 2028 2067 2094 convincantur,
2106 2029 2226 2082 nihil

368 2113 677 2184 praejudicat
703 2115 995 2167 auctoritati
1022 2115 1373 2187 praecedentis
1410 2115 1747 2181 definitionis,
1784 2135 1946 2186 neque
1982 2116 2083 2190 vim
2110 2135 2227 2170 coa-

369 2200 552 2254 ctivam
572 2201 706 2274 juris
735 2201 893 2255 eidem
921 2202 1156 2274 denegat,
1185 2203 1272 2257 sed
1298 2202 1463 2275 potius
1489 2203 1622 2256 illam
1649 2206 1943 2275 praesumit,
1959 2222 2070 2256 cum
2091 2205 2236 2281 reni<

370 2298 539 2342 tentes
561 2290 622 2342 ad
645 2289 862 2343 debitum
885 2308 1149 2344 assensum
1178 2291 1268 2344 hac
1296 2290 1508 2344 faciliori
1525 2291 1609 2346 via
1635 2291 1827 2344 nitatur
1853 2311 2006 2344 manu
2028 2293 2223 2346 ducere.

370 2375 491 2429 Illud
518 2378 675 2430 solum
704 2397 922 2431 examen
951 2379 1258 2452 praejudicio
1290 2388 1428 2432 esset
1455 2379 1746 2433 auctoritati
1774 2379 2086 2446 definientis,
2127 2396 2225 2450 quo

372 2464 581 2517 liberum
620 2475 671 2518 et
697 2464 888 2518 licitum
922 2466 1068 2520 fieret
1107 2466 1377 2530 assentiri,
1417 2467 1498 2518 vel
1536 2466 1823 2520 dissentire.
1902 2463 2031 2532 Quis
2059 2476 2226 2519 autem

369 2551 588 2621 probare
615 2561 794 2620 queat,
821 2551 870 2603 id
895 2552 1106 2605 liberum
1131 2571 1191 2606 ac
1217 2552 1404 2604 licitum
1430 2552 1589 2605 fuisse
1616 2553 1837 2606 habitum
1866 2553 1926 2606 ab
1953 2551 2226 2624 Ephesinis

371 2635 613 2690 Patribus
640 2637 776 2691 circa
802 2639 1110 2710 dogmaticas
1137 2636 1415 2693 Caelestini
1438 2640 1656 2707 litteras,
1685 2642 1861 2712 quibus
1889 2659 1945 2693 se
1972 2641 2033 2692 ad
2058 2642 2228 2693 seren-

371 2725 484 2777 dum
503 2724 742 2797 judicium
772 2736 987 2781 coactos
1014 2727 1284 2800 protestati
1312 2729 1464 2780 sunt?
1517 2726 1646 2781 Esto
1675 2730 1804 2799 quod
1841 2728 2003 2801 prima
2031 2729 2227 2782 actione

373 2822 539 2866 actum
576 2813 730 2866 fuerit
768 2813 828 2866 de
866 2815 1047 2869 merito
1084 2834 1297 2880 causae,
1339 2833 1442 2868 non
1479 2825 1649 2869 tamen
1690 2816 1846 2878 aliud,
1880 2835 2044 2886 neque
2079 2815 2227 2870 aliter

373 2909 569 2966 actum,
618 2898 717 2952 nisi
750 2911 805 2953 ut
841 2921 990 2955 error
1029 2902 1349 2956 manifestius
1387 2913 1616 2975 pateret,
1668 2912 1718 2958 et
1752 2904 2008 2958 definitum
2046 2904 2228 2974 dogma

373 2987 599 3058 apertius
629 2988 1033 3060 confirmaretur.
1063 2988 1194 3042 Esto
1223 2991 1355 3059 quod
1378 2989 1658 3043 Nestorius
1686 2990 1900 3044 evolutis
1927 2991 2097 3043 decem
2124 2989 2228 3042 die-

372 3075 465 3126 bus
503 3074 661 3146 ipsius
699 3077 1110 3149 rescipiscentiae
1137 3095 1167 3128 a
1194 3073 1486 3131 Caelestino
1525 3077 1869 3148 praestitutiS,
1909 3077 2126 3130 nondum
2165 3077 2226 3129 ab

374 3160 665 3235 Episcopali
692 3164 810 3217 sede
837 3165 1058 3237 dejectus
1082 3163 1282 3217 habitus¹
1308 3161 1464 3216 fuerit
1485 3161 1788 3230 aPatribus,
1817 3165 1902 3218 sed
1930 3164 2090 3217 solum
2115 3174 2230 3236 post

375 3249 682 3303 sententiam
709 3250 919 3323 synodi3
946 3250 997 3304 id
1022 3250 1362 3323 indulgentiae
1389 3269 1544 3304 causa
1567 3252 1839 3312 toleratum
1856 3293 1869 3318 ,
1913 3262 1967 3304 ut
1992 3251 2228 3322 rescipis-

377 3336 575 3390 centiae
602 3339 709 3410 ejus
735 3348 932 3411 tempus
959 3340 1319 3395 concederetur
1344 3337 1562 3408 longius,
1591 3355 1688 3407 quo
1711 3337 1755 3390 si
1779 3339 2090 3403 abuteretur,
2117 3356 2226 3409 per-

375 3423 564 3477 tinacia
598 3425 742 3478 fieret
767 3426 1112 3494 manifestior,
1151 3437 1205 3482 et
1227 3425 1506 3499 potentium
1545 3426 1829 3498 patrocinia
1877 3424 2227 3497 expulsionem

377 3530 480 3565 non
506 3511 820 3585 impedirent.
853 3511 1000 3583 Quod
1027 3514 1071 3568 si
1095 3513 1352 3588 proposito
1381 3513 1496 3568 hinc
1515 3512 1735 3568 Nicaeni
1761 3512 1955 3568 concilii
1980 3513 2226 3584 symbolo,
