2320 3990
977 147 1596 205 —76--.

505 314 595 369 36.
637 312 694 368 S.
725 311 1006 384 Gregorius
1042 313 1128 367 lib.
1157 313 1210 366 4.
1251 316 1400 388 epist.
1428 317 1516 374 38.
1555 321 1617 373 ad
1644 318 2043 376 Theodelindam
2084 324 2218 395 regi-

359 421 503 456 nam:
546 404 606 456 In
633 421 762 454 vera
783 403 894 472 fide
921 404 1203 470 persistite
1231 409 1284 455 et
1306 405 1478 459 vitam.
1494 415 1726 477 vestram
1763 413 1819 462 in
1837 418 2005 479 petra
2033 412 2217 464 Eccle-

358 496 500 554 siae,
527 492 630 562 hoc
656 495 759 550 est,
787 492 842 542 in
870 493 1211 558 confessione
1239 490 1314 542 B.
1346 490 1506 545 Petri
1515 491 1903 564 Apostolorum
1933 497 2214 568 Principis

356 581 602 632 solidate.

502 667 591 723 37.
631 664 1003 732 Joannesvss.
1044 667 1191 740 epist.
1225 667 1310 723 76.
1361 670 1422 722 ad
1459 668 1671 724 Petrum
1706 669 1986 727 Comitem:
2034 674 2214 742 Super

358 775 517 828 qaam
557 760 716 810 etiam
753 758 987 809 solidam
1025 759 1384 824 confessionis
1418 767 1636 829 petram
1662 775 1812 814 suam
1841 761 2105 814 Dominus
2127 763 2212 828 fa-

357 847 587 899 bricavit
612 846 931 897 Ecclesiam.

502 933 592 988 38.
633 930 926 986 Hadrianus
964 929 1001 983 l.
1052 931 1106 986 in
1143 934 1384 1006 epistola,
1433 954 1561 1007 qnae
1603 945 1700 988 act.
1743 937 1792 988 9.
1857 935 2055 1009 Synodi
2094 934 2209 989 Vll.

356 1024 488 1076 lecta
515 1032 566 1076 et
592 1021 807 1094 probata
834 1028 943 1086 est,
985 1019 1044 1073 de
1071 1018 1232 1075 Petro
1261 1022 1358 1075 ait:
1403 1025 1506 1076 Iste
1543 1032 1651 1077 tam
1681 1027 1972 1094 praecelso
1992 1027 2213 1094 praela-

356 1119 439 1164 tas
468 1111 705 1171 honore,
739 1112 1046 1178 promeruit
1070 1116 1319 1182 confiteri
1338 1115 1526 1183 fidem,
1565 1133 1735 1183 supra
1763 1133 1921 1184 quam
1944 1115 2213 1182 fundatur

357 1201 624 1253 Ecclesia.
678 1195 865 1249 Iterum
904 1195 955 1248 in
998 1196 1212 1269 epistola
1247 1200 1307 1251 ad
1344 1197 1628 1274 Episcopos
1663 1200 1943 1273 Hispaniae
1982 1197 2213 1254 Concilio

359 1284 803 1339 Francofordiensi
840 1285 1103 1355 praelixa:
1150 1288 1330 1357 Super
1358 1289 1524 1351 lianc,
1565 1293 1741 1359 inquit
1768 1286 2097 1361 (Christus),
2119 1309 2212 1358 pe-

353 1383 493 1427 tram
521 1392 680 1444 quam
706 1376 985 1440 confessas
1015 1392 1087 1433 es,
1117 1381 1168 1424 et
1194 1394 1227 1425 a
1255 1394 1362 1444 qua
1388 1377 1637 1427 vocabuli
1661 1380 1885 1428 sortitus
1907 1396 1961 1429 es
1985 1380 2214 1446 diynita-

352 1472 455 1516 tem
470 1505 484 1524 ‚
519 1461 682 1532 super
708 1462 850 1513 lianc
874 1462 1201 1513 soliditatem
1218 1463 1353 1530 fidei
1372 1462 1671 1532 aedificabo
1691 1465 1996 1517 Ecclesiam
2025 1484 2208 1516 meam.

498 1550 588 1606 39.
628 1548 875 1602 Nicolaus
903 1547 942 1600 I.
974 1547 1120 1621 epist.
1149 1548 1201 1601 6.
1234 1548 1295 1600 ad
1322 1546 1589 1603 Photium:
1632 1548 1870 1606 Christus
1897 1572 2062 1622 saper
2091 1555 2214 1605 soli-

353 1645 576 1695 ditatem
603 1641 738 1709 fidei
763 1658 913 1690 suam
940 1645 1181 1690 sanctam
1220 1639 1474 1706 [liquatus
1512 1647 1592 1690 est
1626 1641 1870 1691 stabilire
1911 1642 2212 1692 Ecclesiam

352 1730 642 1782 secundum
678 1727 825 1778 illius
875 1727 1168 1778 veridicam
1203 1743 1381 1778 vocem
1419 1727 1675 1778 dicentis.-
1729 1724 1895 1780 Amen
1936 1730 2059 1780 dico
2103 1729 2214 1781 tibi.

363 1817 441 1870 Tu
467 1836 520 1870 es
552 1816 751 1868 Petras
779 1822 875 1866 etc.

497 1903 586 1957 40.
629 1900 917 1974 Stephanus
944 1899 1034 1955 Vl.
1075 1902 1221 1974 epist.
1253 1903 1303 1956 2.
1344 1903 1405 1956 ad
1444 1902 1710 1957 universos
1751 1901 2065 1976 Episcopus:
2116 1907 2211 1958 Ca-

352 1992 555 2045 tholica
592 1992 797 2044 Christi
835 1997 886 2042 et
911 1990 1023 2042 Dei
1060 1995 1236 2044 nostri
1262 1993 1512 2044 Ecclesia
1547 1995 1784 2060 fandata
1811 2013 1975 2063 saper
1997 1998 2210 2063 firmam

346 2089 586 2151 petram,
615 2077 965 2149 Apostolicae
992 2081 1246 2132 videlicet
1259 2088 1458 2149 petrae
1485 2083 1878 2148 confessionem
1906 2091 2004 2134 etc.

495 2167 585 2220 41.
625 2165 952 2219 Innocentius
981 2164 1043 2216 ΙΙ.
1081 2165 1296 2238 epistola
1324 2168 1385 2219 ad
1411 2164 1695 2238 Episcopos
1723 2165 2040 2221 Senonensis
2070 2167 2210 2222 Con-

351 2255 480 2320 citii,
509 2274 638 2326 quae
667 2274 696 2308 a
724 2251 779 2308 S.
810 2253 1075 2307 Bernardo
1104 2253 1239 2307 dicta
1267 2254 1513 2319 creditur,
1558 2265 1608 2308 et
1636 2265 1715 2308 est
1743 2255 1890 2328 epist.
1924 2256 2045 2309 194.
2077 2255 2210 2309 inter

348 2344 461 2396 illas
489 2343 707 2415 ejusdem
738 2340 915 2396 Sancti
957 2342 1239 2396 Bernardi:
1291 2343 1538 2396 Testcmte
1567 2342 1861 2413 Apostol0‚
1903 2349 2041 2398 sicat
2073 2366 2209 2398 unas

350 2434 531 2492 Deus,
571 2435 648 2483 ita
675 2451 783 2483 ana
804 2435 943 2502 fides
972 2451 1085 2483 esse
1113 2434 1480 2501 diyraeoscitar,
1521 2435 1574 2482 in
1604 2452 1711 2502 qaa
1739 2440 2010 2503 tamquam
2038 2438 2091 2486 in
2121 2438 2209 2486 im-

349 2520 536 2572 mobili
554 2520 942 2587 fzmdamento,
972 2525 1200 2588 praeter
1240 2521 1389 2589 quod
1412 2539 1565 2572 nemo
1598 2527 1784 2589 potest
1808 2522 1964 2574 aliud
1982 2542 2208 2590 ponere,

343 2611 572 2677 firmitas
626 2608 906 2659 Ecclesiae
959 2607 1262 2660 catholicae
1313 2610 1574 2662 inviolata
1622 2611 1883 2662 consistit.
1962 2611 2093 2663 Inde
2133 2618 2211 2663 est

348 2699 496 2767 qaod
520 2696 596 2747 B.
613 2696 810 2748 Petras
837 2692 1224 2764 Apostolorum
1239 2695 1507 2766 Princeps
1527 2716 1637 2766 pro
1667 2699 1868 2749 eximia
1896 2698 2052 2770 bajus
2074 2700 2209 2768 fidei

347 2788 687 2854 confessione
716 2804 748 2835 a
761 2784 999 2835 Domino
1028 2803 1093 2835 ac
1125 2785 1413 2837 Salvatore
1440 2793 1628 2838 nostro
1657 2787 1848 2838 audire
1876 2789 2091 2838 meruit:
2123 2784 2205 2836 Tu

348 2893 434 2938 eS,
475 2875 674 2944 inquit,
710 2868 900 2924 Petrus
937 2881 986 2923 et
1025 2890 1175 2944 super
1213 2872 1342 2926 hanc
1375 2882 1571 2944 petram
1612 2873 1883 2926 aedificabo
1921 2870 2203 2926 Ecclesiam

350 2981 537 3026 meam,
571 2968 785 3029 petram
823 2962 1005 3029 atique
1035 2963 1345 3029 firmitatem
1366 2963 1527 3029 fidei,
1563 2968 1614 3012 et
1653 2961 1955 3012 catholicae
1983 2963 2204 3012 unitatis

349 3052 679 3103 soliditatem
705 3051 988 3117 manifeste
1015 3049 1323 3118 designans.
1439 3113 1442 3114 ⁷

494 3137 584 3190 4²2.
626 3136 867 3189 Urbanus
893 3133 978 3187 ΙΙΙ.
1007 3135 1058 3188 in
1086 3134 1301 3207 epistola
1328 3134 1389 3186 ad
1417 3133 1873 3205 Archiepiscopos7
1903 3132 2202 3208 Episoepm,

348 3236 400 3278 ct
427 3226 686 3279 Abbates:
726 3226 984 3279 Caelestis
1013 3226 1244 3278 altitudo
1272 3224 1489 3276 consilii
1517 3263 1528 3273 .
1562 3262 1573 3273 .
1607 3262 1618 3272 .
1659 3231 2066 3276 sacrosanctam
2096 3225 2202 3277 Ro-

352 3334 562 3366 manam
590 3315 870 3367 ecclesiam
901 3355 911 3366 .
945 3354 956 3366 .
991 3353 1001 3365 .
1041 3332 1211 3383 sapra-
1231 3317 1447 3381 petram
1475 3313 1610 3380 fide-i
1635 3312 1911 3364 soliditate
1932 3314 2203 3380 fundavit,

353 3404 494 3455 illud
531 3404 580 3453 ei
618 3402 856 3455 tribuens
899 3400 1246 3472 Apostolicae
1281 3402 1638 3467 confessionis
1674 3402 2002 3468 fortitudine
2024 3404 2204 3469 firma-

358 3497 582 3544 mentum
599 3532 611 3551 ‚
638 3495 697 3542 ut
723 3499 819 3541 etc.
