2314 3984
320 348 538 401 clettam
564 350 887 401 auctoritate
910 345 1667 409 niti;‹mitss.fflrm³omnes
1694 366 1766 404 ex
1793 353 1984 421 officio
2000 366 2177 402 irsws

321 448 542 494 quocun
577 444 786 486 Mes-ris
823 445 1143 492 cnseommu
1171 436 1765 504 praemebamur.
1818 434 1954 490 ldem
1994 437 2178 490 confir·-

320 527 522 573 marunt
557 518 857 573 luculentius
895 520 1164 575 occasione
1198 520 1415 575 celebris
1457 517 1667 587 taam?
1704 534 1760 578 ut
1793 533 2008 589 vocant,
2052 542 2178 577 con-

319 610 603 670 scientiae,
649 623 748 678 quo
784 605 1073 663 Pontificiis
1107 607 1327 663 decretis
1365 607 1685 667 obedientiae
1711 611 1920 666 nomine
1956 611 2175 665 debitum

320 694 648 748 asserebatur
674 703 946 749 externum
972 695 1170 766 quidem
1197 697 1491 768 obsequium
1507 737 1521 763 ,
1548 712 2072 754 non1vero›*assensus
2098 699 2176 752 in-

319 791 515 856 ternus.
570 779 767 837 Contra
792 782 921 837 hanc
946 783 1344 857 propositionem
1379 784 1777 840 insurrexerunt
1810 787 1981 841 statim
2007 787 2178 859 plures

320 867 570 923 Gallicani
595 870 876 925 doctissimi
903 870 1197 939 PraesuleS,
1223 871 1360 926 inter
1386 891 1511 944 quos
1538 869 1822 929 Bossuetus
1847 883 1900 937 et
1925 870 2178 928 Cardina-

320 956 383 1010 lis
411 956 471 1010 de
497 955 748 1012 NoailleS.
803 957 886 1013 Re
924 959 986 1013 ad
1011 958 1360 1033 Apostolicam
1387 962 1556 1016 sedem
1584 962 1782 1028 delata,
1820 961 1900 1015 dei
1941 961 2024 1013 14.
2052 957 2179 1015 Julii

322 1045 443 1099 anni
472 1045 632 1101 1705.
663 1047 797 1101 edita
822 1047 914 1101 fuit
940 1047 1234 1102 constitutio
1278 1048 1496 1102 Vineam
1526 1051 1752 1119 Domini
1781 1050 2051 1114 Sabaoth,
2079 1063 2178 1120 qua

321 1133 628 1187 declaratum
656 1145 758 1202 est,
789 1136 1135 1202 obedientiae,
1171 1153 1299 1207 quae
1327 1137 1772 1191 constitutionibus
1800 1135 2069 1189 Romanae
2096 1154 2178 1189 se·

319 1220 395 1274 dis
422 1222 658 1288 debetur,
695 1241 797 1276 non
825 1224 1062 1278 satisfieri
1091 1225 1438 1295 obsequiosa,
1474 1235 1530 1278 ut
1566 1236 1803 1279 auctores
1831 1220 1998 1278 Casus
2025 1242 2178 1277 voca-

317 1309 471 1374 bant,
503 1312 746 1372 silentio,
772 1326 867 1364 nec
895 1312 1050 1364 licere
1075 1312 1447 1382 professionem
1474 1328 1565 1366 ore
1590 1313 1672 1366 vei
1699 1309 1890 1383 scripto
1919 1312 2094 1388 edere,
2133 1311 2176 1364 si

318 1395 572 1450 discordet
599 1415 630 1449 a
656 1414 810 1450 sensu
835 1405 887 1450 et
912 1397 1152 1468 obsequio
1181 1398 1374 1462 cordis,
1402 1397 1455 1450 in
1482 1415 1580 1468 quo
1608 1398 1710 1451 sita
1735 1407 1816 1450 est
1842 1414 1970 1450 vera
1998 1398 2179 1450 ortho-

319 1486 459 1536 doxi
493 1485 724 1538 bominis
764 1485 1087 1539 obedientia.
1141 1484 1283 1539 Haec
1323 1483 1618 1538 constitutio
1654 1486 1716 1538 ab
1755 1483 1999 1539 universa
2025 1483 2174 1557 (Vid.

321 1567 541 1625 Comitia
579 1570 709 1626 Gall.
740 1573 826 1626 2⁶2.
869 1568 1126 1646 Septemb.
1157 1578 1239 1626 a‘n.
1273 1571 1463 1642 1705.)
1505 1570 1771 1626 Gallicana
1794 1569 2028 1627 Ecclesia
2053 1588 2176 1626 mox

319 1671 583 1733 suscepta,
625 1671 674 1715 et
709 1662 760 1714 in
789 1661 1020 1714 omnibus
1048 1659 1366 1715 dioecesibus
1393 1659 1672 1732 publicata,
1712 1660 1835 1713 nihil
1861 1660 1994 1713 dubii
2023 1659 2177 1714 reliu-

319 1749 451 1818 quit,
487 1750 607 1819 quin
635 1751 807 1803 eadem
833 1748 1067 1802 Ecclesia
1102 1748 1232 1801 idem
1259 1747 1425 1801 cordis
1451 1762 1649 1818 quoque
1677 1747 1968 1818 obsequium
1997 1745 2178 1801 Ponti-

318 1834 446 1890 ficiis
474 1837 919 1891 constitutionibus
957 1847 1028 1890 ex
1068 1834 1353 1890 obedientia
1391 1835 1608 1888 debitum
1648 1845 1914 1908 agnoscat.
1968 1833 2176 1908 Insigne

319 1927 413 1979 hac
449 1926 503 1978 in
531 1944 615 1992 re,
654 1927 783 1997 quod
820 1932 1203 1999 praecesserat,
1247 1921 1512 1975 Francisci
1550 1923 1610 1976 de
1646 1922 1887 1996 Salignac
1925 1919 2176 1977 Feneloni

318 2014 705 2087 Archiepiscopi
733 2023 784 2068 et
809 2012 968 2067 Ducis
997 2008 1389 2065 Cameracensis
1417 2011 1703 2083 exemplum
1742 2011 1795 2064 in
1821 2011 2174 2082 frequentissi-

318 2102 412 2154 mis
439 2101 692 2155 Gallicani
719 2098 859 2154 Cleri
886 2097 1126 2153 Comitiis
1153 2098 1375 2150 maxime
1402 2099 1756 2170 approbatum,
1783 2100 1879 2152 hoc
1905 2115 2175 2171 argumen-

316 2201 422 2243 tum
450 2190 730 2244 concludet.
783 2187 916 2241 Hinc
954 2186 1210 2260 piissimus
1249 2203 1408 2256 aeque
1435 2203 1494 2239 ac
1528 2185 1848 2240 doctissimus
1875 2183 2095 2239 Praesul
2122 2186 2181 2239 li-

316 2280 460 2331 brum
511 2276 740 2332 ediderat
789 2276 1115 2348 inscriptum:
1169 2276 1558 2344 Explications
1611 2278 1704 2328 des
1759 2273 2031 2328 Maxime:
2082 2277 2176 2328 des

324 2367 526 2419 SaintS.
580 2363 877 2438 Excerptae
904 2382 975 2418 ex
999 2364 1109 2437 ipso
1136 2362 1511 2436 propositiones
1536 2371 1644 2417 tres
1671 2373 1723 2419 et
1748 2363 1962 2435 vigenti,
1991 2381 2050 2416 ac
2073 2361 2178 2417 De-

318 2464 457 2507 creto
494 2452 779 2506 Innocentii
803 2451 925 2503 XII.
967 2452 1046 2504 die
1088 2451 1171 2503 12.
1201 2449 1381 2502 Martii
1419 2468 1552 2502 anno
1583 2450 1743 2504 1698.
1795 2450 2175 2504 condemnatae.

317 2539 434 2594 Etsi
469 2541 556 2594 ille
592 2549 711 2593 ante
749 2538 1217 2592 condemnationem
1256 2536 1309 2589 in
1342 2536 1468 2608 ipsis
1492 2535 1807 2590 vindicandis
1847 2537 1908 2588 ab
1938 2536 2177 2590 'adversa-

318 2629 508 2682 riorum
535 2627 764 2681 censuris
790 2626 1015 2700 pluribus
1043 2625 1188 2679 editis
1216 2624 1547 2697 apologeticis
1574 2623 1757 2676 libellis
1785 2624 2097 2691 laborasset3
2126 2634 2180 2678 ut

318 2717 529 2791 primum
555 2726 727 2769 tamen
753 2712 1102 2786 Apostolicum
1128 2712 1298 2767 Breve
1339 2711 1560 2785 accepit,
1598 2710 1770 2764 statim
1807 2712 2043 2766 mandato
2079 2712 2177 2767 diei

318 2806 369 2859 9.
400 2803 595 2876 Aprilis
624 2802 744 2855 anni
771 2802 991 2874 ejusdem
1030 2800 1222 2872 primus
1255 2800 1478 2853 omnium
1506 2799 1922 2854 constitutionem
1950 2802 2174 2873 promul·

317 2911 464 2964 ganS,
493 2891 540 2945 ei
566 2893 900 2961 simpliciter,
927 2890 1197 2951 absolute,
1226 2896 1277 2942 et
1303 2890 1502 2960 absque
1527 2890 1644 2940 ulla
1669 2890 1858 2942 umbra
1884 2892 2177 2942 restrictio·

317 2983 399 3032 nis
427 2980 758 3040 adhaerens,
786 2977 950 3031 cordis
978 2976 1270 3045 obsequium
1299 2994 1368 3029 ex
1395 2974 1680 3028 obedientia
1707 2975 1925 3027 debitum
1951 2975 2177 3029 declara-

316 3066 421 3133 vit3
448 3066 742 3139 publiceque
776 3065 956 3118 librum
995 3081 1137 3116 suum
1163 3072 1215 3116 et
1240 3061 1614 3135 propositiones
1642 3062 1704 3113 ab
1730 3060 2032 3134 Apostolica
2058 3064 2175 3116 sede

317 3155 630 3228 proscriptas
657 3167 908 3226 expresse
933 3151 1176 3204 damnans
1192 3189 1206 3216 ‚
1235 3167 1294 3203 ac
1319 3148 1659 3213 interdicenS,
1687 3151 1910 3204 eamdem
1937 3151 2176 3205 obedien-

319 3243 440 3296 tiam
468 3241 647 3297 ovibus
685 3241 781 3295 sibi
819 3238 1104 3294 commissis
1131 3236 1497 3291 commendavit
1524 3237 1601 3290 his
1626 3237 1826 3290 verbis:
1880 3237 1984 3291 Vos
2010 3241 2175 3308 iyitur

317 3336 430 3383 toto
459 3335 638 3383 animo
678 3332 754 3382 ad
788 3332 1057 3382 sinceram
1092 3327 1448 3379 obedientiam
1485 3325 1892 3397 absolutamque
1929 3324 2175 3379 docilita-

318 3425 424 3471 tem
451 3418 841 3478 adhortamur,
878 3435 944 3470 ne
980 3418 1175 3469 sensim
1211 3413 1559 3467 contabescat
1583 3416 1902 3484 simplicitas
1929 3414 2173 3466 obedien—

318 3509 428 3559 tiae
456 3511 675 3558 sanctae
711 3506 844 3558 Sede·
869 3506 1109 3565 debitae,
1148 3507 1299 3573 cujas
1337 3503 1645 3570 exemplum
1674 3521 1780 3571 per
1806 3501 1918 3554 Dei
1939 3497 2174 3570 qratiam
