2320 3990
696 229 1298 287 *31-

96 401 357 471 Ecclesiae
377 408 569 471 petram
588 398 714 451 satis
737 398 1007 469 designans
1035 396 1241 450 addidit:
1269 397 1460 466 Etpro
1483 396 1757 467 soliditate
1767 399 1916 467 fidei,

94 506 248 559 quam
278 483 494 538 ERAT
516 483 1086 553 PRAEDJCATUR
1100 484 1221 545 US,
1247 485 1474 537 audivitz
1513 489 1567 534 et
1589 501 1751 552 super
1777 483 1916 536 hanc

89 580 301 644 petram
326 580 422 624 etc.
473 569 529 624 In
554 590 612 625 re
639 573 906 644 explorata
929 571 1072 643 plura
1097 566 1348 623 disserere
1373 575 1497 640 opus
1522 586 1624 622 non
1650 578 1745 622 est.

99 718 182 758 ΙΙΙ.
251 718 472 764 Quatenus
503 730 555 758 ex
586 717 668 760 hac
703 717 1059 769 interpretatione
1099 714 1270 756 laudati
1310 716 1453 755 textus
1484 711 1738 764 Evangelia·
1766 714 1917 756 unitas

95 778 347 829 praesertim
381 774 493 826 fidei
532 777 727 819 omnium'
756 774 1104 822 christifidelium
1139 785 1235 815 cum
1255 771 1350 823 fide
1380 775 1424 817 S.
1458 773 1600 821 Petri,
1631 785 1706 813 seu
1737 775 1917 825 praedi-

101 841 197 878 cata
231 851 254 878 a
291 838 448 876 Sancto
480 837 606 878 Petro
637 837 878 878 necessaria
906 832 1126 887 probetur.
1190 831 1354 873 Eadem
1393 835 1542 875 unitas
1563 829 1673 882 fidei
1704 837 1917 886 qnatenus

396 895 447 936 ab
479 896 579 937 aliis
610 895 829 960 Apostolis
857 897 1030 936 servata
1058 893 1103 933 in
1131 892 1379 943 fundandis
1412 892 1626 935 Ecclesiis.

241 994 329 1049 48.
382 992 737 1066 Evangelictnn
773 1004 996 1059 textum,
1053 993 1129 1045 Tu
1157 1012 1210 1045 es
1240 992 1463 1052 Petrus,
1503 999 1554 1043 et
1590 1011 1751 1060 super
1778 994 1917 1046 lianc

90 1089 303 1148 petram
328 1091 422 1134 etc.
460 1081 522 1133 ad
558 1081 820 1152 primatiun
863 1080 1160 1152 praecipuae
1187 1076 1550 1149 jurisdictionis
1576 1075 1634 1130 S.
1662 1075 1820 1131 Petro
1848 1098 1917 1131 ex

98 1164 288 1219 Christi
324 1165 635 1219 institutione
672 1167 908 1220 tributum
946 1166 1199 1238 pertinere
1232 1164 1442 1217 vidimus
1481 1182 1588 1235 cap.
1629 1164 1680 1216 5.
1743 1163 1916 1233 Itaque

98 1251 222 1303 haud
249 1251 372 1304 satis
399 1262 476 1304 est
501 1252 723 1305 eumdem
747 1263 943 1306 textum
971 1251 1253 1324 explicasse
1281 1251 1339 1303 de
1365 1248 1509 1303 Petri
1534 1250 1643 1314 fide,
1671 1259 1723 1302 ut
1750 1250 1918 1303 hacte-

97 1354 190 1388 nus
216 1337 449 1403 secimus;
487 1339 574 1391 sed
609 1339 791 1408 aliquid
825 1339 937 1392 inde
974 1337 1223 1410 praecipui
1242 1337 1371 1407 juris
1398 1336 1637 1407 primatus
1664 1338 1917 1408 proprimn

98 1422 192 1493 ipsi
217 1421 378 1475 Petro
400 1442 457 1475 ac
484 1424 594 1476 fidei
620 1426 723 1494 ejus
746 1435 1006 1478 asseratur
1032 1443 1238 1476 necesse
1272 1434 1366 1476 est.
1420 1421 1546 1475 Cum
1584 1442 1733 1494 porro
1774 1443 1918 1495 prae-

101 1508 290 1578 cipuum
310 1510 392 1579 jus
418 1509 667 1580 proprium
706 1510 947 1581 primatus
974 1511 1035 1563 ad
1061 1509 1300 1562 unitatem
1325 1507 1583 1562 Ecclesiae
1609 1509 1661 1563 vi
1695 1510 1920 1564 coactiva

101 1595 501 1665 compingendam
528 1605 577 1647 et
604 1599 997 1651 conservandam
1022 1597 1299 1668 pertineat,
1325 1605 1379 1647 ut
1405 1595 1708 1648 ostendimus
1736 1615 1842 1666 cap.
1864 1598 1916 1652 S.

100 1689 150 1731 et
174 1679 260 1744 9.;
300 1698 369 1732 ex
393 1680 590 1731 laudato
611 1679 916 1752 Evangelico
944 1693 1090 1735 textu
1107 1684 1191 1752 jus
1219 1682 1413 1750 aliquod
1432 1681 1764 1751 praecipuum,
1793 1684 1919 1752 quod

101 1764 160 1816 ad
195 1766 413 1818 eamdem
451 1763 711 1819 Ecclesiae
761 1769 1000 1820 unitatem
1039 1768 1426 1839 componendam
1463 1777 1513 1819 et
1550 1767 1919 1820 custodiendam

99 1860 210 1920 apte
236 1853 501 1916 reseratur,
530 1852 819 1906 eliciendum
847 1865 940 1907 est.
1004 1852 1092 1904 Ex
1119 1848 1295 1924 duplici
1331 1863 1496 1906 autem
1521 1850 1781 1906 Ecclesiae
1808 1855 1918 1906 uni-

99 1947 199 1989 tate
226 1937 469 2003 caritatiS,
498 1957 585 1991 seu
612 1940 988 2004 communionis,
1017 1951 1067 1993 et
1088 1940 1215 2005 fidei,
1242 1940 1368 1992 hunc
1394 1949 1607 2006 textum,
1637 1941 1719 2010 qui
1743 1940 1916 1994 Sancti

100 2022 243 2075 Petri
282 2023 423 2076 fldem
456 2034 646 2093 petrae
686 2029 924 2080 vocabulo
951 2026 1211 2080 Ecclesiae
1258 2028 1628 2079 fundamentum
1679 2031 1918 2099 praefert,

101 2109 336 2160 unitatem
363 2111 670 2180 potissimum
697 2113 807 2165 fidei
833 2114 985 2165 totius
1012 2113 1272 2165 Ecclesiae
1312 2132 1420 2165 cum
1457 2113 1548 2165 fide
1575 2110 1750 2167 Sancti
1776 2113 1920 2166 Petri

101 2195 436 2246 necessariam
463 2196 693 2249 evincere
710 2237 722 2259 ,
763 2198 909 2251 obvia
935 2210 983 2252 et
1011 2198 1219 2251 literalis
1236 2237 1248 2261 ,
1277 2208 1329 2249 ut
1354 2198 1424 2249 ita
1450 2198 1605 2250 dicam
1623 2238 1636 2262 ,
1673 2200 1922 2271 interpre-

100 2280 223 2332 tatio
251 2281 513 2349 significat.
568 2280 624 2334 Si
652 2283 783 2334 enim
811 2281 1042 2336 Christus
1060 2324 1072 2348 ,
1102 2303 1209 2336 cum
1235 2284 1497 2354 primatum
1523 2286 1774 2358 praecipui
1793 2287 1921 2356 juris

102 2365 154 2417 in
191 2365 429 2417 unitatem
462 2365 722 2420 Ecclesiae
761 2368 1059 2433 instituens,
1106 2367 1295 2421 Sancto
1335 2368 1493 2422 Petro
1534 2370 1691 2423 dixit:
1754 2373 1830 2425 'l'u
1868 2393 1920 2425 es

104 2452 328 2512 Petrus,
367 2459 417 2502 et
448 2473 607 2521 super
647 2455 785 2507 hanc
818 2464 1029 2523 petram
1069 2458 1363 2525 aedificabo
1393 2458 1690 2509 Ecclesium
1727 2478 1919 2519 meam,-

100 2547 273 2608 petrae
300 2537 498 2591 nomine
524 2537 669 2592 Petri
694 2540 851 2607 fidem,
881 2561 967 2594 seu
992 2540 1353 2613 professionem
1382 2541 1493 2594 fidei
1517 2552 1635 2594 tunc
1663 2543 1843 2596 editam
1874 2556 1919 2597 et

101 2632 275 2692 postea
322 2624 698 2693 praedicandam
740 2627 790 2678 in
827 2628 1131 2680 aedificanda
1168 2626 1398 2680 Ecclesia
1437 2628 1748 2700 designavit,
1789 2631 1922 2700 quid,

105 2709 305 2771 amabo,
345 2719 421 2760 est
459 2729 604 2781 super
633 2712 758 2765 hanc
794 2714 935 2766 fidem
978 2733 1006 2765 a
1032 2712 1188 2766 Petro
1225 2714 1607 2784 praedicandam
1641 2715 1921 2769 Ecclesiam

106 2792 409 2846 aedificabo?
460 2794 600 2846 Nihil
629 2796 755 2848 aliud
781 2800 1030 2868 profecto,
1059 2817 1204 2865 quam
1228 2799 1437 2850 innuere
1460 2797 1740 2853 Ecclesiam
1766 2803 1922 2872 ipsam

102 2878 213 2930 fidei
241 2898 269 2930 a
293 2877 452 2932 Petro
477 2881 839 2951 praedicandae
864 2893 1115 2952 tamquam
1139 2882 1248 2934 basi
1275 2883 1546 2936 adhaerere
1572 2885 1769 2951 debere,
1797 2890 1923 2957 quod

104 2963 340 3017 unitatem
367 2966 477 3018 fidei
517 2966 716 3019 omnino
757 2969 981 3038 requirit.
1048 2965 1174 3020 Cum
1198 2968 1362 3038 'igitur
1387 2969 1438 3020 in
1466 2970 1635 3024 eadem
1661 2970 1806 3027 Petri
1831 2976 1923 3028 fide

103 3060 353 3120 tamquam
380 3052 431 3103 in
458 3053 794 3118 fundamentO,
823 3056 949 3125 quod
979 3052 1211 3108 Christus
1236 3055 1426 3127 posuit,
1453 3065 1560 3108 tota
1586 3068 1722 3113 starc
1749 3061 1924 3114 debeat

105 3133 295 3188 Christi
318 3135 579 3204 Ecclesia,
616 3158 707 3193 nec
746 3140 844 3193 alia
882 3140 975 3205 sit,
1015 3151 1100 3192 aut
1139 3159 1251 3194 esse
1276 3141 1434 3212 possit
1458 3140 1690 3196 Ecclesia
1717 3143 1923 3211 Christi,

101 3221 199 3272 nisi
226 3240 352 3290 quae
379 3240 528 3294 super
554 3225 679 3278 hanc
706 3236 916 3296 petram,
944 3227 1073 3280 idest
1100 3245 1246 3298 super
1274 3229 1398 3280 hanc
1424 3226 1569 3281 Petri
1593 3231 1923 3299 praedicatio-

102 3325 216 3360 nem
244 3318 294 3361 et
319 3309 463 3361 fidem
488 3310 759 3376 aedificata,
787 3313 944 3366 eidem
971 3313 1227 3378 inhaeret,
1256 3313 1545 3383 quiciunque
1573 3315 1633 3367 ad
1646 3314 1921 3370 Ecclesiam

105 3389 292 3446 Christi
316 3395 570 3464 pertinere
594 3396 731 3461 velit,
759 3398 869 3451 huic
894 3409 1093 3470 petrae,
1122 3417 1210 3450 seu
1235 3399 1344 3451 fidei
1372 3418 1400 3451 a
1426 3397 1582 3454 Petro
1607 3403 1922 3473 praedicatae

104 3477 247 3531 debet
282 3480 451 3545 inniti,
490 3482 667 3535 adeout
693 3483 775 3552 qui
800 3484 908 3538 huic
947 3486 1056 3539 fidei
1098 3485 1219 3538 nolit.
1255 3484 1517 3540 inhaerere
1552 3506 1645 3541 nec
1683 3490 1923 3543 unitatem

166 3583 211 3618 1³.
230 3583 378 3621 Bauer.
398 3584 444 3622 (ΥΘ
463 3588 636 3625 Primatu
655 3593 728 3624 etc.
1544 3589 1578 3639 6
