2314 3984
981 196 1378 265 ——-·226
1473 231 1646 240 -....

389 366 518 420 idem
546 365 618 420 ait
646 362 898 436 Optatus).
935 365 1001 420 ab
1041 366 1580 433 omnibussmetur.
1632 367 1765 422 Hinc
1791 369 1948 424 veluti
1981 368 2034 422 in
2060 370 2249 422 formu-

389 454 489 506 lam
516 453 792 505 solemnem
818 449 1025 503 transiit
1052 451 1182 523 apud
1207 441 1383 506 Gallos
1414 455 1718 525 praesertim
1745 455 1896 509 etiam
1925 455 2247 510 adversarios

387 546 628 593 centrum
653 537 958 592 catholicae
983 541 1209 594 unitatis
1238 539 1508 612 appellare
1519 538 1810 619 Romanam
1837 543 2025 609 sedem,
2053 541 2247 608 Roma-

390 643 607 695 numque
632 621 935 678 Pontificem
963 622 1022 678 S.
1050 623 1200 680 Petri
1225 645 1602 694 successolQem
1620 623 1694 682 et
1717 627 1792 683 ita
1817 631 2099 704 appellalwe
2138 649 2247 685 cum

372 710 655 784 ,primatum
695 713 802 783 ejus
838 712 1066 784 pioliten'
1102 715 1280 768 volunt
1312 716 1414 770 ads
1415 733 1472 768 e1
1475 730 1587 768 sus
1583 715 1893 771 imeretieos
1906 729 2062 790 atque
2089 718 2249 771 schis—

386 799 625 866 maticos3
659 799 1075 870 quemadmodum
1114 819 1240 856 sane
1267 803 1510 857 adversus
1546 803 2043 877 eosdem=pximatun1
2067 804 2249 858 Ponti·

388 886 551 940 ficium
578 886 848 959 peculiaris
866 887 1001 959 juris
1015 900 1317 944 asserturus
1344 891 1474 945 idem
1502 901 1782 950 conventus
1809 890 2131 957 Gallicanum¹
2149 892 2249 946 vim

388 974 710 1047 praecipuam
731 976 800 1028 -ob
824 971 1073 1030 unitatem
1095 974 1363 1032 Ecclesiae
1386 979 1745 1032 continendam
1774 988 1824 1032 et
1843 979 2249 1033 conservandam

389 1061 549 1116 eidem
577 1072 755 1116 centro
782 1081 885 1117 non
913 1065 1127 1118 obscure
1151 1066 1403 1119 asseruit:
1442 1066 1572 1119 unde
1600 1076 1650 1120 et
1679 1065 1802 1121 Rex
1838 1067 1947 1139 ipse
1974 1064 2249 1119 Gall-iarum

388 1149 799 1205 Declarationem
835 1153 1055 1223 ejusdem
1090 1150 1339 1207 Gallicani
1378 1163 1660 1208 conventus
1697 1155 2003 1207 confirmans
2035 1154 2118 1206 die
2156 1153 2246 1207 23.

388 1236 572 1290 Martii
609 1238 731 1291 anni
766 1239 982 1305 laudati,
1023 1240 1267 1294 adversus
1303 1239 1599 1296 Novatones
1627 1239 1948 1295 Pontificium
1982 1242 2248 1314 primatum

388 1334 740 1396 oppugnantes
780 1327 1109 1379 constitutam
1143 1327 1205 1378 ab
1245 1327 1419 1380 eodem
1453 1338 1713 1383 conventu
1749 1330 1983 1400 agnoscit
2015 1337 2250 1398 potesta-

388 1419 491 1463 tem
518 1413 809 1481 leyitimam
835 1415 1059 1466 visibilis
1090 1413 1371 1466 Ecclesiae
1399 1418 1623 1483 capitis,
1649 1423 1703 1467 et
1725 1419 1900 1467 centri
1924 1419 2145 1468 unitatis
2173 1434 2251 1468 ec-

386 1500 744 1552 clesiasticae.
797 1497 1059 1571 Legitima
1089 1508 1336 1570 potestas
1374 1506 1551 1554 centri
1587 1506 1812 1555 unitatis
1853 1505 2251 1556 ecclesiasticae

390 1585 499 1638 sine
526 1586 577 1641 vi
606 1596 822 1658 cogente
851 1587 912 1639 ad
939 1588 1191 1641 unitatem
1220 1606 1330 1640 cum
1359 1589 1533 1642 eodem
1560 1600 1741 1643 centro
1768 1589 1983 1660 intelligi
2010 1589 2200 1659 nequit.

534 1674 589 1728 3.
632 1672 807 1727 Solum
835 1674 1054 1727 dubitari
1081 1686 1279 1747 potest,
1317 1694 1433 1728 mun
1475 1677 1558 1747 qui
1598 1679 1721 1731 baec
1747 1679 1968 1730 fatentur
1993 1686 2250 1747 tamquam

389 1761 571 1832 dogma
595 1762 709 1814 fidei
738 1771 931 1814 certum
948 1802 961 1827 ,
1003 1764 1061 1816 de
1090 1773 1266 1816 centro
1295 1764 1504 1817 unitatis
1545 1764 1656 1817 fidei
1682 1764 1995 1836 intelligant,
2035 1783 2100 1817 an
2126 1782 2249 1818 vero

389 1848 448 1901 de
477 1858 653 1902 centro
680 1848 891 1902 unitatis
921 1851 1286 1903 communionis
1312 1861 1527 1904 tautum.
1582 1851 1660 1905 De
1686 1862 1863 1905 centro
1891 1851 2089 1922 quidem
2117 1870 2252 1905 com-

391 1936 645 1989 munionis
685 1935 809 1989 nihil
846 1955 956 1991 cum
995 1937 1120 2010 ipsis
1157 1940 1541 1994 controversiae
1567 1927 1675 2005 est,
1704 1958 1814 1993 cum
1841 1938 2076 1992 Nicolius
2104 1958 2252 2011 supe-

390 2023 495 2076 rius
523 2025 754 2077 laudatus
783 2043 825 2077 c.
848 2026 933 2078 ll.
962 2044 1013 2077 n.
1044 2027 1094 2078 5.
1125 2045 1195 2078 ex
1222 2026 1444 2079 omnium
1472 2027 1622 2080 etiam
1652 2024 1911 2080 Gallorum
1937 2026 2168 2080 doctrina
2196 2046 2252 2079 ac

388 2110 483 2164 fide
511 2121 701 2165 certum
727 2111 995 2164 tradiderit
1023 2111 1295 2184 (Exposit.
1326 2115 1492 2186 symb.
1522 2124 1655 2186 part.
1685 2115 1736 2167 2.
1767 2132 1814 2166 a.
1843 2114 1896 2166 9.
1926 2133 1969 2167 c.
2004 2114 2113 2185 1.):
2143 2116 2251 2167 No-

388 2200 467 2250 bis
485 2205 784 2268 praeterea
810 2200 1220 2254 adhaerendum
1259 2208 1339 2254 est
1354 2221 1461 2271 per
1489 2205 1908 2254 communionem
1936 2221 2252 2272 expressam

390 2293 551 2355 atque
595 2290 956 2355 praeffl'puam
1007 2307 1128 2340 cum
1172 2292 1351 2358 capite
1392 2291 1673 2342 Ecclesiae
1724 2309 1922 2342 suamne
1965 2290 2248 2359 Pontifice.

392 2369 589 2439 Quibus
628 2373 904 2427 concinens
942 2371 1186 2427 Claudius
1226 2374 1270 2427 F
1275 2377 1423 2448 leui-y
1462 2377 1598 2430 inter
1630 2395 1786 2430 verae
1812 2374 2079 2430 Ecclesiae
2105 2386 2253 2428 notas

394 2471 633 2513 recenset
651 2462 974 2523 Romanam,
990 2470 1049 2514 ut
1067 2465 1483 2524 demonstretur,
1510 2464 1671 2532 inquit
1687 2462 1927 2534 (Catech.
1949 2463 2125 2515 histor.
2141 2482 2185 2516 c.
2201 2466 2251 2515 2.

390 2565 502 2617 par.
534 2548 584 2599 2.
615 2548 732 2599 lect.
761 2545 878 2616 9.),
918 2550 1128 2616 siynum
1162 2567 1322 2600 verae
1362 2550 1643 2602 Ecclesiae
1684 2569 1795 2602 csse
1833 2554 2252 2603 communionem

390 2652 508 2686 cum
535 2640 726 2686 sancta
751 2635 878 2686 sede
896 2633 1166 2687 Romana.
1206 2633 1341 2688 Hinc
1362 2635 1512 2688 etiam
1536 2647 1844 2690 memoratus
1859 2635 2109 2708 Dupiuus‚
2136 2636 2254 2691 licet

390 2721 538 2792 plura
563 2719 834 2774 Romanae
861 2721 968 2774 sedi
996 2722 1270 2794 decerpere
1297 2740 1400 2775 non
1428 2723 1764 2790 dubitaverit3
1795 2723 2158 2778 communionis
2176 2733 2254 2777 ta-

391 2825 509 2860 men
556 2807 807 2862 unitatem
857 2826 968 2861 cum
1018 2808 1161 2880 ipsa,
1210 2827 1359 2879 quam
1398 2809 1608 2863 unitatis
1653 2820 1883 2864 centrum
1928 2821 2251 2876 asseruerat,

391 2895 662 2948 tenendam
689 2905 844 2948 extra
868 2895 1032 2949 omnis
1059 2895 1386 2950 dubitationis
1414 2897 1575 2951 aleam
1600 2898 1770 2970 posuit
1794 2898 2057 2952 notatione
2085 2899 2172 2953 26.
2203 2907 2253 2951 et

391 2980 481 3036 37.
511 2982 564 3034 in
593 2981 768 3054 optati
805 2982 988 3036 librum
1014 2985 1306 3037 secundum.
1358 2983 1516 3037 Immo
1552 2984 1913 3037 dissertatione
1941 2984 1992 3036 5.
2046 2985 2134 3036 De
2161 3004 2250 3039 an-

393 3072 545 3139 tiqua
573 3071 855 3123 Ecclesiae
882 3067 1179 3140 disciplina
1206 3089 1316 3141 cap.
1346 3071 1397 3122 2.
1426 3070 1639 3123 recitato
1666 3068 1724 3123 S.
1752 3068 2055 3142 Hieronymi
2082 3080 2251 3135 textu,

393 3155 478 3225 qui
504 3156 753 3210 unitatem
780 3175 891 3211 cum
917 3156 1152 3230 Romano
1180 3154 1432 3210 Pontifice
1467 3157 1809 3210 necessariam
1836 3158 2155 3229 apertissime
2181 3160 2253 3212 ef-

397 3243 624 3314 flagitat,
650 3243 703 3296 in
731 3263 791 3298 eo
819 3245 1050 3311 laborat,
1084 3254 1140 3297 ut
1165 3245 1228 3298 ab
1254 3243 1449 3297 unitate
1474 3243 1615 3308 fidei,
1652 3263 1781 3314 quae
1806 3243 1990 3298 ibidem
2015 3245 2249 3318 proprius

394 3328 724 3402 intelligitur,
751 3331 872 3399 illud
896 3331 1241 3386 testimonium
1267 3331 1560 3396 abstrahat,
1588 3340 1640 3384 et
1667 3331 1730 3383 ad
1756 3331 1915 3384 solam
1941 3331 2251 3386 communio-

394 3415 475 3468 nis
500 3417 750 3471 unitatem
775 3419 1009 3473 deflectat
1025 3460 1038 3485 ‚
1063 3419 1322 3490 inquiens:
1351 3419 1513 3471 Nihil
1536 3421 1597 3471 id
1613 3422 1760 3488 facit
1783 3421 1861 3472 ad
1876 3421 2070 3488 fidem,
2099 3424 2249 3491 etju-

393 3505 594 3558 dicium
647 3504 887 3560 Romani
936 3508 1230 3578 Episcopi,
1279 3509 1379 3560 sed
1427 3514 1634 3561 tantum
1671 3509 1757 3561 *ad
1807 3508 2252 3560 communionem:
