2320 3990
695 266 865 276 —
955 232 1078 287 1³19
1167 264 1342 273 —--—

110 404 260 467 uber,
285 420 384 472 pro*
399 400 722 476 Apostolicae
747 398 1014 453 cathedrae
1037 397 1416 470 praerogativa,
1450 405 1503 449 et
1523 413 1616 470 pro
1640 396 1929 450 necessaria

108 505 206 541 non
229 495 331 539 tam
349 485 721 551 communioniS‚
748 504 892 555 quam
916 485 1028 538 fidei
1050 484 1262 549 unitate,
1285 483 1565 537 cohaerens
1581 499 1692 536 cum
1712 480 1925 535 aliorum

110 571 318 626 Patrum
343 572 612 626 traditione
639 581 756 625 ante
783 572 910 626 banc
935 569 1331 625 controversiam
1355 578 1622 623 statuerat.

252 659 337 712 15.
398 655 636 712 Ceterum
674 657 924 712 veriorem
957 655 1015 710 S.
1053 653 1300 727 Cypriani
1331 655 1709 708 excusationem
1746 653 1799 706 in
1826 671 1928 707 me-

107 753 303 798 morato
323 762 499 798 errore
518 745 699 798 tuendo
722 760 821 796 non
842 761 983 797 exeo
1005 750 1199 794 tantum
1224 741 1511 794 sumendam
1531 740 1787 804 existimo,
1800 740 1929 809 quod

108 831 158 882 in
184 849 240 884 re
266 831 430 884 multis
457 830 835 884 altercationum
871 826 1060 882 nebulis
1094 827 1319 880 involuta
1345 846 1403 881 ac
1427 836 1531 879 tum
1557 825 1778 879 maxime
1809 842 1927 878 con-

110 928 341 971 troversa
379 922 623 989 majorum
665 932 865 969 suorum
903 912 1304 966 consuetudinem
1342 912 1654 983 gravissimis
1689 930 1790 964 non
1826 922 1926 964 tam

109 1003 382 1069 rationum,
421 1022 567 1073 quam
599 1001 946 1055 auctoritatum
972 999 1236 1052 momentis
1271 999 1477 1063 nixam,
1513 996 1735 1069 Synodis
1775 998 1922 1051 etiam

108 1090 489 1160 provincialibus
515 1088 852 1159 approbatam,
879 1086 1193 1156 nondumque
1218 1085 1425 1139 concilio
1449 1084 1674 1156 plenario
1694 1086 1928 1155 rejectam

109 1175 405 1240 defenderit3
432 1193 606 1227 verum
633 1173 783 1227 etiam
810 1173 926 1243 quia
951 1191 1112 1242 neque
1131 1171 1318 1243 abipso
1338 1169 1596 1242 Stephano
1621 1172 1785 1224 fuerat
1809 1172 1930 1241 dog-

107 1261 284 1312 matico
298 1260 481 1331 judicio
504 1260 702 1313 definita
724 1260 855 1313 iniis
878 1261 937 1312 ad
963 1257 1271 1331 Cyprianum
1295 1258 1495 1324 litteris,
1522 1257 1574 1310 in
1599 1257 1774 1328 quibus
1802 1258 1929 1310 nulla

110 1346 197 1398 suit
233 1347 431 1417 proprie
470 1346 599 1399 dicta
625 1347 842 1399 definitio
869 1346 997 1411 fidei,
1042 1347 1127 1398 sed
1153 1354 1466 1416 praeceptum
1493 1343 1790 1414 practicam,
1832 1363 1926 1412 quo

107 1433 229 1485 idem
246 1431 487 1484 Pontifex
508 1431 627 1482 nihil
641 1450 709 1483 ex
725 1432 963 1485 catholica
984 1433 1074 1485 fide
1089 1430 1383 1484 credendum
1403 1446 1703 1500 proponens,
1718 1428 1770 1480 in
1785 1429 1927 1481 modo

111 1518 375 1589 recipiendi
400 1535 516 1581 θος,
556 1517 637 1586 qui
674 1517 733 1568 ab
771 1517 968 1571 haeresi
1007 1519 1067 1570 ad
1108 1517 1349 1570 unitatem
1382 1514 1640 1569 Ecclesiae
1677 1515 1927 1577 venirent,

109 1604 510 1656 consuetudinem
537 1601 799 1655 Romanae
836 1605 1074 1658 ccclesiae
1099 1604 1171 1656 ita
1198 1603 1582 1674 amplectendam
1618 1601 1929 1672 praescribe-

110 1691 209 1753 bat,
237 1699 291 1739 ut
317 1689 377 1739 ab
403 1687 524 1751 illis,
562 1687 643 1756 qui
679 1688 925 1741 diversam
951 1689 1360 1742 consuetudinem
1395 1707 1496 1739 non
1531 1688 1686 1739 solum
1711 1688 1763 1738 in
1789 1687 1929 1738 Afri-

109 1774 263 1838 caniS‚
293 1774 377 1826 sed
399 1783 449 1826 et
470 1772 521 1824 in
546 1773 730 1842 aliquot
742 1774 900 1827 Asiae
923 1774 1314 1846 populosissimis
1341 1784 1487 1842 atque
1512 1772 1789 1842 insignibus
1816 1791 1930 1843 pro—

109 1859 280 1913 vinciis
307 1878 335 1910 a
362 1859 626 1930 majoribus
664 1870 940 1931 receptam,
969 1859 1331 1933 Synodicisque
1370 1858 1654 1912 constitutis
1691 1858 1929 1910 munitam

110 1956 451 2016 sequerentur,
479 1943 720 2016 Stephani
745 1947 995 2000 decretmn
1021 1948 1199 2001 referri
1224 1947 1445 2020 potnerit
1463 1947 1522 1999 ad
1543 1945 1802 1999 materiem
1829 1963 1929 1997 non

109 2032 235 2095 fidei,
263 2033 348 2083 sed
374 2030 689 2102 disciplinae,
717 2033 794 2086 vel
819 2034 1063 2104 opinionis
1091 2034 1306 2086 nondum
1332 2032 1591 2096 definitae,
1628 2032 1678 2084 in
1707 2051 1803 2101 qua
1829 2050 1927 2083 nou

112 2117 311 2188 perinde
350 2117 515 2169 unitas
555 2135 663 2169 cum
690 2117 922 2173 Romana
947 2120 1159 2172 ecclesia
1195 2119 1484 2171 necessaria
1509 2128 1613 2182 est,
1653 2128 1708 2169 ut
1732 2118 1783 2169 in
1809 2119 1930 2186 dog—

114 2203 324 2254 matibus
363 2220 419 2254 ac
456 2202 818 2254 definitionibus
858 2203 966 2254 fidei
1001 2213 1079 2255 est
1115 2203 1311 2273 penitus
1355 2203 1659 2256 necessaria.
1724 2202 1927 2254 Nullam

115 2308 233 2341 vero
260 2288 457 2358 proprie
485 2288 662 2340 dictam
690 2288 1021 2340 definitionem
1049 2289 1159 2341 fidei
1185 2289 1234 2340 in
1262 2286 1503 2359 Stephani
1528 2288 1709 2340 litteris
1737 2289 1796 2340 ad
1825 2287 1930 2359 Cy-

111 2375 334 2446 prianum
354 2374 444 2425 hac
463 2373 514 2424 in
533 2392 588 2426 re
608 2373 760 2426 fuisse
786 2391 1099 2444 expressam,
1129 2374 1214 2426 sed
1235 2392 1422 2426 merum
1444 2384 1778 2446 praeceptum,
1804 2377 1931 2444 quod

112 2461 169 2511 ad
188 2458 491 2530 disciplinam
506 2469 555 2511 et
573 2459 855 2530 opinionem
869 2458 1050 2510 diutius
1072 2459 1219 2510 etiam
1232 2470 1344 2530 post
1361 2457 1607 2531 Cypriani
1622 2479 1678 2512 ac
1690 2458 1930 2530 Stephani

111 2555 325 2598 aetatem
351 2545 559 2597 relatum
586 2545 691 2606 fuit,
718 2544 905 2616 patebit
931 2562 996 2596 ex
1026 2543 1243 2596 dicendis
1269 2563 1400 2596 num.
1425 2545 1511 2597 53.
1534 2546 1616 2597 ubi
1647 2546 1705 2597 de
1732 2545 1823 2598 boc
1850 2566 1929 2597 ar—

113 2640 347 2700 gumento
375 2630 469 2682 alia
496 2630 867 2701 congruentiori
893 2629 1154 2683 occasione
1180 2633 1423 2701 agendum
1450 2632 1564 2685 erit.
1618 2631 1930 2704 Cyprianum

114 2715 424 2787 proculdubio
451 2734 589 2767 suam
618 2715 1020 2768 consuetudinem
1062 2726 1211 2784 atque
1237 2718 1537 2771 sententiam
1565 2718 1661 2770 etsi
1687 2719 1748 2769 ad
1774 2728 1931 2770 mate-

114 2802 237 2852 riam
264 2800 374 2852 fidei
398 2799 581 2868 aliquot
599 2801 648 2853 in
670 2802 791 2854 locis
805 2800 1033 2852 videatur
1058 2801 1265 2864 referre,
1291 2820 1391 2853 non
1407 2812 1578 2855 tamen
1599 2804 1659 2854 ad
1678 2803 1929 2873 proprium

115 2896 163 2938 et
189 2895 375 2938 certum
404 2885 582 2954 dogma
607 2884 717 2937 fidei
743 2884 1027 2937 definitione
1054 2883 1374 2936 constitutum
1391 2925 1404 2949 ,
1432 2887 1518 2938 sed
1543 2887 1604 2939 ad
1629 2887 1931 2958 opinionem,

113 2990 238 3041 quae
265 2971 315 3022 in
341 2969 462 3040 ipsis
487 2969 774 3040 disciplinae
801 2970 1163 3024 controversiis
1197 2970 1355 3024 locum
1390 2971 1564 3037 habet,
1603 2973 1835 3027 retulisse
1861 2993 1929 3026 ex

115 3075 172 3109 eo
212 3055 525 3108 manifestum
562 3066 668 3121 est,
714 3058 844 3126 quod
887 3060 1084 3108 nemini
1109 3056 1256 3109 aliter
1293 3056 1531 3110 sentienti
1554 3062 1932 3130 praejudicari

115 3141 290 3205 voluit,
317 3140 506 3212 (Epist.
535 3141 592 3193 ad
619 3139 891 3212 Magnum)
932 3146 1207 3212 quominus
1233 3146 1587 3213 unusquisque
1614 3149 1760 3214 quod
1779 3155 1932 3214 puta-

119 3230 249 3279 verit
274 3231 481 3287 sentiat,
506 3235 557 3279 et
581 3232 726 3298 quod
748 3232 971 3282 senserit
992 3233 1181 3297 faciat.
1235 3229 1507 3281 Neminem
1533 3231 1616 3300 (ut
1635 3230 1685 3282 iu
1704 3228 1932 3285 Concilio

117 3313 267 3365 tertio
296 3310 683 3383 Carthaginensi
710 3315 807 3386 ait)
818 3318 1158 3387 judicantes,
1186 3323 1236 3366 et
1261 3335 1294 3366 a
1303 3321 1435 3386 jure
1461 3321 1863 3379 communionis,
1889 3323 1937 3371 si

122 3400 382 3450 diversam
408 3403 646 3460 senserit,
671 3409 980 3454 (unoventes.
1020 3400 1302 3472 Stephanus
1328 3418 1519 3470 quoquc
1531 3401 1583 3454 in
1597 3402 1688 3456 hac
1707 3404 1933 3467 materia,

123 3501 244 3550 quae
284 3483 446 3554 reipsa
485 3484 762 3555 pertinebat
791 3488 847 3540 ad
877 3488 1045 3541 fidem.
1085 3488 1167 3540 sed
1196 3487 1244 3540 iu
1272 3504 1499 3557 magnam
1539 3489 1934 3543 controversiam
