2320 3990
370 342 635 396 facultates
673 360 850 395 omnes
863 381 878 406 ,
917 359 1047 412 quae
1081 341 1262 394 iisdem
1297 341 1427 396 locis
1458 343 1675 398 collatae
1714 344 1917 396 fuerunt
1957 340 2016 396 S.
2045 342 2226 410 Petro,

370 431 484 485 aliis
509 428 774 502 Apostolis
799 429 989 483 fuerint
1015 446 1305 484 communes
1319 469 1333 494 ‚
1371 427 1498 482 niln‘l
1526 439 1703 485 antem
1740 430 2044 504 praecipuae
2070 433 2228 504 juris-

368 518 600 572 dictionis
625 517 696 570 illi
720 517 874 570 fuerit
897 518 1156 572 tributum.
1208 515 1416 586 Aliquid
1442 534 1566 588 ergo
1588 520 1849 593 praecipui
1869 530 1920 574 et
1940 521 2227 593 personalis

359 607 491 678 juris
516 606 570 659 iu
595 605 722 678 ipsis
759 603 1068 658 testimoniis
1107 605 1361 659 contineri
1396 623 1458 658 ac
1496 605 1718 678 reperiri
1739 609 1931 676 debet,
1972 609 2103 681 quod
2138 609 2227 663 uni

367 694 547 761 Petro,
572 713 678 748 non
702 712 826 749 vero
855 691 965 746 aliis
986 692 1254 766 Apostolis
1282 703 1558 766 congruat3
1587 694 1957 767 specialemque
1982 698 2228 771 primatus

368 782 779 856 praerogativam
806 790 856 835 et
883 782 1239 836 auctoritatem
1265 783 1316 836 in
1345 783 1456 856 ipso
1499 802 1596 836 uno
1626 782 1929 850 constituat,
1973 803 2070 851 ne,
2107 785 2165 838 si'
2178 785 2229 838 id

366 879 576 925 vocetur
601 870 655 922 in
682 869 881 923 dubium
898 910 913 936 ,
950 871 1223 943 praecipua
1260 870 1507 943 primatus
1544 873 1871 926 fundamenta
1907 883 2224 928 evertantur.

366 957 540 1028 ltaque
566 958 872 1031 peculiarem
900 957 1118 1028 aliquam
1144 957 1294 1013 Petri
1318 959 1610 1014 facultatem
1637 961 1872 1014 debemus
1899 979 1972 1015 ex
1998 980 2059 1015 eo
2087 961 2227 1015 colli-

367 1065 518 1118 gere,
560 1048 688 1118 quod
716 1047 877 1120 ipsum
906 1045 1144 1101 Christus
1171 1057 1370 1119 petram
1396 1046 1662 1102 Ecclesiae
1689 1049 1885 1121 posuit,
1929 1049 2088 1103 eidem
2116 1068 2226 1103 cum

369 1135 593 1189 clavibus
633 1135 780 1208 regni
821 1137 1076 1190 coelor1m1
1103 1137 1292 1208 ligandi
1330 1146 1380 1190 et
1407 1136 1635 1191 solvendi
1662 1147 1966 1210 potestatem
2003 1137 2227 1203 tradidit,

366 1223 558 1294 totique
582 1222 848 1279 Ecclesiae
874 1234 1133 1296 pastorem
1159 1225 1420 1298 praefecit,
1450 1235 1546 1279 etc.

513 1311 566 1365 3.
621 1310 822 1383 Opponi
861 1313 1008 1378 solet,
1035 1314 1118 1367 vel
1145 1322 1344 1366 ceteros
1370 1313 1651 1385 Apostolos
1690 1322 1926 1384 pastores
1963 1314 2226 1367 institutos

366 1398 520 1451 fuisse
546 1398 714 1453 ovium
743 1396 953 1465 Christi,
983 1400 1314 1470 omnibusque
1354 1401 1523 1452 datam
1563 1400 1752 1471 ligandi
1780 1401 2110 1471 solvendique
2137 1421 2227 1474 po-

368 1496 633 1554 testatem3
661 1487 800 1559 ipsos
828 1487 981 1541 etiam
1009 1506 1124 1542 esse
1154 1488 1344 1560 lapides
1371 1487 1627 1542 duodecim
1648 1486 1892 1542 aJoanne
1918 1500 2228 1543 memoratos

365 1574 530 1647 Apoc.
561 1594 603 1628 e.
634 1576 721 1628 21.
761 1577 938 1647 quibus
965 1575 1200 1631 Ecclesia
1238 1577 1510 1642 incumbit,
1550 1579 2037 1647 superaedificata,
2076 1589 2131 1631 ut
2158 1579 2228 1631 ait

368 1661 557 1716 Paulus
586 1662 802 1735 (Ephes.
834 1684 877 1718 c.
905 1667 955 1718 Ξ.
984 1684 1122 1718 vers.
1151 1663 1291 1735 20.),
1320 1685 1482 1734 super
1505 1667 1918 1733 fundamentum
1943 1661 2229 1732 Apostolo-

368 1771 485 1803 rum
513 1759 564 1803 et
587 1752 1008 1820 Prophetarum.
1060 1750 1221 1823 Igitur
1249 1771 1359 1805 cum
1382 1753 1507 1806 haec
1534 1751 1638 1805 sint
1664 1751 1776 1805 aliis
1799 1750 2066 1823 Apostolis
2095 1769 2230 1804 com-

367 1839 566 1905 munia3
607 1858 710 1892 non
750 1859 820 1893 ex
859 1860 917 1894 eo
958 1850 1155 1893 tantum
1194 1842 1325 1913 quod
1362 1839 1421 1894 S.
1463 1839 1654 1894 Petrus
1691 1839 1958 1894 Ecclesiae
1993 1848 2140 1911 petra
2180 1849 2228 1892 et

367 1928 742 1981 fundamentum
769 1928 963 2001 positus
990 1929 1158 1995 fuerit,
1187 1931 1318 2000 quod
1344 1949 1454 1983 cum
1482 1929 1707 1984 clavibus
1732 1927 1982 2000 acceperit
2005 1937 2230 1999 potesta-

368 2026 468 2069 tem
496 2016 684 2088 ligandi
712 2026 861 2087 atque
889 2017 1132 2083 solvendi,
1162 2028 1212 2072 et
1239 2018 1369 2088 quod
1394 2018 1563 2072 ovium
1589 2015 1784 2073 Christi
1810 2036 1931 2070 cura
1956 2016 2053 2088 ipsi
2077 2016 2231 2068 fuerit

366 2105 654 2170 commissa,
683 2105 868 2158 ceteris
896 2105 968 2158 ita
992 2116 1239 2177 praestat,
1265 2117 1319 2158 ut
1334 2105 1703 2176 jurisdictionis
1727 2105 1972 2177 primatus
1985 2104 2082 2176 ipsi
2107 2123 2229 2176 prae

366 2192 598 2245 omnibus
625 2193 819 2246 delatus
847 2212 918 2246 ex
945 2192 1161 2246 laudatis
1189 2193 1314 2247 locis
1336 2191 1667 2265 Evangelicis
1696 2192 1861 2264 colligi
1887 2201 2055 2263 queat.
2098 2187 2229 2258 Quid

367 2283 527 2352 ergo?
582 2278 869 2336 Corruetne
907 2281 1092 2335 idcirco
1132 2282 1380 2354 primatus
1420 2281 1678 2354 praecipui
1714 2281 1838 2353 juris
1867 2291 1917 2333 et
1942 2279 2230 2352 potestatiS,

367 2389 527 2440 eoque
556 2371 843 2424 adducenda
882 2369 980 2423 erit
1020 2368 1180 2441 (quod
1206 2369 1452 2423 haeretici
1479 2378 1530 2421 et
1556 2368 1864 2421 schismatici
1892 2365 2229 2435 contendunt)

367 2458 613 2529 primatus
638 2458 718 2512 vis
746 2468 797 2512 et
823 2458 953 2511 ratio
980 2458 1034 2510 in
1059 2456 1344 2529 Evangelio
1372 2456 1689 2529 potissimum
1715 2457 1952 2521 fundata,
1992 2465 2046 2507 ut
2073 2455 2230 2508 hono-

367 2545 438 2598 ris
466 2546 614 2598 unius
641 2565 795 2599 causa
822 2545 1010 2600 Petrus
1037 2546 1306 2619 praecipue
1334 2545 1622 2599 nominatus
1649 2545 1801 2598 fuerit
1829 2563 1859 2596 a
1886 2541 2120 2609 Christo,
2149 2546 2231 2598 vel

368 2634 530 2706 primo
559 2635 711 2687 loco?
763 2633 906 2688 Nihil
944 2635 1127 2688 minus.
1193 2634 1248 2687 Id
1276 2645 1443 2688 autem
1472 2633 1516 2686 si
1542 2651 1613 2686 ex
1639 2633 1807 2686 animo
1847 2633 2011 2686 nolint
2050 2634 2230 2686 adver-

367 2722 493 2775 sarii
518 2723 682 2776 nostri
709 2722 939 2776 catholici
967 2724 1158 2795 (neque
1181 2724 1311 2778 enim
1337 2722 1568 2796 suspicor
1591 2741 1680 2775 eos
1702 2722 1970 2794 primatum
1997 2721 2230 2794 specialis

361 2810 726 2882 jurisdictionis
752 2811 925 2864 verbis
952 2820 1150 2863 tantum
1178 2827 1416 2863 asserere
1432 2850 1446 2875 ,
1473 2820 1529 2863 ut
1556 2810 1790 2864 catholici
1816 2810 2100 2864 habeantur
2116 2849 2130 2875 ,
2172 2828 2229 2862 re

369 2909 536 2952 autem
573 2918 675 2951 una
702 2918 811 2952 cum
838 2898 1109 2952 haereticis
1152 2909 1300 2968 atque
1339 2899 1676 2952 schismaticis
1712 2917 2032 2968 nequaquam
2072 2916 2232 2968 agno-

370 2987 576 3058 scere):
605 2988 857 3052 desinant,
885 3005 1074 3058 quaeso
1091 3027 1105 3052 ,
1146 2987 1306 3058 (quod
1346 2986 1472 3039 satis
1501 3005 1750 3058 superque
1777 2985 2004 3038 nituntur
2032 2984 2231 3038 hetero-

370 3074 523 3142 doxi)
565 3093 877 3129 communem
916 3075 1101 3130 ceteris
1128 3074 1392 3147 Apostolis
1429 3072 1858 3145 Evangelicorum
1896 3083 2130 3126 textuum
2170 3074 2230 3126 de

369 3161 529 3216 Petro
579 3163 1056 3236 interpretationem
1110 3163 1382 3235 ingerere,
1425 3181 1535 3215 eum
1575 3163 1634 3215 de
1672 3162 1918 3235 primatus
1957 3171 2142 3214 natura
2180 3170 2231 3214 et

370 3251 708 3318 facultatibus,
738 3271 827 3306 seu
845 3253 1199 3326 jurisdictione
1222 3250 1355 3303 illius
1382 3249 1587 3322 propria
1613 3249 1908 3316 dis-seritur,
1932 3249 2143 3323 perinde
2171 3267 2229 3302 ac

373 3338 418 3392 si
441 3338 567 3391 haec
595 3339 704 3391 sola
729 3339 1084 3414 interpretatio
1109 3339 1234 3414 ipsis
1259 3339 1488 3392 textibus
1516 3337 1705 3391 subsit:
1734 3348 1785 3391 et
1811 3357 1872 3391 eo
1899 3337 2081 3390 saltem
2109 3355 2230 3390 con-

371 3427 485 3480 silio
515 3427 778 3492 desinant,
815 3447 878 3482 ne
914 3430 1008 3484 hac
1042 3429 1274 3484 methodo
1315 3426 1561 3500 primatus
1601 3426 1926 3478 fundamenta
1966 3424 2227 3487 subruere,

370 3514 631 3587 ipsumque
658 3516 957 3588 praecipuae
985 3536 1044 3572 ac
1069 3515 1354 3591 personalis
1385 3513 1756 3587 jurisdictionis
1796 3512 2064 3584 primatum
2109 3511 2229 3583 reji-
