2314 3984
942 178 1605 244 -m-„Q

343 357 760 424 praesumserunt
778 351 1154 404 inter-eeteros
1162 349 1626 425 Sumtixlffleum
1655 364 1706 410 et
1723 356 2059 427 Augustinus7
2082 377 2208 428 quo-

343 458 451 492 rum
475 448 778 511 postremus
788 437 979 492 ⁴ideirco
992 437 1212 492 ¹‘monuit
1234 440 2005 514 -successionem2Roiiiauol-1in1›
2021 443 2205 499 Ponti-

334 528 511 591 ficum,
540 525 603 578 ad
627 526 1104 599 quam-provocavit
1129 525 1453 594 Donatistae
1476 525 1654 599 {Benl-
1680 531 1734 584 in
1760 542 1956 604 partem
1984 530 2204 603 Donati)

342 631 457 667 esse
490 612 629 666 illam
658 621 910 684 petram,
962 634 1145 686 quam·
1170 634 1279 668 non
1333 618 1555 669 vincunt
1587 620 1866 689 superbae.
1904 624 2206 689 inferorum

335 708 567 771 portae,-
593 700 785 772 primus
824 715 949 757 vero
988 719 1094 755 non
1132 702 1294 755 solum
1332 701 1386 755 in
1413 721 1475 757 ea
1501 691 2206 764 successioneconservatam

343 807 544 862 semper
585 789 911 844 traditionem
947 789 1245 856 affirmavit,
1293 809 1470 845 verum
1507 792 1664 846 etiam
1701 793 1771 846 ἐπ’
1793 813 1855 848 ea
1887 798 1955 849 ab
1991 798 2074 850 Itis
2109 801 2208 868 qui

342 884 466 930 sunt
501 878 740 949 undique
779 877 1040 944 fidelibus,
1065 877 1199 932 idest
1226 897 1257 932 a
1283 886 1394 932 tota
1420 876 1615 934 Christi
1641 879 1902 949 Ecclesia,
1932 898 2208 938 conserva-

341 974 445 1017 tam
483 975 658 1036 aperte
696 965 942 1039 prodidit,
980 965 1162 1039 quippe
1199 967 1330 1038 quod
1364 986 1469 1021 non
1504 968 1606 1021 alia
1646 969 1846 1023 ratione
1883 967 2118 1025 Ecclesia
2155 971 2207 1024 in

342 1053 645 1125 Apostolica
670 1054 764 1108 fide
792 1072 848 1108 se
876 1064 1036 1107 tutam
1062 1054 1351 1127 praestitit,
1393 1055 1494 1109 nisi
1509 1067 1770 1127 quatenus
1798 1057 1848 1110 in
1876 1058 2070 1113 unitate
2094 1058 2207 1112 fidei

342 1140 676 1213 Apostolicae
704 1141 971 1197 Romanae
999 1142 1246 1196 constitit.
1279 1142 1552 1215 (irenaeus
1580 1145 1664 1198 lib.
1682 1146 1735 1199 3.
1763 1146 1826 1199 de
1841 1145 2039 1201 haeres,
2060 1167 2103 1200 c.
2122 1147 2205 1215 3.)

345 1231 405 1282 In
446 1251 553 1301 qua
587 1250 798 1301 semper
835 1234 900 1284 ab
938 1233 1051 1294 his,
1091 1235 1185 1302 qui
1223 1240 1348 1285 sunt
1372 1236 1637 1303 undique,
1673 1243 1993 1288 conservata
2021 1243 2101 1288 est
2127 1254 2207 1295 ea,

343 1337 480 1387 qaae
507 1325 589 1370 est
612 1320 680 1370 ab
695 1316 976 1387 Apostolis
1003 1323 1262 1382 traditi03
1286 1321 1351 1372 de
1377 1339 1474 1390 quo
1502 1331 1803 1390 argumento
1829 1322 1975 1392 plura
2001 1321 2208 1374 dicenda

342 1413 493 1458 erunt
519 1423 630 1477 cap.
662 1403 748 1458 15.
779 1405 826 1474 ξ.
857 1406 907 1458 2.
937 1415 990 1459 et
1017 1406 1070 1458 4.
1098 1405 1181 1458 ubi
1220 1406 1281 1460 de
1318 1406 1753 1460 indefectibilitate
1789 1405 2059 1460 Romanae
2095 1407 2209 1461 fidei

342 1512 412 1546 ex
440 1493 699 1566 proposito
729 1504 927 1565 agetur.
983 1492 1116 1548 Hinc
1141 1494 1345 1547 tandem
1374 1495 1471 1548 etsi
1498 1493 1803 1567 Apostolica
1830 1494 2109 1550 universim
2136 1495 2208 1549 di-

343 1592 487 1636 catur
513 1580 748 1636 Ecclesia
775 1583 838 1636 ob
866 1583 1010 1636 fidem
1039 1583 1100 1636 ab
1114 1582 1381 1656 Apostolis
1408 1583 1469 1636 ad
1495 1601 1590 1636 nos
1617 1601 1776 1654 usque
1802 1584 2092 1656 productam
2119 1602 2209 1656 per

347 1690 450 1726 non
478 1671 815 1743 interruptam
843 1670 1213 1744 Episcoporum
1242 1671 1615 1724 successionem
1641 1671 1693 1723 iu
1720 1671 1782 1724 iis
1821 1672 2022 1726 sedibus
2039 1712 2053 1737 ‚
2081 1690 2210 1742 quae

343 1761 623 1833 Apostolos
650 1759 836 1814 habent
865 1769 1132 1827 auctores3
1161 1778 1264 1812 non
1290 1769 1463 1812 tamen
1490 1778 1742 1832 peraeque
1770 1760 1828 1813 de
1857 1759 1969 1812 aliis
1984 1759 2210 1832 Aposto-

343 1849 454 1902 licis
482 1849 682 1902 sedibus
711 1866 770 1900 ac
797 1848 857 1900 de
886 1846 1121 1901 Romana
1162 1847 1464 1901 censendum
1505 1857 1613 1913 est,
1656 1847 1990 1920 specialisque
2030 1849 2088 1901 de
2115 1847 2209 1900 hac

345 1936 476 1990 ratio
503 1936 732 1990 habenda
751 1976 764 2001 ‚
792 1935 863 1989 ita
888 1945 943 1988 ut
970 1935 1033 1988 ad
1058 1934 1490 2007 Apostilicitatem
1531 1934 1643 1988 fidei
1683 1944 1791 1988 tuto
1830 1936 2208 2007 praestandam,

344 2025 511 2078 unitas
539 2024 652 2078 fidei
679 2041 788 2076 cum
815 2023 910 2078 hac
937 2024 1004 2076 sit
1029 2023 1230 2095 penitus
1258 2023 1583 2088 necessaria,
1611 2032 1666 2074 ut
1692 2023 1937 2076 hactenus
1965 2022 2097 2075 dicta
2125 2023 2210 2075 de·

346 2122 660 2166 monstrasse
686 2110 939 2165 videntur.
1019 2107 1306 2177 Quoiorte
1341 2109 1621 2183 respiciens
1658 2107 1900 2164 Claudius
1938 2107 2132 2182 Fleury
2158 2109 2209 2160 in

345 2201 686 2274 disputatione
705 2240 718 2265 ⁷
765 2217 913 2269 quam
951 2197 1194 2272 praefixit
1220 2216 1318 2252 sex
1345 2198 1570 2271 priorum
1608 2197 1923 2252 saeculorum
1950 2195 2210 2260 historiae,
2259 2230 2263 2234 -

346 2289 549 2362 scripsit
575 2308 712 2341 num.
745 2289 830 2340 1⁶2.
884 2285 1170 2342 Ecclesiam
1207 2285 1582 2357 Apostolicam
1620 2288 1846 2358 aquosci
1874 2305 1981 2355 per
2009 2304 2212 2338 succes-

346 2383 548 2433 sionem
578 2379 982 2448 Episcoporum
1001 2379 1306 2446 praecipue
1335 2395 1519 2429 earum
1547 2377 1769 2436 sedium,
1797 2394 1930 2445 quas
1959 2371 2212 2442 Apostoli

347 2469 648 2519 immediate
675 2469 1021 2518 instituerant
1059 2483 1159 2516 nec
1194 2484 1303 2515 non
1336 2483 1443 2534 per
1482 2466 1732 2514 unionem
1769 2481 1888 2515 cum
1937 2462 2214 2514 Cathedra

354 2557 408 2608 S.
441 2555 626 2615 Petri,
653 2572 791 2622 quae
820 2560 900 2605 est
923 2559 1167 2605 centrum
1192 2554 1416 2604 unitatis
1455 2549 1774 2602 catholicae.

493 2641 583 2694 45.
662 2638 764 2694 Sed
791 2650 846 2692 ut
873 2641 934 2692 ad
960 2638 1304 2712 Augustinum
1331 2638 1535 2692 redeam
1553 2677 1567 2702 ‚
1607 2636 1651 2689 is
1678 2635 1924 2688 unitatem
1962 2654 2072 2688 cum
2100 2634 2210 2687 Ro-

346 2727 545 2785 manae
570 2727 703 2783 sedis
731 2726 1065 2782 Pontificibus
1105 2726 1236 2781 tanti
1272 2727 1421 2792 fecit,
1461 2734 1516 2778 ut
1554 2743 1656 2778 non
1683 2734 1787 2777 tam
1815 2722 2103 2777 schismatis
2133 2743 2212 2777 re-

346 2818 670 2892 prehenderit
696 2814 1029 2881 D011atistaS‚
1058 2816 1143 2886 qui
1172 2816 1234 2868 ab
1263 2833 1325 2868 ea
1364 2812 1710 2879 desciverant,
1751 2831 1928 2867 verum
1965 2811 2118 2865 etiam
2157 2830 2212 2865 se

352 2941 444 2992 ejus
476 2952 565 2982 non
598 2939 865 2988 transibunt,
901 2937 976 2988 (μα’
1009 2938 1152 2978 dixit.-
1195 2934 1263 2977 Tu
1296 2949 1341 2976 es
1373 2935 1530 2976 Petrus
1563 2937 1603 2975 et
1623 2944 1767 2985 ..super
1798 2932 1910 2974 hanc
1939 2935 2106 2983 petram
2143 2944 2211 2971 ae—

350 3000 534 3048 dificabo
558 3000 796 3042 Ecclesiam
829 3010 986 3044 meam,
1021 3001 1062 3037 et
1078 2999 1233 3047 portae
1249 2996 1488 3046 inferinon
1521 2993 1831 3045 praevalebant
1862 2991 2068 3032 adversus
2102 3003 2209 3034 eam.

345 3066 391 3105 In
426 3063 506 3104 hoc
540 3062 834 3107 fundamento,
869 3058 979 3111 quod
1011 3057 1205 3098 Christus
1238 3067 1339 3095 suae
1370 3054 1592 3095 Ecclesiae
1625 3053 1790 3104 posuit,
1835 3055 1876 3091 et
1922 3052 1964 3091 in
2009 3051 2090 3092 hoc
2121 3053 2212 3091 uni-

347 3125 452 3166 tatis
485 3123 723 3164 catholicae
757 3123 905 3160 centro
938 3118 1058 3158 stetit
1090 3127 1254 3168 semper
1285 3115 1500 3166 stabitque
1542 3113 1777 3154 catholicae
1819 3112 2044 3153 Ecclesiae
2084 3112 2212 3153 fides:

348 3191 390 3227 et
426 3186 478 3225 ob
510 3184 621 3224 hanc
652 3182 856 3222 unitatem
890 3181 933 3220 in
951 3179 1140 3219 Romana
1156 3176 1418 3229 potissimum
1451 3174 1686 3215 traditione
1717 3186 1768 3213 ac
1800 3172 1884 3212 fide
1917 3185 2081 3226 semper
2113 3185 2213 3214 con-

347 3250 520 3286 servata
552 3249 618 3285 est
650 3243 818 3283 illibata
850 3241 984 3281 totius
1015 3237 1237 3280 Ecclesiae
1267 3236 1372 3277 fides
1404 3239 1448 3275 et
1478 3235 1722 3287 Apostolica
1753 3234 1945 3282 traditio,
1979 3237 2025 3274 ut
2059 3244 2108 3274 ex
2125 3234 2201 3274 Ire-

350 3319 457 3348 naeo
492 3305 748 3358 accepimus.
782 3302 879 3343 Non
911 3302 974 3341 ita
1006 3300 1257 3341 conservata
1290 3298 1332 3338 in
1363 3297 1461 3336 aliis
1491 3295 1748 3347 Apostolicis
1781 3295 1819 3334 el
1853 3293 2213 3335 Patriarchalibus

349 3366 521 3407 sedibus
540 3396 550 3414 ‚
585 3378 690 3417 quae
716 3365 805 3415 jam
837 3362 1083 3402 defecerunt
1115 3367 1154 3400 a·
1173 3357 1278 3399 fide:
1313 3357 1422 3398 unde
1460 3356 1616 3397 Christi
1650 3356 1870 3408 promissio
1904 3366 1986 3394 non
2017 3356 2078 3395 ita
2108 3355 2211 3395 alias

349 3429 409 3468 uti
432 3428 662 3467 Romanam
696 3425 897 3476 respicit3
931 3427 975 3463 et
1007 3425 1185 3463 eatenus
1215 3418 1362 3460 eadem
1395 3417 1615 3470 promissio
1640 3416 1694 3456 ad
1712 3416 1960 3457 catholicam
1977 3415 2211 3456 Ecclesiam

345 3489 554 3540 refertur,
590 3488 797 3537 quatenus
828 3485 933 3524 haec
965 3492 1130 3536 semper
1161 3481 1205 3520 in
1235 3481 1401 3520 unitate
1435 3478 1533 3518 fidei
1567 3478 1795 3524 Romanae,
1827 3488 1901 3517 seu
1934 3475 1976 3515 in
2009 3476 2090 3516 hoc
2122 3474 2211 3515 fun-

349 3550 551 3591 damento
587 3559 637 3587 ac
671 3548 815 3586 centro
852 3547 969 3586 stetit
1003 3557 1054 3585 ac
1085 3540 1232 3587 stabit.
