2314 3984
706 283 877 302 -.--
962 250 1105 309 207·
1185 283 1351 294 ---

129 423 639 491 nanuum-ceptus
661 406 855 489 qnoque
879 419 969 472 fuit
992 418 1253 475 Maximus
1288 416 1666 482 Antiochenm3
1694 416 1821 486 quia
1846 417 1944 471 sci-

127 509 240 564 licet
262 505 322 561 S.
348 505 459 561 Leo
483 522 616 569 enni,
641 505 842 559 tametsi
868 523 897 557 a
923 501 1174 558 Dioscoro
1196 503 1479 559 ordinatum
1504 510 1693 557 contr&
1705 518 1942 566 canones,

131 603 242 667 post
274 602 441 648 rectae
474 589 587 645 fidei
621 589 967 661 probationem
990 589 1056 646 „in
1081 588 1663 654 suansfcommunionem-
1677 584 1943 660 recipiens,

127 668 477 752 Elfiseopatum
503 678 607 747 ejus
633 677 1027 747 approbaverat,
1043 684 1107 733 -ut
1130 674 1287 744 liquet
1313 692 1392 728 ex.
1406 673 1710 727 testimoniis
1733 674 1940 728 insertis

129 773 235 820 set⁴
259 765 342 819 100
371 762 572 819 Confer
597 771 799 816 nostras
825 761 1223 817 Observationes
1250 761 1302 814 in
1327 759 1732 814 dissertationem
1756 778 1943 813 nonam

129 847 386 917 Quesnelli
411 849 582 905 eodem
608 849 824 902 secundo
849 858 988 902 tomo
1009 846 1321 918 impressam.
1372 846 1505 900 Hinc
1531 856 1695 899 autem
1719 846 1943 918 Aposto-

131 936 254 990 licae
279 935 410 994 sedis
436 933 712 991 commmiio
738 943 790 988 ct
825 932 989 987 unitas
1026 931 1138 985 fidei
1177 950 1285 985 cum
1327 933 1499 986 eadem
1526 932 1579 985 in
1606 930 1944 987 Orientalibus

130 1039 321 1091 quoque
347 1019 608 1092 Episcopis
630 1018 784 1074 otiam
800 1014 1226 1071 patriarchalium
1252 1018 1449 1072 sedium
1467 1017 1784 1081 neccssaria,
1811 1017 1945 1070 suffi-

130 1107 275 1162 ciens.
294 1106 516 1176 judicata
549 1114 628 1160 est
653 1104 722 1157 ab
759 1103 1074 1158 oecumenico
1112 1101 1324 1157 Patrum
1361 1112 1719 1156 sexcentorum
1755 1113 1806 1156 et
1838 1105 1945 1156 fere

129 1188 436 1247 Graecorum
461 1189 669 1245 coneilio
683 1229 698 1255 ‚
737 1200 791 1244 ut
816 1189 897 1260 qui
924 1207 985 1243 ca
1010 1190 1287 1260 gauderent
1302 1228 1317 1254 ‚
1356 1185 1673 1242 haberentur⁴
1697 1187 1943 1251 catholici,

130 1286 179 1329 et
202 1276 334 1331 inter
359 1276 626 1332 catholicos
665 1276 881 1347 ejusdem
915 1275 1110 1329 concilii
1146 1274 1332 1329 Patres
1368 1275 1554 1344 absque
1592 1274 1688 1327 ulla
1722 1273 1819 1326 alia
1846 1273 1945 1325 dis-

129 1362 359 1417 cussione
382 1362 739 1434 reciperentur.
773 1400 795 1409 ..

273 1447 360 1500 81.
413 1448 494 1498 Ab
521 1448 597 1499 his
624 1465 723 1498 non
748 1447 1025 1517 disjungam
1051 1447 1388 1500 testimonium
1414 1446 1741 1499 vetustissimi
1765 1443 1946 1499 Sacra-

132 1532 363 1584 mentarii
389 1531 650 1585 Romanae
674 1530 950 1596 Ecclesiae,
978 1533 1104 1602 quod
1130 1550 1158 1584 e
1182 1533 1518 1602 manuscripto
1544 1541 1830 1603 pervetusto
1846 1529 1946 1584 Ca-

130 1617 269 1688 pituli
295 1616 608 1671 Veronensis
635 1618 815 1670 editum
843 1637 872 1670 a
896 1616 1195 1689 P..10seph0
1222 1617 1535 1681 Blanchinio,
1562 1627 1612 1670 et
1637 1617 1748 1670 dein
1776 1636 1804 1669 a
1830 1615 1944 1667 Mu-

131 1702 317 1754 ratorio
343 1721 594 1766 recusum,
622 1703 893 1755 novissime
922 1721 951 1755 a
976 1703 1119 1755 nobis
1145 1704 1386 1755 insertum
1411 1704 1532 1767 fuit,
1573 1712 1622 1756 et
1648 1702 1813 1755 multis
1837 1702 1945 1754 illu-

130 1797 338 1840 stratum
366 1797 499 1840 tomo
527 1788 577 1840 2.
607 1787 836 1840 editionis
863 1785 919 1840 S.
946 1785 1166 1852 Leonis,
1193 1799 1460 1859 propterea
1485 1789 1612 1857 quod
1636 1786 1801 1840 Leoni
1831 1786 1946 1840 Ma-

128 1890 226 1942 gno
253 1872 303 1924 in
331 1882 479 1925 antea
502 1873 721 1943 vulgatis
748 1873 1065 1944 adscriptum,
1092 1891 1193 1926 non
1218 1891 1372 1944 pauca
1393 1873 1630 1936 continet,
1659 1891 1784 1942 quae
1811 1891 1945 1925 euni-

129 1958 236 2011 dem
258 1956 553 2012 Pontificem
582 1959 764 2012 habent
789 1969 1060 2012 auctorem.
1112 1958 1251 2012 Haec
1277 1970 1412 2012 certe
1445 1978 1553 2012 cum
1579 1957 1756 2012 Leone
1782 1959 1946 2011 conci-

132 2043 299 2096 nentia
318 2043 370 2096 in
390 2062 590 2115 scopum
610 2044 814 2097 unitatis
833 2045 940 2096 fidei
961 2046 1192 2115 leguntur
1203 2044 1255 2096 in
1269 2045 1578 2116 praefatione
1589 2043 1783 2097 Missae
1796 2042 1943 2097 XIV.

132 2128 226 2180 diei
250 2129 430 2181 natalis
455 2129 815 2200 Apostolorum
840 2127 982 2181 Petri
1016 2140 1066 2182 et
1090 2129 1264 2180 Pauli:
1310 2132 1416 2189 Qua·
1441 2129 1637 2200 (Deus)
1664 2133 1947 2182 secundum

128 2218 496 2281 promissionis
521 2221 644 2266 tacw
671 2215 974 2266 inviolabile
1000 2219 1337 2268 constitutum
1364 2215 1706 2283 Apostolicae
1744 2220 1947 2283 confes·

133 2302 272 2350 sioni
295 2318 526 2367 superna
551 2302 859 2368 ‹liquatione
886 2302 1133 2369 laryiris,
1159 2309 1216 2352 at
1241 2304 1295 2352 in
1323 2305 1558 2353 veritatis
1597 2309 1718 2353 tuae
1750 2303 1947 2368 fvmda·

135 2388 268 2435 mine
293 2386 557 2437 solidatae
583 2386 732 2437 nulla
756 2390 1069 2454 mortiferae
1089 2389 1351 2455 falsitatis
1361 2393 1498 2458 jetra
1505 2389 1886 2455 praevaleant.
1905 2426 1944 2438 ..

134 2473 354 2537 ipsaque
379 2473 448 2521 sit
472 2474 617 2521 sacri
638 2475 885 2538 corporis
910 2473 1100 2541 ubique
1126 2491 1252 2524 vcra
1277 2492 1559 2541 compago,
1586 2493 1722 2542 quae
1758 2481 1806 2524 te
1846 2476 1945 2527 dis·

126 2562 386 2620 pensante
425 2556 614 2607 devota
655 2557 988 2624 subsequitur
1035 2560 1296 2627 quidquid
1346 2559 1495 2610 sedes
1534 2560 1631 2610 illa
1669 2563 1948 2619 censuerit,

135 2657 288 2705 quam
312 2646 490 2691 tenere
515 2643 729 2694 voluisti
762 2645 920 2694 totius
970 2644 1245 2697 Ecclesiae
1275 2647 1658 2712 principat-am.
1711 2642 1950 2697 Notanda

136 2723 428 2791 praesertim
452 2725 606 2776 verba
642 2724 712 2776 Te
738 2727 1100 2792 dispensante,
1127 2728 1255 2780 idest
1278 2729 1589 2793 instituente,
1616 2734 1803 2782 devota
1832 2734 1946 2783 sub-

134 2811 370 2875 sequitur
417 2809 678 2875 quidquid
720 2810 869 2861 sedes
909 2812 1006 2861 illa
1049 2816 1339 2864 censuerit:
1388 2831 1516 2880 quae
1551 2814 1762 2883 repetita
1797 2815 1945 2866 ctiam

135 2891 184 2942 in
230 2891 538 2962 praefatione
587 2889 781 2946 Missae
815 2891 966 2944 XIX.
1018 2912 1119 2946 non
1172 2897 1230 2947 ad
1278 2914 1426 2948 unam
1470 2895 1615 2950 Petri
1672 2899 1945 2951 confessio-

137 2994 264 3039 nem,
291 2977 377 3029 sed
403 2977 461 3028 ad
488 2995 680 3030 omnem
697 2976 956 3031 Romanae
982 2980 1113 3032 sedis
1140 2981 1413 3034 doctrinam
1441 2992 1587 3051 atque
1612 2983 1944 3037 definitionem

135 3060 244 3114 fidei
270 3061 440 3131 procul
466 3061 609 3114 dubio
636 3063 989 3116 extenduntur.
1041 3062 1230 3119 Similis
1257 3067 1504 3120 sententia
1530 3069 1769 3121 inseritur
1794 3071 1944 3123 etiam

136 3143 187 3194 in
212 3145 517 3214 praefatione
539 3144 732 3200 Missae
751 3146 880 3200 XX.
908 3149 959 3201 in
986 3169 1082 3219 qua
1108 3153 1276 3204 eadem
1303 3152 1509 3205 unitatis
1535 3153 1644 3208 fidei
1670 3155 1944 3208 necessitas

135 3227 302 3280 verbis
327 3228 575 3283 innuitur:
623 3234 727 3292 Qua·
749 3241 809 3286 ut
833 3236 971 3288 hanc
996 3239 1170 3288 sedem
1206 3243 1437 3306 reyimea
1478 3239 1751 3292 Ecclesiae
1785 3243 1943 3294 totius

137 3316 405 3381 efficeres,
448 3322 499 3366 ut
531 3319 675 3385 quod
710 3319 842 3372 haec
860 3324 1257 3389 praedicasset,
1295 3325 1598 3376 ostenderes
1623 3325 1812 3394 ubique
1837 3345 1942 3379 ser-

135 3401 372 3450 vandum.
423 3395 687 3454 Romanae
710 3402 819 3457 fidoi
845 3409 1098 3467 eruditio,
1125 3424 1251 3475 quae
1277 3425 1308 3458 a
1332 3404 1431 3459 SS.
1458 3407 1814 3479 Apostolorum
1842 3409 1943 3464 Pe-

135 3481 203 3532 tri
225 3491 275 3535 et
301 3481 445 3535 Pauli
471 3484 839 3554 praedicatione
863 3491 1110 3555 manavit,
1147 3496 1284 3544 sicut
1309 3511 1415 3561 per
1453 3512 1540 3547 eos
1577 3496 1642 3548 ab
1669 3499 1787 3563 ipsa
1813 3500 1940 3548 veri-
