2320 3990
359 334 739 403 aequalitatem
776 335 916 384 inter
950 332 1008 383 S.
1042 332 1266 383 Petrum
1306 339 1358 386 et
1387 334 1446 390 S..
1478 334 1714 388 Paulam
1750 339 1864 389 sine
1901 338 2217 390 subordina-

358 426 503 475 tione
540 428 592 474 et
628 420 952 492 subjectione
986 419 1044 471 S.
1077 419 1247 471 Pauli
1282 421 1359 471 ad
1387 421 1446 472 S.
1477 421 1707 476 Petrum
1743 427 1799 477 in
1828 432 2102 495 potestate
2137 446 2216 478 su-

351 530 546 580 prema
574 515 626 561 et
649 509 908 578 regimine
938 509 1259 560 universalis
1289 508 1590 561 Ecclesiae.
1642 507 1754 565 Hoc
1780 509 2106 565 Pontificium
2133 512 2218 566 de-

309 667 312 669 ,
359 608 550 652 cretum
594 596 870 649 haereseos
916 604 1090 647 notam
1137 594 1373 667 infligens
1416 605 1730 652 memoratae
1772 599 2109 673 propositioni
2155 618 2215 654 eo

358 703 514 739 sensu
551 685 865 757 explicatae,
904 692 955 736 et
989 682 1171 737 libellis
1206 683 1261 736 in
1287 682 1455 738 Gallia
1493 684 1695 758 scriptis
1732 699 2106 760 propugnatae,
2142 689 2215 740 uti

357 773 562 828 omnino
591 772 949 844 aequissimum
975 769 1242 825 Gallicana
1269 771 1490 845 suscepit
1514 770 1748 826 Ecclesia
1765 813 1780 840 ,
1808 777 2216 845 quemadmodum

358 872 559 917 constat
596 879 667 915 ex
706 860 890 915 litteris
927 859 1191 932 octoginta
1218 860 1435 932 quinque
1461 859 1830 935 Episcoporum
1856 861 2055 926 Galliae
2083 883 2216 918 anno

362 949 520 1004 1653.
550 949 680 1003 datis
708 950 771 1003 ad
790 949 1015 1004 eumdem
1031 947 1334 1003 Pontificem
1361 948 1728 1018 Innocentium,
1758 951 1936 1023 quibus
1962 952 2217 1006 laudatum

358 1039 613 1092 decretum
658 1037 990 1111 respicientes
1035 1037 1363 1092 inseruerunt
1415 1039 1539 1093 haec
1586 1041 1760 1095 verba.
1842 1043 2095 1111 Est-perta
2142 1048 2220 1093 est

357 1147 528 1197 nuper
556 1126 858 1180 Beatitmlo
888 1134 1082 1189 vestra,
1110 1135 1364 1198 quantum
1392 1126 1743 1199 Apostolieae
1770 1131 1912 1182 sedis
1939 1132 1994 1182 in
2018 1131 2220 1198 yemirzi

357 1219 552 1287 capitis
593 1235 782 1269 errore
818 1218 1172 1288 profligando
1200 1218 1435 1270 valuerit
1460 1221 1776 1271 auctoritas.
1833 1218 2101 1270 Continuo
2141 1236 2215 1269 se-

357 1308 487 1359 data
515 1311 595 1358 est
619 1311 922 1373 tempestas,
950 1312 1109 1374 atque
1137 1307 1214 1357 ad
1240 1306 1446 1359 Christi
1470 1326 1650 1361 vocem
1676 1309 1821 1359 venti
1847 1312 1899 1359 et
1922 1324 2072 1357 mare
2100 1305 2215 1358 obe-

356 1396 588 1446 dierunt.
641 1389 724 1444 Ea
749 1391 1122 1464 proscriptione
1150 1401 1350 1444 cautum
1385 1393 1479 1445 suit
1505 1394 1565 1446 de
1602 1393 1846 1465 peculiari
1862 1392 2216 1464 jurisdictione

356 1480 561 1554 propria
587 1479 858 1553 primatus,
901 1479 984 1550 qui
1011 1499 1121 1533 cum
1149 1477 1297 1532 unius
1325 1477 1394 1532 S..
1411 1478 1561 1534 Petri
1597 1499 1849 1553 personae
1888 1490 2215 1552 competeret,

357 1566 581 1642 (Confer
616 1568 824 1623 dicenda
851 1586 959 1639 cap.
992 1567 1078 1621 12.
1108 1586 1159 1620 n.
1190 1566 1311 1639 53.)
1350 1567 1423 1620 ita
1450 1572 1807 1622 omnimoda-m
1835 1572 2216 1639 aequalitatem

358 1658 657 1711 excludebat
682 1657 818 1709 inter
844 1654 1065 1708 Sanetos
1093 1655 1308 1709 Petrum
1346 1666 1396 1709 et
1424 1655 1670 1723 Paulum,
1713 1667 1769 1709 ut
1794 1654 1852 1710 S.
1881 1655 2073 1710 Paulus
2102 1657 2215 1710 aliis

356 1747 472 1800 licet
511 1744 795 1799 nominibus
840 1741 1177 1815 Apostolatus
1213 1742 1269 1797 S.
1299 1742 1460 1798 Petro
1500 1744 1755 1814 aequaliS,
1792 1744 1891 1817 ipsi
1922 1755 2093 1798 tamen
2133 1764 2216 1797 ra-

355 1836 494 1889 tione
520 1833 764 1907 primatus
792 1833 1176 1886 subordinatas
1217 1841 1269 1886 et
1293 1835 1556 1907 subjectas
1597 1832 1753 1887 fuisse
1788 1833 2026 1887 dicendus
2067 1833 2134 1886 sit
2160 1838 2215 1886 in

352 1930 620 1993 potestate
648 1941 899 1991 suprema
927 1929 979 1973 et
1004 1925 1058 1974 in
1084 1926 1343 1991 reye'mine
1371 1924 1692 1975 metversalis
1720 1923 2019 1976 Ecclesiae.
2072 1920 2217 1975 Haec

358 2010 719 2083 praerogativa
745 2007 802 2062 S.
831 2007 1006 2075 Petri,
1048 2029 1176 2080 quae
1212 2029 1315 2063 non
1351 2010 1619 2082 primatum
1644 2011 1773 2064 meri
1800 2010 1992 2064 ordinis
2026 2010 2079 2062 in
2105 2009 2214 2082 ipso

359 2098 603 2164 adstruit,
633 2098 722 2152 sed
747 2098 1016 2170 primatum
1043 2098 1279 2170 propriae
1308 2108 1358 2152 et
1383 2098 1660 2170 peculiaris
1680 2098 2049 2170 jurisdictionis
2077 2098 2216 2151 dein-

356 2205 472 2259 ceps
500 2185 860 2258 explicandae,
899 2185 977 2238 cui
1005 2184 1157 2237 etiam
1183 2182 1241 2237 S.
1271 2183 1464 2238 Paulus
1492 2186 1723 2252 suberat,
1752 2186 2020 2256 primatum
2045 2186 2217 2256 utique

355 2274 623 2347 peculiaris
642 2274 773 2346 juris
801 2271 857 2327 S.
889 2272 1038 2327 Petri
1063 2274 1384 2346 personalem
1422 2274 1708 2339 constituit,
1748 2293 1892 2344 quem
1920 2274 2032 2346 ipsa
2058 2272 2217 2327 Galli-

355 2381 484 2415 cana
520 2359 758 2416 Ecclesia
794 2362 1074 2435 profitetur.
1136 2361 1270 2415 Hinc
1308 2362 1505 2432 quldem
1543 2361 1733 2416 Petrus
1771 2363 1830 2415 de
1866 2361 2049 2415 Marca
2082 2362 2216 2415 inter

357 2449 650 2504 Gallicanos
677 2451 891 2504 maximi
917 2450 1136 2505 nominis
1164 2450 1340 2503 eodem
1368 2469 1500 2503 anno
1533 2450 1692 2506 1647.
1709 2491 1721 2515 ,
1751 2469 1847 2520 quo
1876 2449 2008 2502 dicta
2034 2469 2216 2522 propo-

357 2538 474 2592 sitio
503 2539 740 2591 damnata
765 2538 884 2605 fuit,
913 2539 1078 2611 paullo
1109 2547 1227 2592 ante
1254 2538 1724 2592 condemnationem
1751 2558 1812 2593 ea
1839 2557 1989 2610 super
2014 2557 2071 2591 re
2099 2557 2216 2591 sen-

357 2627 569 2681 tentiam
596 2637 825 2699 rogatus,
853 2627 1280 2682 exercitationem
1307 2627 1591 2682 lucubravit
1615 2628 1704 2680 De
1732 2630 2001 2698 sinyaluri
2032 2629 2090 2680 S.
2116 2629 2216 2680 Pe·

357 2719 431 2768 tri
454 2719 720 2786 primata,
759 2716 844 2769 uhi
862 2716 1269 2788 jurisdictionem
1307 2717 1552 2789 primatus
1578 2716 1862 2790 propriam,
1909 2715 2039 2769 sicut
2066 2726 2115 2769 et
2141 2715 2217 2788 ip-

357 2822 466 2856 sum
506 2803 774 2876 primatum
809 2804 904 2857 soli
931 2803 988 2857 S.
1018 2803 1179 2858 Petro
1216 2815 1609 2878 competentem,
1645 2814 1696 2858 et
1728 2805 2052 2877 personalem
2090 2804 2214 2856 adeo

357 2901 495 2945 certo
523 2892 842 2964 pronuntiat,
883 2903 938 2945 ut
974 2892 1371 2966 propositionem
1398 2935 1411 2960 ,
1441 2912 1569 2966 quae
1596 2895 1954 2946 omnimodam
1980 2894 2216 2961 aequali·

356 2988 520 3037 tatem
563 2981 700 3034 nulla
744 2980 988 3053 primatus
1029 2981 1335 3053 exceptione
1373 2982 1508 3034 inter
1536 2978 1635 3033 SS.
1665 2978 1878 3032 Petrum
1916 2989 1967 3032 et
1999 2977 2213 3031 Paulum

361 3068 670 3135 adstruebat,
697 3069 960 3123 traditioni
986 3088 1044 3123 ae
1071 3068 1240 3124 divino
1259 3068 1366 3141 juri
1392 3067 1701 3123 contrariam
1730 3067 1962 3120 affirmet.
1997 3065 2215 3139 Idipsum

358 3157 636 3229 probarunt
675 3158 759 3211 alii
794 3159 964 3232 plures
1002 3155 1256 3211 Gallicani
1282 3154 1604 3230 ScriptoreS,
1642 3174 1768 3227 quos
1803 3155 2029 3209 indicare
2065 3154 2214 3209 nimis

358 3255 496 3299 esset
521 3265 804 3317 operosum.

504 3332 556 3387 3.
601 3332 849 3389 Omittere
892 3346 1064 3390 tamen
1105 3352 1300 3405 nequeo
1345 3331 1683 3388 Paschasium
1729 3328 2083 3400 Quesnellmn,
2129 3331 2212 3400 qui

358 3419 639 3474 Gallicanis
667 3422 973 3478 adversariis
1001 3432 1262 3497 suspectus
1290 3440 1404 3475 esse
1430 3440 1532 3474 non
1558 3430 1742 3494 potest.
1798 3419 1931 3472 Rem
1959 3437 2211 3490 exponam

358 3528 429 3562 ex
457 3512 564 3583 ejus
591 3510 757 3566 libello
787 3512 897 3566 sine
924 3512 1020 3567 loci
1046 3511 1310 3567 notatione
1336 3509 1468 3564 edito
1497 3528 1631 3563 anno
1661 3507 1820 3564 1705.
1852 3526 1961 3562 cum
1989 3507 2081 3560 hac
2110 3506 2214 3578 epi-
