2314 3984
695 261 1345 321 ——353—

117 431 485 506 quaestionibus
505 448 599 502 per
614 446 685 484 se
703 431 952 485 sufficiens
979 431 1184 486 dicenda
1218 440 1299 484 est
1333 430 1395 483 ad
1429 428 1798 484 custodiendam
1822 431 1932 482 uni-

116 529 269 573 tatem
291 517 401 572 fidei
417 557 432 583 ,
458 517 520 570 oh
547 535 691 587 quam
719 536 748 569 a
774 515 979 571 Christo
1004 517 1261 583 instituta,
1300 526 1352 571 et
1374 517 1554 570 idonea
1587 534 1646 570 ac
1670 515 1932 570 sufficienti

115 605 166 659 vi
187 603 411 677 praedita
441 603 561 670 fuit3
602 622 848 658 consensu
872 602 1132 658 Ecclesiae
1156 621 1258 656 non
1282 604 1428 657 debet
1451 602 1694 674 indigere.
1745 600 1931 656 Dicere

115 709 224 744 cum
259 690 560 745 adversariis
612 692 958 744 auctoritatem
994 689 1235 762 primatus
1275 708 1364 762 per
1401 707 1456 742 se
1491 689 1816 743 sufficientem
1832 728 1847 754 ,
1884 688 1930 742 si

115 774 369 829 Ecclesiae
394 777 598 830 accedat
624 795 879 842 assensus,
905 777 1035 830 idem
1055 785 1131 829 est
1152 795 1209 829 ac
1229 793 1420 847 negare
1439 794 1548 828 eam
1567 794 1656 848 per
1681 793 1737 829 se
1763 785 1928 847 aptam

114 881 172 915 ac
197 862 519 916 sufficientem
542 862 594 915 in
619 863 793 929 finem,
830 873 1034 935 propter
1059 881 1203 931 quem
1226 863 1342 916 talis
1369 862 1642 915 auctoritas
1668 881 1698 915 a
1723 859 1928 916 Christo

111 949 341 1001 instituta
367 950 428 1001 ab
453 949 574 1021 ipsis
601 950 902 1004 adversariis
929 948 1232 1002 conceditur.
1270 947 1371 1002 Vel
1396 967 1518 1019 ergo
1544 949 1825 1020 negandum
1851 956 1930 1002 est

110 1035 371 1105 primatum
405 1036 684 1088 institutum
716 1037 870 1090 fuisse
903 1037 965 1088 oh
1004 1035 1395 1089 conservandam
1431 1035 1484 1086 in
1508 1033 1738 1087 Ecclesia
1762 1034 1929 1087 unita-

110 1121 540 1192 tem'potissimum
562 1121 701 1174 fideiz
737 1123 844 1188 vel,
882 1122 926 1174 si
963 1122 1055 1174 hoc
1088 1139 1280 1192 negare
1314 1130 1456 1175 vetat
1480 1119 1691 1173 Patrum
1722 1120 1926 1173 traditio

111 1217 161 1260 et
184 1205 440 1260 Ecclesiae
465 1208 708 1274 doct-rina,
734 1216 878 1278 quam
899 1217 948 1261 et
966 1208 1244 1262 adversarii
1263 1207 1650 1278 amplectunturt,
1676 1206 1927 1259 fatendum

110 1295 329 1364 profecto
369 1303 447 1346 est
484 1295 704 1347 eumdem
739 1295 1004 1366 primatum
1039 1294 1194 1346 fuisse
1229 1293 1525 1346 instructum
1559 1291 1858 1345 auctoritate
1869 1291 1926 1359 *)

110 1398 199 1450 per
225 1398 279 1431 se
306 1379 565 1432 sufficienti
599 1390 649 1433 et
672 1380 851 1432 idonea
876 1380 937 1431 ad
971 1379 1271 1450 exigendam
1308 1389 1358 1432 et
1396 1379 1789 1463 conservandam
1814 1377 1926 1430 fidei

111 1466 378 1530 unitatem,
415 1475 469 1516 ut
502 1484 566 1519 ne
602 1475 748 1536 egeat
785 1465 1062 1537 praesidi0,
1097 1484 1186 1519 seu
1212 1465 1501 1519 accessione
1527 1483 1800 1519 consensus
1825 1462 1927 1517 Ec-

111 1552 307 1605 clesiae.

252 1637 392 1691 Haec
417 1638 607 1707 quidem
633 1639 847 1692 conditio
874 1638 934 1691 ab
961 1638 1264 1692 adversariis
1290 1637 1534 1708 requisita
1551 1655 1732 1692 novum
1750 1637 1927 1690 inven-

110 1735 212 1776 tum
239 1734 332 1788 est,
360 1725 487 1793 quod
511 1724 764 1794 ignoravit
792 1724 1062 1794 antiquitas
1090 1723 1302 1796 (ep.26.
1330 1725 1463 1778 inter
1486 1722 1700 1794 Leon.).
1730 1722 1788 1776 S.
1807 1722 1851 1775 F
1855 1724 1925 1775 la·

109 1810 285 1862 vianus
310 1809 586 1881 Episcopus
613 1809 720 1863 GP.
748 1812 820 1864 ita
844 1830 933 1883 per
959 1830 1014 1864 se
1040 1811 1363 1864 sufficientem
1400 1810 1568 1862 hahuit
1593 1809 1926 1862 definitionem

110 1894 167 1948 S.
194 1894 413 1960 Leonis⁷
450 1914 595 1965 quam
633 1898 831 1968 petebat
868 1908 1043 1950 contra
1068 1916 1268 1951 errores
1294 1896 1541 1969 Eutychis
1558 1936 1570 1960 ,
1610 1906 1666 1947 ut
1690 1914 1790 1947 non
1817 1914 1926 1948 cre-

111 1983 250 2034 deret
283 2001 404 2053 opus
441 1983 634 2035 concilii
672 1985 923 2054 generalis
962 1985 1227 2056 praesidi0.
1285 1983 1419 2037 Idem
1459 1982 1652 2036 censuit
1692 1982 1839 2035 etiam
1866 1980 1922 2034 S.

111 2065 237 2131 Len,
265 2086 373 2119 cum
400 2070 744 2122 convocationi
770 2071 1021 2141 generalis
1048 2070 1245 2123 concilii
1271 2088 1326 2122 se
1354 2089 1408 2123 se
1434 2069 1678 2140 opposuit.
1732 2066 1922 2135 Quodsi

111 2152 221 2204 huic
262 2155 610 2224 congregando
648 2166 823 2227 postea
862 2157 1106 2221 assensit,
1146 2175 1246 2208 non
1285 2156 1466 2209 idcirco
1496 2155 1740 2218 assensit,
1782 2154 1926 2223 quasi

111 2249 308 2309 putaret
341 2240 441 2292 vim
475 2259 563 2311 per
598 2260 651 2294 se
686 2242 1005 2295 sufficientem
1032 2243 1092 2294 ad
1126 2243 1437 2313 obligandum
1463 2242 1636 2294 deesse
1662 2259 1782 2293 suae
1809 2241 1925 2292 defi-

112 2326 289 2377 nitioni
317 2325 453 2396 (Leo
480 2345 555 2397 ep.
581 2328 668 2380 82.
698 2346 740 2380 c.
773 2327 879 2399 1.),
919 2329 977 2381 de
1016 2347 1113 2398 qua
1149 2328 1201 2380 in
1236 2328 1445 2380 concilio
1483 2327 1827 2396 quaestionem
1864 2345 1923 2379 ac

110 2412 302 2463 dubium
328 2412 518 2465 moveri
543 2414 717 2478 noluit,
745 2415 830 2467 sed
857 2433 921 2468 ne
945 2414 1170 2468 obviaret
1188 2413 1440 2467 Marciani
1459 2413 1779 2485 Imperatoris
1807 2431 1925 2466 con-

31 2506 33 2508 ’
110 2497 218 2549 silio
235 2537 247 2560 ‚
275 2498 356 2565 qui
381 2498 591 2550 medium
618 2499 708 2551 hoc
731 2500 851 2552 utile
877 2518 935 2552 ac
959 2519 1085 2571 pene
1111 2500 1448 2554 necessarium
1474 2501 1678 2571 putabat
1716 2500 1777 2550 ad
1803 2517 1922 2551 con-

110 2583 367 2636 ciliandam
403 2584 642 2636 unitatem
681 2595 731 2638 et
765 2605 954 2657 pacem.
1007 2584 1198 2641 Summi
1223 2585 1496 2639 Pontifices
1537 2604 1644 2638 cum
1672 2604 1810 2637 suam
1836 2603 1924 2656 po-

111 2681 338 2723 testatem
364 2672 423 2722 ad
448 2670 653 2722 unitatis
685 2672 831 2723 finem
866 2672 1146 2724 institutam
1184 2673 1399 2738 scirent3
1440 2672 1608 2725 onmia
1644 2672 1805 2724 media
1830 2671 1923 2723 sihi

108 2757 345 2809 tentanda
383 2757 658 2821 duxerunt,
702 2758 887 2810 nullum
923 2759 1300 2829 negligendum,
1339 2768 1393 2809 ut
1418 2757 1700 2809 dubitantes
1736 2757 1818 2809 vel
1842 2775 1924 2809 re-

108 2853 385 2913 pugnantes
425 2844 485 2894 ad
518 2843 758 2896 imitatem
797 2844 1104 2898 adducendos
1131 2854 1392 2909 curarent3
1431 2861 1592 2912 neque
1619 2843 1680 2894 ob
1706 2842 1754 2894 id
1782 2860 1922 2894 suam

226 3088 265 3139 ‘)
298 3091 472 3133 Qantum
507 3091 568 3130 vel
600 3090 694 3130 olim
726 3090 867 3130 habita
896 3092 950 3132 sit
981 3104 1059 3144 per
1087 3105 1132 3133 se
1162 3091 1384 3143 sufficiens
1409 3089 1649 3141 Apostolica
1681 3088 1923 3133 auctoritas,

109 3147 395 3194 declararunt,
428 3150 690 3201 antiquisque
721 3151 916 3202 exemplis
949 3152 1240 3192 confirmarunt
1270 3151 1496 3191 Eutherius
1529 3148 1788 3198 Thyanensis
1820 3147 1923 3198 Epi—

108 3218 280 3258 scopus,
314 3211 355 3246 et
384 3208 599 3248 Helladius
629 3209 877 3249 Tharsensis
916 3212 959 3251 in
992 3213 1112 3263 epist.
1148 3210 1199 3250 ad
1231 3212 1407 3261 Xystum
1441 3210 1508 3248 ΙΙΙ.
1542 3207 1671 3259 (apud
1704 3208 1920 3247 Constant.

109 3268 228 3317 epist.
259 3266 302 3304 4.
335 3277 374 3306 n.
395 3266 440 3304 2.
472 3268 551 3306 col.
577 3267 730 3316 1246.)
765 3269 873 3309 Olim
902 3272 1111 3323 siquidem
1140 3271 1316 3320 saepius
1341 3268 1432 3316 jam
1463 3280 1514 3308 ex
1545 3266 1810 3307 Alexandria
1841 3266 1922 3305 hu·-

103 3322 288 3371 jusmodi
328 3324 550 3373 haereticis
588 3328 770 3367 zizaniis
805 3330 1127 3382 insurgentibus
1161 3330 1193 3368 S
1205 3327 1475 3369 UFFECIT
1497 3330 1640 3367 vestra
1661 3325 1922 3376 'Apostolica

108 3384 224 3423 sedes
253 3395 331 3434 per
360 3385 605 3424 universum
636 3389 799 3437 tempus
834 3390 940 3431 illud
972 3392 1026 3432 acl
1058 3389 1320 3430 mendacium
1354 3385 1687 3428 convincendum
1717 3384 1922 3436 impieta-

111 3445 270 3494 temque
299 3444 611 3494 reprimendam
642 3448 717 3487 etc.

167 3518 213 3554 P.
243 3519 393 3557 Baller.
429 3519 477 3556 de
508 3518 682 3555 Primatu
714 3523 790 3555 etc.
1464 3515 1534 3568 23
