2320 3990
734 263 1293 320 .„-„5.—.-

101 436 331 509 gionibus
357 443 461 488 tute
489 436 871 505 confugeretur:
907 433 951 485 si
977 431 1109 485 enim
1148 429 1292 484 sedes
1319 430 1425 501 ejus
1453 445 1583 500 vaga
1607 437 1745 483 esset
1771 437 1824 481 et
1848 446 1926 480 ιιι·

102 533 264 587 certa,
303 531 352 575 et
387 521 528 574 modo
557 522 674 586 huc,
711 521 854 573 modo
887 520 1004 572 illuc
1037 518 1091 570 in
1129 516 1426 587 longinquas
1463 526 1514 570 et
1547 514 1750 567 dissitas
1788 514 1926 566 orbis

101 620 267 682 partes
295 608 471 661 summi
497 606 767 661 Pontifices
793 606 1159 667 discurrerent,
1188 602 1486 667 nesciretur,
1514 619 1611 671 quo
1637 601 1926 672 dirigendae

100 707 271 749 essent
305 696 524 748 litterae:
564 693 692 763 quod
719 689 1040 746 Christianae
1077 688 1152 742 rei
1188 687 1448 760 plurimum
1487 687 1770 740 detrimenti
1796 697 1927 740 attu-

102 782 258 835 lisset.
310 781 439 834 Hinc
477 799 599 851 ergo
634 777 951 850 particularis
978 774 1310 848 Episcopatus
1337 794 1367 827 a
1392 773 1550 827 Petro
1578 773 1819 845 eligendi,
1849 773 1927 826 cui

100 868 325 939 primatis
364 885 578 938 persona
613 864 930 936 alligaretur,
980 861 1262 916 necessitas
1299 861 1609 932 agnoscitur.
1688 858 1808 912 Fuit
1842 859 1927 913 ille

101 955 294 1024 quidem
320 953 665 1006 Antiochenae
701 950 832 1004 sedis
859 950 1091 1003 fundator
1127 957 1177 1001 et
1202 958 1368 1002 rector
1404 948 1592 1018 aliquot
1618 966 1803 1000 annos:
1841 947 1929 1000 sed

102 1059 211 1093 cum
235 1040 347 1093 inde
373 1039 585 1092 Romam
620 1036 906 1103 transierit,
944 1038 1038 1090 huc
1065 1030 1330 1108 primatum
1365 1053 1395 1086 a
1420 1052 1512 1086 sua
1547 1052 1764 1106 persona
1799 1032 1927 1085 indi-

100 1127 260 1180 visum
303 1125 489 1196 pariter
531 1124 814 1189 transtulit,
867 1133 917 1176 et
959 1123 1138 1175 ibidem
1183 1139 1466 1193 supremum
1500 1121 1627 1174 diem
1673 1120 1926 1184 claudenS,

101 1213 322 1266 eumdem
370 1211 632 1283 primatum
682 1210 743 1261 ad
786 1227 1104 1262 successores
1154 1208 1206 1260 in
1251 1208 1421 1261 eadem
1467 1209 1582 1261 seele
1626 1207 1923 1260 transmisit.

102 1299 206 1353 Cur
256 1316 402 1370 porro
452 1295 783 1368 Episcopatus
835 1295 1095 1348 Romanus
1146 1313 1266 1366 prae
1317 1294 1498 1347 ceteris
1550 1314 1579 1347 a
1629 1293 1787 1348 Petro
1840 1295 1924 1347 de-

102 1388 257 1439 lectus
285 1384 456 1448 fuerit,
485 1384 562 1435 cui
586 1383 827 1453 primatus
855 1383 1084 1435 uniretur
1103 1422 1116 1445 ,
1145 1381 1240 1432 alia
1275 1380 1502 1448 quaestio
1532 1390 1634 1444 est,
1674 1399 1820 1450 quam
1847 1379 1925 1432 hic

103 1472 348 1523 discutere
374 1487 465 1522 nec
491 1478 665 1532 vacat,
700 1487 791 1520 nec
827 1487 949 1540 opus
978 1478 1071 1522 est.
1125 1464 1183 1519 Si
1210 1467 1339 1519 enim
1367 1476 1465 1519 stet
1493 1465 1688 1520 Romae
1714 1465 1925 1520 Petrum

103 1558 281 1621 fuisse,
321 1555 446 1608 etin
474 1554 705 1607 Romana
741 1555 856 1608 sede
894 1555 1236 1618 decedentem,
1278 1553 1653 1606 successoribus
1691 1554 1796 1606 suis
1823 1555 1925 1624 pri-

101 1652 283 1694 matum
321 1643 449 1692 bono
476 1638 736 1691 Ecclesiae
772 1641 1112 1692 necessarium
1139 1640 1432 1708 reliquisse,
1473 1640 1641 1693 statim
1681 1641 1924 1709 sequitur,

101 1729 227 1798 quod
253 1738 302 1780 et
336 1723 611 1780 adversarii
648 1724 876 1777 catholici
913 1743 1023 1778 cum
1058 1734 1163 1777 tota
1189 1723 1420 1778 Ecclesia
1457 1735 1708 1795 tamquam
1747 1727 1925 1797 dogma

101 1814 428 1868 certissimum
463 1820 662 1876 tenent,
700 1810 958 1864 Romanos
985 1809 1257 1866 Pontifices
1297 1812 1454 1865 eidem
1481 1810 1639 1865 Petro
1677 1813 1729 1865 in
1768 1813 1923 1884 ipsius

102 1902 310 1973 primatu
347 1899 638 1963 succedere,
678 1898 858 1951 adeout
893 1900 1090 1964 eadem,
1131 1918 1228 1969 qua
1264 1899 1346 1952 ille
1382 1900 1581 1952 functus
1619 1911 1723 1965 est,
1770 1900 1923 1952 totius

98 1987 356 2041 Ecclesiae
381 1987 619 2058 primatus
646 1986 695 2039 vi
722 2004 778 2038 ac
806 1987 1024 2051 ratione,
1044 1988 1159 2057 jure
1186 1986 1520 2040 successionis
1547 1987 1817 2058 potiantur.

243 2074 294 2127 3.
335 2073 514 2142 Neque
539 2091 660 2127 vero
689 2083 863 2125 contra
888 2074 1016 2126 hanc
1042 2074 1391 2142 aequalitatem
1418 2071 1561 2126 Petri
1588 2084 1638 2127 et
1665 2092 1925 2128 successo-

103 2181 210 2212 rum
237 2163 343 2230 ejus
372 2159 715 2211 Romanorum
742 2157 1042 2210 Pontificum
1078 2159 1132 2210 in
1167 2160 1362 2212 ratione
1397 2160 1638 2229 primatus
1666 2161 1924 2213 difficulta-

101 2257 200 2299 tem
226 2246 341 2297 illud
367 2257 579 2311 moveat,
608 2246 735 2314 quod
762 2243 979 2297 Romani
1000 2243 1273 2298 Pontifices
1302 2245 1506 2315 antiqua
1531 2245 1686 2299 veluti
1711 2246 1925 2297 formula

106 2334 258 2385 Petri
299 2336 488 2384 vicarii
528 2351 556 2384 a
599 2332 764 2384 multis
811 2332 1145 2403 appellentur,
1197 2333 1399 2402 perinde
1445 2351 1502 2384 ac
1547 2333 1591 2384 si
1635 2331 1924 2385 inferiorem

100 2417 255 2471 Petro
300 2419 507 2488 gradum
551 2437 607 2471 ac
653 2419 942 2489 dignitatem
978 2418 1253 2473 obtineant.
1364 2420 1539 2470 'icaria‘
1575 2419 1707 2471 enim
1742 2436 1924 2470 nomen

102 2507 225 2576 apud
275 2515 475 2558 veteres
525 2505 709 2576 passim
758 2524 848 2575 pro
899 2525 1203 2558 successore
1256 2506 1465 2576 alicujus
1518 2505 1783 2576 accipitur,
1840 2504 1923 2573 qui

102 2593 354 2661 aequalem
381 2591 454 2655 ei,
484 2591 561 2643 cui
587 2591 828 2655 succedit,
858 2610 966 2644 cum
993 2592 1311 2663 dignitatem,
1340 2602 1442 2644 tum
1472 2591 1790 2644 autoritatem
1808 2592 1924 2660 jure

102 2679 430 2731 successionis
457 2687 535 2730 est
561 2688 912 2746 consequutus.
965 2678 1095 2732 Hinc
1122 2684 1312 2732 vicarii
1349 2690 1398 2733 et
1424 2682 1745 2732 successoris
1773 2695 1922 2731 voces

100 2765 157 2815 de
195 2765 363 2815 eodem
403 2764 548 2814 simul.
585 2774 815 2834 acceptae
855 2766 1118 2834 leguntur,
1163 2766 1236 2816 uti
1263 2764 1318 2817 S.
1362 2763 1632 2836 Ciprianus
1660 2765 1804 2835 epist.
1833 2764 1921 2817 67.

92 2850 166 2900 al.
196 2849 282 2900 68.
313 2850 370 2899 ad
406 2846 712 2919 Stephanum
740 2847 929 2920 Papam
979 2850 1268 2902 memoratis
1307 2851 1412 2919 ejus
1451 2849 1924 2920 praedecessoribus

101 2932 336 2987 Cornelio
364 2944 412 2986 et
438 2933 597 2986 Lucio
614 2975 626 2998 ,
670 2936 929 2996 Vicarius,
955 2935 1131 3004 inquit,
1161 2944 1212 2988 et
1236 2955 1508 2988 successor
1536 2955 1718 2987 eorum
1739 2941 1921 3004 factus

100 3042 170 3072 cs.
222 3019 553 3089 Frequentius
580 3031 742 3074 autem
768 3040 917 3074 unum
941 3022 1117 3076 vicarii
1150 3040 1327 3074 nomen
1354 3040 1442 3092 pro
1470 3039 1762 3075 successore
1790 3041 1922 3075 sum-

100 3118 226 3171 tum,
267 3108 394 3175 quod
430 3107 722 3176 aequalitati
760 3108 881 3160 nihil
918 3109 1203 3179 praejudicii
1240 3108 1401 3159 affert.
1455 3105 1529 3159 Ita
1555 3106 1611 3159 S.
1642 3107 1920 3179 Gregorius

99 3194 180 3246 lib.
215 3194 261 3245 l.
291 3193 434 3263 epist.
471 3195 522 3246 4.
564 3195 622 3246 ad
648 3193 1054 3248 Mediolanenses
1101 3196 1307 3247 electum
1351 3192 1744 3247 Mediolanensis
1790 3196 1921 3249 sedis

100 3277 394 3350 Episcopum
431 3284 685 3333 vicarium
728 3283 784 3332 S.
828 3281 1096 3334 Ambrosii
1133 3280 1384 3344 nominat,
1430 3282 1832 3349 quemadmodum
1871 3293 1921 3336 et

101 3363 266 3416 Thato
294 3366 511 3434 ejusdem
538 3367 668 3418 sedis
693 3365 970 3439 Episcopus
1010 3387 1063 3420 se
1099 3370 1354 3419 vicarium
1386 3369 1442 3419 S.
1473 3368 1740 3421 Ambrosii
1767 3368 1919 3439 (Am-

100 3451 234 3502 bros.
271 3450 425 3503 Basil.
465 3451 688 3504 Monuni.
725 3471 771 3524 p.
801 3454 923 3506 200.
954 3453 1020 3506 Τ.
1050 3454 1099 3506 5.
1129 3452 1240 3504 Ital.
1270 3471 1371 3506 sac.
1400 3474 1446 3525 p.
1475 3454 1594 3526 66.)
1622 3457 1834 3526 appellat
1869 3455 1919 3506 in

101 3536 387 3590 documento
416 3539 531 3591 anni
558 3539 680 3593 866.
711 3539 835 3609 apud
855 3538 1187 3603 puricellum,
1217 3549 1266 3591 ct
1293 3539 1518 3594 similiter
1545 3542 1627 3612 (ut
1652 3542 1749 3598 alia
1776 3541 1919 3602 omit-
