2320 3990
911 175 1536 234 *26—

287 345 444 402 tionis
465 364 526 401 ac
546 346 703 402 divini
719 345 852 419 juris
877 344 1228 411 excluderent,
1257 344 1385 401 hm
1402 347 1699 403 testimonia
1721 349 1783 402 ad
1805 367 1918 404 eum
1945 350 2150 404 nihilum

287 435 546 508 pertinere
583 434 967 488 contenderent.
1020 432 1097 486 At
1121 433 1236 487 dein
1261 434 1510 490 Evolvens
1544 436 1959 493 dissertationem
1998 459 2150 510 quar-

288 534 390 577 tam
414 522 603 596 Dupini
627 525 716 577 De
743 528 967 594 antiqua
991 524 1274 576 Ecclesiae
1302 525 1616 593 disciplina,
1642 544 1826 598 magna
1855 546 1965 580 cum
1995 527 2152 580 admi-

287 613 485 666 ratione
511 611 846 685 deprehendi,
875 630 988 666 eum
1015 613 1295 666 concedere
1322 612 1517 683 quidem
1533 652 1548 679 ,
1587 611 1857 684 primatum
1884 614 2151 670 Pontificis

278 703 397 774 jure
422 699 591 756 divino
616 700 903 754 institutum
931 719 1002 755 ex
1014 699 1301 773 Evangelio
1329 700 1644 774 potissimum
1672 702 1808 755 erui:
1836 712 1891 756 at
1916 722 1979 757 ea
2004 703 2152 757 testi-

287 790 458 843 monia
482 787 824 861 Evangelica,
865 807 995 859 quae
1019 789 1379 856 indicavimus,
1420 808 1647 861 quaeque
1681 788 1888 843 traditio
1915 809 2153 863 praeser-

286 878 376 931 tim
401 878 637 944 inculcat,
667 878 728 930 ad
750 877 1021 950 primatum
1049 880 1376 934 asserendum
1403 879 1669 933 referenda
1695 897 2012 949 nequaquam
2036 879 2152 933 exi-

288 966 476 1020 stimat.
538 965 695 1020 Immo
735 985 843 1039 cap.
890 966 938 1019 l.
980 966 1028 1036 ἓ.
1061 967 1110 1020 l.
1154 986 1243 1021 eos
1270 986 1341 1022 ex
1379 968 1639 1041 proposito
1679 967 2013 1039 impugnans,
2067 967 2151 1037 qui

289 1055 461 1108 eadem
497 1053 790 1108 testimonia
828 1073 920 1127 pro
946 1054 1164 1127 primatu
1191 1057 1495 1122 attulerant,
1536 1056 1648 1129 ipsa
1677 1056 1850 1108 eodem
1880 1055 2027 1108 modo
2055 1073 2150 1108 ex-

287 1144 456 1216 plicat,
497 1163 594 1214 quo
636 1143 903 1215 explicare
943 1144 1125 1197 solent-
1148 1143 1480 1198 heterodoxi:
1522 1163 1651 1215 quae
1691 1144 1803 1196 sola
1841 1143 1999 1215 ipsius
2039 1162 2149 1196 cum

288 1231 615 1285 heterodoxis
643 1231 913 1285 consensio
941 1232 1147 1284 multum
1171 1232 1476 1305 suspicionis
1501 1234 1648 1287 debet
1673 1232 1929 1303 ingerere.
1961 1230 2123 1285 Osten

287 1337 435 1372 surus
461 1339 614 1391 porro
643 1338 770 1388 quae
798 1319 902 1371 sint
927 1320 1040 1372 loca
1066 1318 1403 1392 Evangelica,
1428 1321 1560 1374 uude
1586 1319 1832 1392 primatus
1860 1320 1976 1373 elici
2003 1320 2151 1374 debet

284 1412 462 1472 (nune,
487 1405 666 1477 inquit,
689 1408 910 1458 aliunde
929 1410 1228 1476 primatum
1246 1409 1406 1460 Petri
1425 1410 1762 1472 stabilimus),
1779 1408 1896 1459 illud
1916 1408 2152 1479 principii

286 1497 396 1549 loco
424 1494 592 1567 ponit.-
635 1496 697 1546 In
738 1497 970 1546 omnium
1009 1496 1280 1548 hominum
1315 1497 1560 1566 Colleyio
1601 1497 1758 1548 (lebet
1784 1498 1984 1566 aliquis
2012 1499 2150 1548 ordo

286 1588 510 1646 servari,
538 1592 591 1637 et
614 1603 830 1636 necesse
858 1591 937 1636 est
963 1587 1197 1655 aliquem
1217 1588 1457 1654 primum
1485 1589 1626 1637 inter
1637 1587 1828 1653 plures
1858 1603 1985 1636 esse.
2042 1583 2153 1636 Ta-

286 1674 383 1726 lem
408 1691 531 1726 vero
558 1671 715 1724 fuisse
740 1669 797 1723 S.
814 1669 1027 1724 Petrum
1053 1683 1107 1725 ut
1133 1691 1202 1726 ex
1231 1672 1392 1725 sacris
1421 1671 1562 1724 libris
1590 1672 1785 1743 probet,
1812 1671 1914 1724 tria
1942 1671 2150 1742 allegat,

288 1760 450 1833 primo
490 1759 610 1812 illud
636 1758 890 1813 Matthaei
928 1779 971 1813 c.
1006 1760 1091 1813 10.
1156 1762 1464 1813 Duodecim
1505 1758 1893 1829 Apostolorum
1932 1763 2151 1812 nonzina

287 1851 421 1903 liaee
457 1856 604 1901 sunt:
647 1850 866 1901 Primus
925 1850 1142 1910 Simon,
1184 1852 1277 1918 qui
1325 1851 1528 1901 dieitur
1576 1849 1790 1900 Petrus.
1857 1846 1994 1899 Tum
2032 1847 2150 1899 illud

287 1936 448 1992 simile
475 1935 643 1990 Marci
670 1955 713 1990 c.
738 1937 789 1990 3.
818 1936 903 1989 ubi
935 1938 1122 1990 Simon
1153 1938 1352 1990 Petrus
1391 1935 1571 2006 inquit,
1603 1940 1816 2005 primus
1844 1956 2149 1989 commemo-

286 2035 469 2088 ratur,
498 2030 628 2079 etin
657 2028 835 2078 multis
875 2027 1277 2095 exemplaribus
1313 2026 1540 2078 Graecis
1581 2029 1789 2094 πρῶτος
1837 2029 1995 2077 etiam
2022 2028 2151 2077 clici-

284 2123 390 2176 tur,
413 2135 522 2166 non
544 2134 695 2167 secus
720 2135 786 2167 ae
805 2117 957 2183 apud
970 2115 1323 2165 Matthaeum..
1351 2111 1565 2165 Demum
1577 2111 1749 2165 Lucas
1766 2131 1809 2166 c.
1826 2114 1879 2166 6.
1902 2107 2150 2181 versslss

286 2204 482 2255 eleetos
511 2222 544 2254 a
579 2203 795 2254 Christo
826 2201 1119 2271 Apostolos
1147 2221 1467 2262 numerans,
1505 2204 1721 2254 orditur
1749 2221 1784 2253 a
1813 2201 1999 2254 Petro.
2063 2197 2148 2251 Ex

286 2290 361 2343 his
390 2300 556 2344 autem
583 2290 855 2362 primatum
894 2290 1115 2361 ejusdem
1151 2287 1301 2342 Petri
1338 2288 1527 2341 idcirco
1565 2288 1737 2359 colligi
1773 2288 2036 2342 evidenter
2062 2308 2152 2361 pu-

287 2389 378 2444 tat,
408 2378 524 2449 quia
541 2380 943 2448 Evanyelistae,
971 2398 1090 2430 cum
1111 2375 1406 2446 Apostolos
1436 2384 1765 2437 enumerant,
1790 2378 2015 2430 Petrum
2041 2397 2149 2429 non

284 2470 444 2520 modo
496 2486 704 2534 semper
739 2470 919 2534 primo
960 2468 1238 2518 collocant
1284 2467 1507 2525 ordine,
1559 2467 1657 2517 sed
1700 2469 1936 2532 primum
1975 2469 2150 2534 fuisse

287 2560 581 2626 affirmant.
645 2551 814 2606 Porro
852 2563 906 2605 ut
945 2554 1182 2606 ostendat
1219 2551 1432 2606 Petrum
1472 2552 1623 2606 etiam
1651 2563 1766 2624 post
1794 2550 1988 2606 Christi
2014 2573 2151 2606 mor-

286 2654 388 2696 tem
427 2642 652 2696 eumdem
705 2643 864 2695 locum
904 2641 1206 2707 retinuisse,
1249 2660 1395 2712 quem
1436 2658 1496 2694 ea
1534 2640 1830 2694 testimonia
1871 2660 1900 2693 a
1940 2637 2150 2694 Christo

288 2741 406 2784 ante
434 2740 646 2783 mortem
674 2730 772 2802 ipsi
801 2731 1095 2783 attributum
1122 2730 1507 2795 demonstrant,
1536 2731 1732 2802 profert
1757 2729 1895 2782 Acta
1922 2728 2151 2801 Aposto-

288 2822 478 2885 lorum,
537 2821 628 2871 ubi
665 2838 708 2871 e.
754 2819 803 2871 1.
845 2826 1331 2882 commemorantur
1371 2838 1552 2871 omnes
1593 2817 1876 2888 Apostoli,
1919 2825 1971 2870 et
2011 2821 2151 2869 inter

288 2930 376 2963 eos
398 2912 609 2978 primus
635 2911 946 2961 nominatur
978 2909 1208 2970 Petrus3
1245 2912 1454 2976 primus
1483 2909 1558 2959 ibi
1583 2914 1793 2960 eeteros
1833 2908 2151 2974 alloquitur,

290 3005 341 3049 ct
361 3000 494 3066 quid
518 3001 588 3049 sit
607 2999 923 3065 faciendum
944 2997 1307 3065 praeseribit3
1349 3015 1392 3046 e.
1422 2995 1473 3046 9..
1495 2997 1710 3062 primus
1738 2996 1971 3044 omnium
2007 2990 2150 3060 Apo-

290 3086 550 3139 stolorum
598 3085 866 3138 Christum
907 3087 1195 3137 annuntiat
1230 3092 1328 3135 etc.
1396 3079 1721 3134 Testimonia
1756 3097 1880 3134 vero
1908 3077 2150 3151 Evange-

292 3173 404 3238 liea,
433 3193 559 3243 quae
586 3173 866 3239 retulimus,
895 3191 998 3226 non
1026 3171 1174 3225 aliter
1202 3169 1274 3223 ait
1298 3169 1351 3222 in
1379 3169 1601 3223 eumdem
1629 3167 1895 3240 primatum
1925 3178 2152 3222 statuen-

293 3262 404 3315 dum
444 3281 596 3335 posse
634 3265 897 3328 conferre,
938 3261 1040 3315 nisi
1078 3258 1197 3332 quia
1234 3262 1290 3311 in
1333 3259 1416 3311 liis
1459 3259 1592 3310 loeis
1623 3257 1823 3311 Petrus
1855 3277 2151 3327 personam

286 3353 432 3421 qerit
482 3352 770 3412 ecclesiae,
816 3371 958 3420 prae
998 3351 1191 3404 ceteris
1244 3344 1524 3417 Apostolis
1566 3347 1836 3416 loquitur,
1874 3353 1924 3398 et
1962 3349 2077 3414 ipse
2117 3365 2152 3396 a

299 3438 515 3490 (Veristo
567 3441 779 3493 nomine
831 3460 1012 3492 eorum
1066 3437 1424 3508 compellatur
1467 3438 1625 3505 quasi
1655 3438 1867 3504 primus
1909 3440 1961 3486 et
1990 3452 2151 3505 prae-

291 3530 493 3599 ro'puus.
