2314 3984
753 242 1397 300 *389—

178 411 528 489 limenufiml.
564 409 1066 482 idensflieronymus·
1080 408 1389 464 Demetriadi
1423 405 1781 480 praescripsit&
1822 405 1975 460 Has.

178 501 493 569 mamutii,
513 494 1001 568 quidpostolicae
1029 498 1326 551 cathedrae-
1355 500 1764 556 successerat,
1798 499 1979 546 teneas

171 587 366 656 fidene,-
393 603 490 638 nec
514 587 886 653 per-cyrinum,
924 586 1156 653 quamvis
1178 582 1289 635 tibi.
1307 584 1549 651 prudens
1584 581 1888 649 callidaque
1911 582 1982 631 υἰ-

179 674 384 732 dearis,
409 673 707 723 doctrinam
730 674 978 740 recipias.
1024 664 1332 737 Quicumque
1359 666 1470 720 aliis
1508 676 1679 719 utatur
1711 665 1980 720 verbisat-

176 774 272 825 que
306 740 590 820 sententiis,
627 775 752 827 quae
785 758 845 810 de
878 753 1104 808 doctrina
1137 753 1249 806 fidei
1281 752 1684 824 Apostolicorum
1721 751 1981 806 Romanae

177 842 306 894 sedis
340 841 637 896 Pontificum
663 843 999 906 dubitantem,
1029 849 1115 894 aut
1153 839 1452 892 renitentem
1489 840 1802 910 praeferant,
1846 839 1980 892 nullo

177 928 524 982 catholicorum
555 939 776 984 veterum
814 936 1097 981 sanctorum
1122 923 1330 978 Pati-um
1367 924 1586 995 legitimo
1613 926 1842 997 exemplo
1866 945 1983 998 pur-

177 1014 403 1084 gabitur3
441 1026 491 1069 et
523 1014 759 1084 siqu-idem
795 1011 1004 1065 debitam
1042 1010 1370 1064 obedientiam
1411 1011 1735 1082 pertinaciter
1768 1023 1982 1077 recuset,

177 1099 417 1152 unitatem
442 1099 553 1152 fidei
564 1100 772 1152 deseret
795 1115 896 1151 non
922 1099 1079 1150 solum
1105 1096 1387 1162 Romanae,
1414 1115 1618 1166 quacum
1645 1116 1817 1150 omnes
1843 1099 1983 1150 undi-

174 1204 268 1254 que
294 1186 458 1238 fideles
484 1184 750 1240 convenire
775 1202 981 1238 necesse
1007 1194 1112 1249 est,
1150 1193 1205 1235 ut
1231 1201 1299 1236 ex
1325 1180 1382 1236 S.
1409 1182 1606 1236 Irenaei
1641 1185 1981 1238 vetustissimo

175 1269 462 1324 Gallicanae
493 1269 752 1325 Ecclesiae
785 1270 1032 1342 Episcopo
1071 1270 1370 1336 audivimuS,
1413 1288 1586 1324 verum
1631 1271 1781 1324 etiam
1830 1271 1982 1324 totius

176 1355 433 1410 Ecclesiae
459 1358 753 1422 catholicae,
782 1376 908 1426 quae
935 1376 1042 1408 cmn
1070 1355 1300 1409 Romana
1326 1375 1520 1428 semper
1548 1357 1796 1421 adhaesit,
1824 1368 1873 1411 et
1900 1359 1983 1410 ad-

178 1442 399 1495 haerebit
425 1461 618 1515 semper
655 1444 706 1495 in
741 1445 846 1496 lide.
900 1442 1129 1497 Caveant
1166 1452 1329 1496 autem
1367 1462 1538 1496 omnes
1566 1462 1708 1513 quam
1744 1445 1981 1509 maxime,

178 1547 240 1580 ne
267 1547 374 1580 cum
400 1529 683 1598 quibusdam
697 1528 750 1601 *)
788 1540 1156 1601 protestentur,
1195 1548 1248 1582 se
1274 1538 1380 1581 toto
1408 1531 1554 1582 corde
1581 1530 1851 1584 adhaerere
1876 1531 1984 1584 Ro-

176 1632 353 1667 manae
379 1616 640 1668 cathedrae
664 1625 914 1685 tamquam
941 1626 1111 1669 centro
1139 1616 1411 1668 catholicae
1438 1616 1658 1682 unitatis,
1687 1619 1985 1672 communio-

177 1719 383 1769 nemque
409 1719 508 1752 non
535 1703 690 1754 solum
716 1703 868 1766 velle,
904 1704 989 1755 sed
1015 1703 1163 1755 etiam
1197 1713 1370 1754 tenere
1398 1721 1505 1755 cum
1531 1704 1646 1756 sede
1672 1703 1981 1776 Apostolica,

176 1785 503 1855 Romanoque
553 1786 797 1840 Pontifice
847 1806 1135 1840 successore
1185 1786 1241 1839 S.
1279 1787 1449 1853 Petri,
1501 1790 1612 1840 dum
1651 1790 1983 1844 definitionem

176 1872 496 1942 dogmaticam
524 1874 583 1924 ab
609 1873 706 1925 isto
734 1873 911 1927 editam
938 1874 1189 1944 rejiciunt,
1226 1875 1307 1927 vel
1333 1876 1392 1926 ab
1422 1894 1480 1927 ea
1509 1876 1882 1946 appellationem
1908 1878 1984 1929 in-

178 1968 457 2028 [erponunt.
510 1957 724 2012 Frustra
763 1960 893 2012 enim
929 1961 1284 2012 communionis
1329 1961 1569 2013 unitatem
1597 1964 1820 2032 jactant,
1858 1984 1983 2033 quac

179 2043 346 2111 nequit
372 2044 643 2097 subsistere
670 2046 776 2098 sine
806 2045 992 2097 unitate
1019 2047 1296 2110 doctrinae,
1323 2064 1410 2098 seu
1437 2047 1571 2099 fidei:
1599 2050 1725 2102 unde
1751 2052 1882 2103 valet
1909 2052 1985 2105 hic

182 2128 295 2180 illud
319 2127 548 2183 Flaviani
587 2132 646 2182 ad
671 2130 935 2183 Paulinum
974 2131 1307 2202 (Theodorei.
1335 2132 1465 2184 Hist.
1504 2133 1588 2185 lib.
1619 2137 1668 2186 5.
1711 2155 1751 2189 c.
1782 2137 1889 2208 :}.):
1925 2141 1987 2190 Si

178 2216 403 2267 Damasi
429 2221 833 2270 commzmionem
859 2221 1219 2286 cunplecteris,
1257 2239 1287 2270 o
1315 2222 1505 2280 amice3
1533 2222 1808 2274 doetrinae
1834 2226 1983 2277 nobis

177 2306 505 2369 manifestam
533 2306 922 2356 similitudinem
949 2305 1104 2376 (idest
1129 2303 1405 2375 unitatem)
1434 2310 1666 2359 ostende.
1696 2306 1980 2380 Separatio,

175 2406 262 2438 seu
300 2388 540 2458 praecisio
585 2408 614 2440 a
649 2391 986 2444 communione
1030 2392 1160 2445 sedis
1195 2391 1522 2463 Apostolicae
1567 2411 1875 2467 summopere
1919 2398 1984 2449 ti-

175 2473 350 2524 menda
376 2483 452 2525 est
478 2476 768 2544 praesertim
796 2478 854 2529 ab
883 2496 958 2541 ec,
987 2477 1067 2546 qui
1095 2478 1654 2533 fideiunitate111te11e1·e
1679 2483 1828 2548 nolit3
1857 2485 1984 2538 unde

173 2558 420 2611 scrihebat
453 2557 508 2612 S.
540 2558 762 2632 Cyrillus
798 2562 1173 2615 Alexandrinus
1210 2565 1270 2616 ad
1307 2563 1552 2618 Joannem
1586 2566 1982 2622 Antiochenum:

178 2645 288 2695 Nos
316 2649 449 2695 em'm
475 2666 773 2714 sequemur,
810 2669 941 2717 quae
969 2652 1051 2700 illi
1077 2650 1201 2718 (vid.
1230 2669 1366 2721 supr.
1397 2670 1438 2703 c.
1471 2653 1555 2705 13.
1584 2673 1634 2705 n.
1663 2654 1780 2726 57.)
1810 2655 1984 2727 (Occi-

174 2730 395 2782 dentales
422 2731 624 2796 scilicet,
653 2742 700 2785 et
724 2734 984 2804 praecipue
1010 2733 1266 2787 Romanus
1292 2735 1563 2808 Pontifex)
1573 2743 1957 2810 judicaverunt
1967 2765 1983 2806 ,-

178 2835 411 2868 ceremur
438 2836 635 2884 nempe,
662 2838 724 2870 ne
751 2840 783 2870 a
809 2827 1074 2871 tantorum
1100 2826 1459 2874 communione
1486 2829 1811 2880 excidamus.
1866 2827 1985 2882 Cui-

177 2919 270 2969 que
295 2920 414 2954 vero
443 2903 681 2956 catholico
720 2906 967 2957 servanda
1005 2916 1118 2957 sunt
1154 2907 1237 2958 illa
1263 2907 1559 2980 Hieronymi
1596 2913 1655 2962 ad
1681 2911 1983 2968 Damasum:

182 2989 293 3056 1390
320 2991 519 3040 necllum
537 2994 768 3058 primum
793 2995 898 3043 nisi
930 2993 1192 3046 Christum
1219 3014 1457 3063 sequens,
1483 2996 1823 3052 Beatitudz‘ni
1847 3010 1983 3064 tuae,

294 3133 334 3182 ⁸)
364 3135 424 3173 De
457 3134 531 3173 hac
562 3137 856 3187 protestatione
890 3137 1068 3176 notanda
1102 3143 1213 3183 sunt,
1247 3152 1350 3190 quae
1384 3142 1618 3182 Honoratus
1649 3145 1854 3198 Tournely
1885 3151 1984 3188 scri-

174 3191 255 3240 psit
291 3193 330 3229 in
362 3194 556 3233 relatione
586 3199 767 3234 actorum
800 3209 946 3235 sacrae
978 3198 1207 3236 facultatis
1231 3199 1476 3239 parisiensis
1509 3208 1627 3242 eruta
1658 3217 1709 3243 cx
1741 3207 1847 3246 actis
1881 3211 1983 3259 eJus-

173 3251 268 3288 dein
295 3251 532 3297 facultatis,
567 3258 607 3292 et
637 3255 809 3294 Parisiis
840 3256 1040 3307 impressa
1072 3269 1136 3295 an.
1174 3258 1300 3296 1730.
1359 3259 1493 3300 Verbis
1527 3263 1694 3312 quidem
1725 3266 1771 3303 in
1801 3269 1980 3318 speciem

171 3309 399 3348 catholicis
429 3314 720 3360 protestantur
760 3314 825 3353 ilci
863 3328 907 3354 se
940 3317 1210 3366 :spostolicae
1250 3318 1339 3356 sede:
1373 3322 1585 3370 tamquam
1627 3324 1809 3364 unitatis
1842 3331 1982 3367 centro

171 3368 430 3432 adhaerere,
471 3370 543 3408 secl
582 3382 694 3411 mera
732 3374 855 3413 verba
896 3379 997 3414 sunt
1039 3379 1168 3426 (pace
1199 3388 1342 3416 eorum
1374 3378 1532 3419 dictum
1565 3383 1646 3432 sit)
1688 3384 1888 3427 illusione.
1928 3389 1983 3428 ad

171 3434 322 3468 lucum
354 3429 526 3480 populis
550 3430 793 3478 faciendum
826 3435 965 3482 plena.
