2320 3990
544 1038 1093 1136 PRAEFATIO
1156 1033 1704 1132 AUCTORIS.

363 1410 410 1462 l.
455 1373 613 1460 CUM
634 1406 933 1459 Pontificum
955 1404 1297 1457 Romanorum
1323 1402 1565 1474 primatus
1592 1419 1740 1453 unum
1763 1400 1827 1452 sit
1847 1418 1874 1451 e
1895 1418 2040 1470 prae-

219 1512 373 1583 cipuis
409 1509 729 1564 Christianae
756 1503 1040 1579 Religionis
1080 1508 1347 1579 capitibus,
1390 1524 1459 1559 ex
1497 1524 1591 1575 quo
1631 1503 1906 1556 catholicae
1944 1501 2042 1555 Ec-

220 1613 402 1664 clesiae
452 1613 632 1663 bonum
683 1612 903 1663 maxime
953 1611 1163 1680 pendet,
1216 1609 1439 1678 quodque
1479 1607 1662 1659 idcirco
1711 1604 1952 1657 haeretici
1992 1615 2042 1656 et

218 1711 521 1765 schismatici
559 1710 723 1761 multis
763 1709 989 1760 nituntur
1026 1709 1297 1780 impetere3
1339 1706 1693 1758 catholicorum
1719 1723 1895 1757 munus
1930 1723 2041 1757 esse

219 1814 376 1884 ipsum
413 1830 755 1884 propugnare⁷
794 1810 1078 1881 explicare,
1119 1819 1169 1862 et
1208 1809 1512 1862 constituere
1549 1826 1692 1859 nemo
1732 1807 2043 1859 orthodoxus

219 1913 472 1968 revocabit
496 1914 547 1964 in
571 1913 783 1964 dubium.
827 1912 957 1964 Mihi
977 1922 1140 1964 autem
1159 1911 1250 1964 hac
1269 1910 1322 1962 in
1348 1928 1402 1961 re
1429 1927 1630 1979 operam
1658 1919 1903 1963 navaturo
1930 1909 2045 1960 illud

219 2034 348 2068 nunc
384 2016 691 2086 propositum
727 2033 829 2067 non
867 2024 944 2067 est
982 2014 1260 2066 haereticos
1296 2021 1379 2064 aut
1417 2010 1759 2063 schismaticos
1798 2012 2043 2074 refellere,

219 2117 301 2184 qui
338 2117 416 2169 vel
452 2117 671 2169 eumdem
697 2117 958 2186 primatum
985 2125 1204 2185 negant,
1242 2115 1323 2168 vel
1348 2132 1538 2166 merum
1563 2113 1828 2183 primatum
1855 2113 2044 2164 ordinis

219 2218 495 2267 adstruunt.
541 2216 943 2286 Disputationem
969 2215 1157 2268 scilicet
1182 2214 1499 2266 instituturus
1526 2232 1634 2264 sum
1653 2231 1761 2265 cum
1790 2212 2044 2266 catholicis

219 2316 313 2368 illis
341 2314 709 2386 Scriptoribus,
749 2317 830 2384 qui
860 2316 956 2368 etsi
983 2334 1052 2367 ex
1079 2314 1319 2367 catholico
1348 2316 1580 2384 dogmate
1606 2314 1765 2384 ipsum
1794 2333 1894 2365 non
1921 2314 2045 2366 meri

219 2417 436 2481 ordiniS,
463 2417 549 2469 sed
574 2417 867 2487 praecipuae
886 2415 1253 2487 jurisdictionis
1279 2416 1542 2486 primatum
1567 2416 1815 2479 fatentur3
1855 2416 1913 2467 de
1939 2417 2044 2485 ejus

217 2526 384 2568 tamen
418 2517 733 2568 facultatibus
769 2527 917 2587 atque
951 2516 1321 2586 praerogativis
1358 2515 1637 2586 disputant,
1679 2525 1827 2585 atque
1854 2516 2045 2569 dissen-

219 2617 365 2669 tiunt.
418 2615 706 2688 Superfluus
741 2618 975 2670 fortassis
1012 2618 1171 2672 videri
1202 2617 1387 2688 poterit
1420 2626 1594 2669 noster
1621 2615 1699 2668 hic
1724 2617 1895 2681 labor,
1938 2635 2045 2670 cum

219 2717 302 2768 alii
340 2719 505 2788 plures
540 2718 652 2770 hinc
679 2728 729 2771 et
753 2719 866 2771 hinc
892 2720 1063 2772 eadem
1091 2737 1240 2790 super
1266 2737 1322 2771 re
1348 2717 1486 2770 libris
1513 2717 1919 2770 luculentissimis
1946 2718 2045 2770 dis-

220 2817 499 2894 seruerint,
538 2836 630 2870 nec
665 2829 834 2871 tamen
870 2819 1200 2882 successerit,
1239 2828 1294 2869 ut
1319 2818 1615 2869 dissidentes
1644 2818 1704 2868 ad
1730 2819 2044 2870 concordiam

218 2926 534 2971 revocarent.
588 2915 863 2982 Quaerenti
890 2927 1055 2969 autem
1082 2917 1228 2981 mihi,
1268 2935 1355 2968 cur
1379 2927 1492 2988 post
1516 2927 1592 2969 tot
1618 2917 1806 2988 scripta
1832 2927 1882 2970 et
1911 2919 2044 2971 edita

219 3035 248 3068 a
284 3017 583 3069 doctissimis
618 3016 743 3070 viris
775 3016 1007 3086 utrinque
1041 3017 1294 3071 volumina
1331 3017 1486 3071 adhuc
1520 3019 1574 3070 in
1610 3037 1666 3071 re
1703 3028 1847 3071 tanta
1870 3018 2043 3089 vigeat

215 3116 347 3168 inter
373 3117 642 3170 catholicos
682 3118 812 3170 acris
839 3118 1145 3171 concertatio
1174 3127 1322 3187 atque
1349 3119 1624 3185 dissensio3
1668 3119 1787 3171 illud
1811 3120 1864 3171 in
1890 3138 2041 3172 causa

212 3216 370 3269 fuisse
400 3217 561 3270 visum
597 3227 703 3282 est,
743 3218 859 3287 quia
893 3218 1166 3290 principia,
1213 3218 1387 3288 quibus
1425 3237 1508 3272 res
1547 3219 1737 3272 isthaec
1773 3229 2038 3284 tractatur,

214 3315 349 3368 inter
386 3318 742 3371 contendentes
767 3337 869 3371 non
895 3319 1096 3373 omnino
1124 3318 1443 3373 conveniunt.
1494 3317 1610 3372 Etsi
1635 3319 1764 3372 enim
1791 3322 1945 3373 multa
1971 3339 2040 3374 ex

214 3413 385 3469 Sacris
422 3417 591 3483 libris,
631 3436 701 3471 ex
737 3419 1031 3486 traditione,
1071 3439 1142 3474 ex
1180 3419 1428 3481 conciliiS,
1467 3430 1518 3473 et
1543 3419 1782 3474 Patribus
1807 3422 2040 3491 utrinque
