2320 3990
963 201 1582 258 ...ὅὸ-,-

345 373 488 447 culpa
505 414 518 439 ,
569 382 619 426 et
659 373 847 442 absque
881 370 1061 424 salutis
1094 368 1318 441 periculo
1359 381 1568 426 careant
1616 372 1802 426 actuali
1854 372 2203 427 conmunione

347 461 606 527 Romana,
655 458 700 513 si
738 458 900 532 ipsam
933 466 1042 512 toto
1083 457 1201 510 nisu
1238 464 1570 528 quaerentes,
1607 461 1669 514 ab
1706 461 1882 515 eadem
1919 470 2036 514 actu
2062 456 2203 514 ‘obti-

347 550 511 604 nenda
549 546 679 602 citra
714 564 858 600 suam
897 547 1090 620 culpam
1118 545 1315 600 aliunde
1351 545 1710 622 impediantur,
1747 559 1804 603 ut
1829 549 1882 603 in
1909 547 2202 622 Appendicc
2277 559 2282 568 ¹

345 638 406 691 de
441 635 649 690 Sanctis
682 646 910 708 tempore
947 634 1238 689 schismatis
1275 634 1527 688 Acaciani
1577 631 1800 708 pluribus
1839 637 2203 711 explicabitur:

346 736 398 779 at
424 723 535 780 fieri
560 724 698 778 nullo
727 741 848 778 casu
872 733 1039 796 potest
1055 764 1068 790 ,
1095 732 1151 776 ut
1178 723 1290 795 quis
1317 723 1513 776 unitate
1539 723 1680 790 fidei,
1718 740 1848 795 quae
1875 743 1906 779 a
1931 726 2066 779 nullo
2094 735 2205 798 pot·

345 824 426 867 est
465 812 664 866 aliunde
702 809 962 885 impediri,
1002 813 1191 884 absque
1230 831 1322 866 suo
1362 811 1486 867 vitio
1515 820 1719 865 careat:
1760 830 1819 866 ac
1845 814 2054 886 proinde
2081 814 2206 868 haec

346 911 464 955 actu
504 910 554 955 et
581 900 841 967 absolute,
884 910 934 954 et
971 901 1133 973 magis
1173 918 1321 972 qua-m
1361 899 1570 955 actualis
1608 900 1888 955 communio
1924 901 2208 973 generatim

349 1000 426 1043 est
452 989 764 1044 necessaria.

495 1079 581 1131 1⁵2..
620 1076 679 1132 In
707 1078 977 1132 statuenda
1004 1096 1127 1133 vero
1152 1076 1468 1131 necessitate
1492 1077 1707 1131 unitatis
1734 1077 1874 1146 fidei,
1904 1096 2034 1148 quae
2061 1078 2208 1132 sicuti

349 1167 527 1240 majori
563 1167 947 1222 controversiae
985 1167 1185 1222 videtur
1211 1165 1467 1229 obnoxia,
1506 1164 1580 1217 ita
1606 1175 1657 1218 et
1695 1166 1878 1238 majori
1902 1166 2014 1219 usui
2042 1168 2211 1220 futura

348 1265 458 1321 est,
505 1255 794 1308 accuratior
835 1266 914 1309 est
950 1275 1107 1329 opera
1143 1254 1456 1308 collocanda.
1511 1252 1774 1307 Hactenus
1803 1271 1872 1308 ex
1900 1254 2210 1308 necessitate

358 1343 728 1395 communionis
758 1341 897 1394 illam
936 1341 1254 1394 deduximus.
1308 1338 1526 1393 Potiora
1552 1351 1603 1394 et
1628 1342 1884 1413 apertiora
1918 1342 1970 1394 in
1998 1360 2212 1413 seq-uen-

346 1431 480 1484 tibus
507 1430 733 1483 dabimus
757 1451 770 1481 x
799 1439 850 1482 et
874 1428 1034 1501 primo
1064 1429 1260 1499 quidem
1289 1445 1358 1481 ex
1385 1445 1532 1480 sacra
1557 1426 1820 1501 Scriptura
1837 1469 1850 1495 ,
1877 1438 1984 1483 tum
2004 1447 2082 1483 ¹ex
2107 1441 2213 1483 tra-

354 1518 571 1584 ditione,
609 1537 668 1572 ac
706 1518 910 1572 tandem
943 1535 1018 1571 ex
1055 1516 1278 1590 ipsorum
1320 1515 1733 1570 adversario-rum
1771 1518 2107 1586 testimoniis,
2148 1537 2211 1573 ne

350 1608 549 1661 hisce-re
584 1606 794 1680 amplius
832 1606 1056 1679 possint,
1098 1605 1199 1658 nisi
1226 1615 1276 1658 et
1303 1622 1562 1657 sacrarum
1600 1605 1881 1658 litterarum
1910 1607 2036 1659 satis
2064 1607 2212 1661 obvio

352 1694 553 1760 sensui,
592 1704 643 1748 et
671 1694 931 1748 doctrinae
969 1693 1200 1746 omnibus
1236 1693 1451 1745 saeculis
1488 1692 1735 1758 traditae,
1775 1703 1824 1746 et
1861 1695 1964 1747 suis
1992 1694 2213 1767 ipsorum

353 1782 611 1856 principiis
659 1792 710 1835 et
759 1780 1163 1836 confessionibus
1212 1800 1267 1834 sc
1307 1800 1362 1834 se
1407 1799 1661 1853 opponere
1703 1781 1875 1836 velint.
1954 1779 2213 1835 Nonnulla

351 1871 651 1943 quandoque
687 1870 933 1937 incident,
983 1888 1111 1940 quae
1148 1869 1512 1923 communionis
1553 1870 1914 1924 necessitatem
1951 1869 2216 1924 adstruent

357 1979 416 2014 eo
444 1959 746 2033 praesertim
774 1957 951 2013 fusiori
980 1958 1160 2031 capite,
1188 1959 1241 2011 in
1269 1977 1366 2029 quo
1393 1958 1718 2011 traditionem
1746 1958 1845 2012 late
1873 1976 2214 2031 exponemus:

357 2049 444 2102 sed
470 2049 710 2121 pleraque
745 2045 1106 2101 necessitatem
1145 2046 1358 2099 unitatis
1395 2046 1508 2100 fidei
1545 2047 1958 2101 manifestissime
1985 2066 2215 2121 compro-

357 2139 564 2190 habunt.

951 2309 1373 2385 CAPUT
1451 2310 1620 2385 ΧΠ.

798 2485 1263 2529 PROPOSITIO
1309 2485 1775 2529 DUODECIMA.

368 2620 626 2667 Um'tatem
650 2622 968 2681 praesertim
1001 2622 1055 2664 in
1084 2617 1187 2676 fide
1220 2634 1336 2664 cum
1367 2617 1471 2678 fide
1504 2617 1555 2664 S.
1597 2617 1750 2665 Petri
1779 2635 1842 2664 ac.
1871 2634 2219 2666 successorum

361 2683 467 2741 ejus
500 2680 860 2726 Romanorum
892 2677 1208 2738 Pontificum
1251 2679 1482 2725 omnibus
1528 2677 1834 2726 Christianis
1874 2685 2219 2727 necessariam

361 2747 601 2789 evincunt
642 2756 705 2787 ea:
736 2755 891 2787 sacra
925 2738 1205 2802 Scriptura
1246 2741 1340 2786 illa
1373 2740 1688 2801 Evanqelica
1722 2745 2041 2796 testimonia,
2088 2757 2220 2800 quae

754 2802 818 2846 de
839 2805 1081 2862 primatu
1114 2799 1167 2844 S.
1203 2798 1357 2847 Petri
1387 2805 1674 2862 insiqm'ora
1704 2808 1836 2847 sunl.

511 2937 561 2989 l.
600 2933 680 2988 Eo
707 2934 909 2987 tandem
935 2933 1290 3006 pervenimuS,
1330 2935 1420 2987 ubi¹
1439 2933 1867 3004 Evangelicorum
1897 2934 2220 2987 'testimo-nio-

362 3041 502 3088 rum,
549 3023 728 3094 quibus
766 3021 1012 3095 primatus
1051 3020 1319 3094 peculiaris
1345 3019 1716 3094 jurisdictionis
1752 3029 1808 3073 et
1843 3021 2124 3091 personalis
2160 3020 2217 3076 S.

366 3109 515 3165 Petri
557 3129 618 3165 ac
649 3127 1004 3166 successorum
1039 3111 1145 3181 ejus
1181 3107 1530 3162 Romanorum
1563 3106 1867 3162 Pontificum
1913 3109 2220 3164 constitutus
2265 3122 2278 3134 ·

364 3197 483 3264 fuit,
509 3197 985 3272 interpretationem
1011 3197 1234 3271 ejusdem
1253 3196 1401 3252 Petri
1428 3216 1486 3252 ac
1512 3213 1860 3250 successorum
1888 3197 1994 3268 ejus
2021 3197 2220 3251 ratione

366 3284 609 3356 primatus
635 3287 889 3360 propriam
928 3297 980 3340 et
1014 3285 1160 3342 obvio
1194 3286 1473 3342 verborum
1507 3283 1680 3338 sensui
1708 3295 2072 3355 congruentem
2099 3286 2220 3340 affe-

369 3389 569 3438 ramuS‚
622 3374 970 3429 concinentem
1019 3384 1196 3448 postea
1245 3373 1569 3427 traditionem
1619 3371 1836 3425 allaturi.
1931 3371 2221 3444 Insignior-a

367 3457 660 3514 testimonia
684 3459 1020 3535 Evangelica‚
1048 3480 1176 3535 quae
1201 3462 1445 3536 primatus
1470 3462 1796 3515 fundamenta
1812 3460 2073 3531 jecerunt,
2102 3470 2222 3514 sunt

367 3547 452 3601 illa
477 3546 579 3601 tria
604 3547 664 3603 de
689 3545 747 3604 S.
777 3548 958 3618 Petro,
986 3570 1114 3623 quae
1141 3550 1637 3607 commemoravimus
1666 3548 1841 3621 cap.5.
1882 3544 2025 3604 Haec
2053 3557 2218 3603 autem
