2314 3984
342 383 452 430 tate
475 373 639 447 (idest
655 393 695 442 <a
722 369 1633 450 Chrhw)fsmepfflmmue
1674 377 1964 449 (Romanis
1975 376 2200 431 &onas-¹

341 461 483 517 cibus
504 463 563 514 in
590 460 826 512 Romana
853 455 1827 534 cathedrasueeeden'tiffiymondata
1855 473 1963 528 est3¹
1997 462 2075 518 aa
2093 469 2199 518 ‘iis-

341 553 459 602 dem
484 549 1253 618 suffrayantibus·intemerata
1285 544 1704 620 perdurlwd‘m}
1715 553 1937 606 traditur
1972 552 2026 605 in
2051 558 2198 625 prae-

342 635 533 688 tatione
559 633 759 688 Missae
782 651 967 689 nonae.
997 635 1210 690 Tumsin
1235 635 2010 710 praefationefflssaeideoimae
2037 640 2196 694 eidem

343 723 609 776 Romanae
644 723 870 795 ipsorum
906 723 1274 796 Apostolorum
1315 727 1650 788 eruditioni-3·
1676 727 2058 782 seu²doctriuae
2084 727 2197 781 fidei

337 812 389 864 in
415 821 577 864 totum
602 812 777 864 orbem
803 811 1013 866 diffusae
1037 812 1338 866 caunitatis
1365 812 1444 867 vis
1472 823 1524 867 et
1542 814 2197 889 praemgativajtcreudpo-

340 901 520 953 stolici
535 902 886 969 principatus
914 910 1302 954 commemorato
1331 900 1598 966 tribuitur,
1638 903 1850 972 iit-*quod
1875 921 1947 956 ex
1970 902 2198 975 Aposto-

341 988 435 1041 lica
463 986 730 1041 Romanae
769 987 903 1040 sedis
942 987 1216 1041 traditione
1243 988 1305 1040 ad
1330 998 1564 1060 posteros
1590 989 1923 1057 transmissa,
1951 1000 2003 1044 et
2027 990 2082 1043 in
2106 976 2197 1043 iisss

339 1077 447 1130 dem
489 1064 798 1130 conservata
834 1076 1087 1141 manavit,
1155 1077 1498 1129 Christianae
1537 1079 1835 1130 devotionis
1881 1086 2198 1149 sequeretur

337 1166 688 1224 universitas,
715 1164 1027 1232 salubrique
1060 1163 1384 1233 «compendio
1426 1172 1479 1217 et
1504 1166 1589 1226 hi,
1623 1168 1724 1235 qui
1749 1166 1814 1217 ab
1842 1168 2063 1218 illorum
2087 1174 2195 1218 tra-

340 1254 461 1303 mite
489 1253 819 1312 deviassent,
846 1252 1176 1303 haberentur
1203 1254 1438 1313 eaeterni,
1465 1260 1516 1305 et
1540 1255 1905 1306 tantummodo
1929 1255 2038 1323 filii
2061 1256 2195 1306 veri-

337 1341 462 1390 tatis
491 1341 817 1397 existerent,
855 1340 949 1405 qui
982 1357 1016 1388 a
1035 1340 1347 1405 principali
1384 1337 1543 1408 (idest
1580 1338 1850 1409 Romana)
1886 1342 2193 1394 nullatenus

336 1427 630 1478 traditione
658 1425 1036 1477 discederenit.

1150 1571 1198 1642 g,
1229 1570 1378 1629 xv1.

348 1677 611 1720 Testimonia
647 1678 691 1717 S.
729 1678 892 1719 Gelasii
925 1678 1096 1731 Papae,
1133 1691 1184 1719 ex
1216 1679 1357 1721 libello
1389 1677 1502 1729 fida
1535 1693 1562 1720 a
1597 1679 1641 1722 S.
1676 1678 1913 1721 Hormisda
1945 1681 2002 1722 ad
2038 1680 2192 1722 Orien-

337 1741 445 1779 tales
477 1741 632 1794 misso,
667 1741 709 1778 et
740 1752 766 1778 α
799 1742 891 1779 tota
924 1738 1122 1779 Ecclesia
1155 1743 1341 1792 recepto,
1374 1752 1424 1780 es:
1457 1737 1716 1780 Justiniano
1750 1739 2031 1792 Imperatore,
2065 1742 2193 1782 Avito

350 1798 596 1851 Viennensi,
646 1797 903 1850 Epiphanio
941 1799 1450 1851 Constantinopolitano,
1495 1799 1715 1852 Stephano
1752 1801 1983 1851 Larissae,
2027 1800 2193 1842 Menna

667 1859 1184 1910 Constantinopolitano,
1228 1863 1268 1900 ct
1301 1859 1540 1911 Profuturo
1586 1860 1865 1903 Bracarensi.

480 1946 570 2000 82.
623 1942 682 1998 S.
711 1942 904 1998 Gelasii
930 1945 1172 2016 epistolae
1213 1946 1276 1999 ad
1302 1944 1597 1999 Orientales
1635 1948 1815 2018 plenae
1842 1957 1960 1999 sunt
1987 1957 2192 2001 senten-

338 2033 449 2098 tiis,
490 2033 669 2104 quihus
707 2033 767 2086 de
806 2033 1115 2086 necessitate
1145 2034 1509 2086 communionis
1537 2053 1647 2087 cum
1675 2033 1911 2087 Romana
1938 2035 2056 2088 sede
2083 2035 2192 2107 agi-

335 2131 431 2172 tur.
485 2120 542 2172 In
571 2119 785 2192 epistola
823 2138 947 2173 vero
979 2120 1064 2172 14.
1092 2120 1336 2173 'recitatis
1362 2121 1523 2172 tribus
1561 2121 1661 2173 illis
1693 2119 2021 2192 Evangelicis
2047 2123 2193 2174 testi-

333 2208 533 2274 moniiS,
562 2208 703 2278 queis
718 2205 775 2260 S.
792 2205 939 2260 Petri
965 2207 1233 2279 primatum
1259 2207 1569 2280 potissimum
1597 2208 1746 2260 inniti
1765 2208 1986 2262 diximus
2014 2228 2123 2282 cap.
2139 2210 2188 2261 5.

333 2296 474 2368 hujus
499 2296 742 2368 primatus
769 2295 1065 2349 instituendi
1093 2314 1298 2367 scopum
1322 2296 1479 2349 fuisse
1504 2296 1752 2350 unitatem
1777 2294 2042 2350 Ecclesiae
2069 2297 2192 2351 haec

332 2385 490 2438 verba
515 2384 794 2450 declarant,
823 2402 950 2455 quae
978 2384 1151 2437 statim
1179 2383 1392 2455 subjecit
1419 2383 1518 2456 (T.
1548 2385 1599 2437 5.
1630 2382 1790 2438 Conc.
1821 2385 1916 2438 col.
1944 2383 2069 2437 341.
2093 2384 2187 2457 c.).

342 2475 526 2533 Quare
553 2476 718 2541 iyitur
746 2475 822 2524 ad
860 2473 1083 2524 Petrum
1124 2480 1234 2524 tam
1251 2476 1516 2540 frequens
1551 2473 1779 2523 Domini
1803 2491 1976 2523 sermo
2004 2474 2190 2541 diriyi-

332 2563 451 2611 tur?
500 2559 780 2627 Numquid
803 2577 927 2610 nam
953 2560 1154 2627 reliqui
1177 2561 1353 2611 sancti
1378 2565 1430 2609 et
1454 2558 1597 2610 beati
1620 2556 1874 2627 Apostoli
1897 2556 2006 2610 non
2035 2568 2193 2611 erant

332 2649 495 2700 simili
534 2648 728 2698 virtute
755 2648 1051 2697 succincti?
1107 2646 1237 2704 Quis
1265 2645 1368 2696 hoc
1395 2647 1597 2697 audeat
1621 2649 1944 2715 affirmare?
1995 2647 2108 2698 Sed
2132 2654 2191 2698 ut

332 2737 510 2803 eapite
537 2736 826 2785 constituto
866 2733 1168 2785 schismatis
1207 2733 1491 2785 tolleretur
1533 2736 1778 2793 occasio,
1819 2739 1871 2784 et
1907 2752 2015 2785 una
2041 2752 2185 2785 mon-

332 2829 601 2875 straretur
653 2839 915 2888 compayo
963 2823 1214 2888 corporis
1257 2820 1486 2880 Christi,
1531 2839 1670 2889 quae
1720 2821 1795 2871 ad
1827 2839 1988 2872 unum
2023 2827 2188 2889 caput

326 2911 722 2979 (florio-sissima
761 2909 1067 2960 dilectionis
1105 2909 1360 2959 societate
1400 2914 1780 2966 concurreret,
1816 2914 1866 2958 et
1902 2926 2010 2958 una
2052 2914 2187 2958 esset

332 2999 609 3057 Ecclesia,
647 2998 736 3048 cui
764 2997 1004 3065 fideliter
1042 2996 1380 3046 crederetur.-
1422 2993 1550 3045 idest
1586 2991 1822 3045 Ecclesia
1857 2991 2094 3044 Romana
2133 2991 2184 3043 in

329 3083 475 3137 Petri
501 3083 595 3136 fide
620 3083 858 3147 fundata,
888 3081 964 3135 cui
994 3098 1108 3134 esse
1137 3079 1437 3132 credendum
1465 3078 1932 3148 adhaerendumque
1971 3077 2186 3130 innuunt

329 3171 480 3223 etiam
507 3169 622 3234 illa,
663 3169 841 3238 quibus
882 3176 998 3239 post
1030 3166 1269 3219 nonnulla
1310 3165 1556 3230 affirmat,
1599 3164 1656 3218 S.
1699 3163 1911 3218 Petrum
1951 3164 2051 3231 (Ibi
2086 3166 2181 3218 col.

328 3257 454 3310 342.
497 3258 563 3323 c.)
594 3259 933 3324 praestitisse
972 3256 1117 3319 sedi,
1159 3270 1318 3322 quam
1352 3255 1468 3320 ipse
1508 3252 1814 3315 benedixit,
1853 3260 1915 3305 ut
1939 3273 1972 3305 a
2003 3256 2183 3322 portis

328 3347 496 3412 inferi
513 3363 802 3413 numquam
817 3361 924 3412 pro
941 3342 1166 3394 Domini
1174 3341 1538 3409 promissione
1558 3342 1823 3401 vincatur,
1849 3342 2185 3407 omniumque

327 3433 395 3483 sit
417 3432 788 3500 fluctuantium
814 3432 1106 3482 tutissimus
1125 3433 1338 3497 portus,
1364 3428 1420 3478 in
1437 3446 1540 3495 quo
1557 3429 1650 3495 qui
1662 3429 2000 3495 requieverit,
2026 3425 2183 3477 beata

330 3525 382 3569 et
424 3524 650 3584 aeterna
689 3521 918 3569 statione
953 3516 1242 3585 qaudebit3
1287 3517 1382 3583 qui
1426 3533 1552 3566 vero
1605 3513 2009 3582 contempserit,
2065 3516 2182 3581 ipse
