2314 3984
790 245 1431 304 ——309---

215 415 557 477 &Auamma
566 424 774 485 martyr
809 414 859 465 in
885 412 1102 485 Dialogo,
1126 410 1490 483 cumEynrho,
1519 408 2010 480 quizpnutremusfw

210 501 488 558 stimonium
525 500 676 557 etiam
711 500 875 554 attulit
912 501 1017 571 ejus
1034 534 1037 540 ·
1052 496 1353 562 secretarii,
1389 492 2009 570 qui-,eamdewepiswlam

212 607 282 641 eat
303 588 800 657 persona-Honor&
823 589 1060 655 scripsit,
1077 584 1490 639 et-vivitfldfflw·
1524 583 1654 636 Cum
1676 578 2012 654 fflmiiiltqssit

209 675 335 731 idem
360 671 710 737 secretarius,
756 676 1058 741 scrip-siuet
1087 671 1314 738 Sei-,qius
1336 682 1498 730 csse,
1513 695 1523 726 2
1537 672 1650 737 qui„-
1675 670 1923 724 diberent.
1948 668 2010 717 15⁷1

220 762 428 817 Christo
453 762 587 814 duas
621 762 924 812 contrarias
956 758 1278 819 voluntates,
1326 758 1696 823 rescripsimus.
1731 753 2012 806 ,Christum

211 867 317 899 non
343 847 582 905 habuisse
608 845 1071 901 duascoutram’as
1106 843 1428 903 voluntates,
1462 844 1665 901 carnis,
1702 843 1942 909 inquam,
1964 845 2013 890 el

213 936 446 1000 spiritns,
470 935 566 986 sed
588 951 743 986 unam
756 938 1131 996 tantunkquae
1154 930 1475 980 naturaliter
1501 929 1877 979 humanitatem
1900 929 2012 996 agius

214 1021 471 1087 siquabat.
521 1016 950 1087 Nequefmoveant
975 1013 1086 1077 illa,
1114 1012 1289 1082 quibus
1314 1011 1568 1066 Honorius
1595 1011 1876 1075 affirmavit,
1901 1012 2011 1062 Do·

213 1108 407 1158 minum
428 1105 605 1159 Jesum
635 1103 898 1156 Christum
921 1119 1079 1153 unum
1113 1107 1447 1167 operatorem
1484 1102 1695 1152 divinae
1729 1105 1886 1166 atque
1924 1098 2012 1148 Im·

213 1208 398 1241 manem
420 1195 669 1240 naturae:
696 1187 816 1240 haec
843 1186 974 1240 enim
999 1186 1282 1238 referuntur
1306 1185 1366 1238 ad
1391 1203 1656 1256 personam
1680 1182 1858 1247 Verbi,
1885 1200 2012 1251 quae

198 1291 306 1336 xuna
330 1283 440 1326 erat
462 1273 515 1324 in
541 1270 772 1338 Christo,
799 1273 926 1324 unde
952 1290 1051 1326 non
1078 1271 1323 1324 absimilia
1347 1272 1579 1341 leguntur
1604 1270 1656 1322 in
1695 1269 1802 1321 aliis
1842 1267 2013 1320 Patri-

212 1361 330 1423 buS,
368 1378 424 1412 ac
462 1359 753 1430 praesertim
787 1358 839 1410 in
878 1357 1117 1428 synodica
1159 1355 1214 1409 S.
1256 1355 1521 1427 Sophronii
1567 1354 2014 1425 Hierosolymitani

212 1444 473 1516 Episcopi,
531 1443 758 1515 (Cone-il.
799 1442 890 1496 VI.
931 1452 1027 1496 act.
1074 1444 1157 1495 12.
1186 1443 1417 1515 inserta)
1457 1463 1552 1514 qua
1589 1440 2013 1496 Monotheliticum

214 1550 434 1584 errorem
459 1532 565 1583 fuse
590 1531 780 1601 rejecit.
830 1528 967 1582 Nihil
994 1548 1114 1600 ergo
1132 1529 1334 1588 dubium
1360 1545 1623 1599 superesse
1661 1537 1825 1600 potest
1849 1528 1908 1578 de
1933 1545 2014 1579 ca-

213 1617 395 1668 tholica
418 1615 628 1668 Honorii
654 1616 918 1670 sententia.

356 1701 442 1753 34.
495 1700 584 1753 Illa
608 1688 798 1754 tantum
824 1703 990 1756 notari
1016 1720 1167 1773 posse
1193 1702 1449 1766 videntur,
1487 1702 1661 1771 quibus
1685 1700 1939 1753 Honorius
1966 1698 2015 1750 in

213 1788 384 1840 iisdem
411 1787 630 1857 epistolis
668 1787 811 1840 unius
850 1799 932 1840 aut
958 1790 1159 1840 duarum
1201 1789 1572 1859 operationum,
1600 1806 1688 1839 seu
1711 1787 2015 1840 voluntatum

214 1891 361 1926 voces
388 1873 648 1934 novitatiS,
688 1892 775 1926 seu
800 1893 961 1928 novae
988 1875 1351 1927 adinventionis
1389 1878 1654 1938 accusans,
1692 1883 1953 1941 utramque
1990 1890 2018 1922 a

215 1959 578 2029 praedicatione
604 1960 712 2012 fidei
745 1979 813 2013 ex
855 1980 1009 2029 aequo
1037 1962 1260 2014 sustulit:
1288 1980 1395 2013 cum
1420 1970 1587 2013 tamen
1614 1961 1813 2012 duarum
1842 1977 2017 2030 opera—

218 2045 403 2096 tionum
429 2054 476 2096 et
501 2046 807 2097 voluntatum
834 2048 1190 2117 professionem
1217 2047 1458 2099 catholica
1483 2048 1601 2099 fides
1637 2047 1825 2098 doceat.
1876 2044 2018 2096 Hanc

218 2141 379 2183 autem
405 2149 576 2183 vocum
602 2132 744 2183 unius
772 2142 856 2184 aut
881 2134 1087 2185 duarum
1115 2135 1422 2192 voluntatum
1449 2152 1505 2185 ac
1532 2133 1874 2203 operationum
1900 2130 2019 2182 reti-

219 2217 451 2280 centiam,
479 2235 566 2269 seu
591 2218 739 2270 etiam
765 2218 1101 2272 inhibitionem
1139 2219 1350 2271 Honorii
1376 2237 1474 2271 non
1502 2218 1653 2271 fuisse
1686 2217 2016 2270 definitionem

219 2303 353 2366 fidei,
380 2304 464 2355 sed
491 2304 803 2374 prudentem,
832 2305 903 2356 uti
929 2306 1215 2370 videbatur,
1258 2305 1640 2376 dispensationis
1666 2303 2019 2366 oeconomiam,

222 2390 271 2440 iu
299 2408 394 2458 qua
421 2408 591 2442 errare
617 2400 822 2460 possunt
848 2392 1026 2443 summi
1051 2390 1340 2456 PontificeS,
1366 2402 1421 2443 ut
1446 2411 1508 2444 ne
1533 2401 1698 2444 tamen
1725 2409 1924 2444 errasse
1950 2392 2021 2442 (11-

217 2485 393 2527 cantur
416 2475 466 2526 in
493 2475 742 2539 doctrina,
771 2494 859 2528 seu
884 2477 1167 2530 definitione
1192 2478 1331 2542 fidei,
1376 2497 1444 2530 ex
1469 2477 1636 2547 Sergii
1662 2474 2021 2529 Constantino-

216 2561 419 2630 politani
446 2562 506 2613 ad
529 2560 803 2614 Honorium
829 2562 1028 2623 litteris,
1057 2581 1180 2632 quae
1206 2563 1346 2634 hujus
1373 2564 1626 2634 rescriptis
1654 2581 1852 2615 causam
1877 2563 2020 2615 dede—

220 2657 359 2708 runt,
387 2648 701 2715 exploratum
727 2649 827 2700 fiet.
865 2647 1092 2718 Exponit
1118 2649 1354 2718 siquidem
1379 2650 1431 2701 in
1456 2649 1577 2720 ipsis
1603 2649 1785 2702 litteris
1811 2647 2021 2718 Sergius

221 2731 555 2798 quaestionem
594 2750 761 2784 coram
796 2732 1028 2786 Heraclio
1055 2733 1358 2804 Imperatore
1393 2754 1424 2786 a
1449 2732 1738 2787 Severianis
1777 2754 1864 2787 seu
1890 2736 2022 2788 Ace-

222 2816 374 2887 phalis
401 2817 686 2881 excitatam,
711 2836 825 2870 num
850 2836 964 2882 una,
992 2837 1054 2870 an
1080 2820 1203 2871 duae
1228 2819 1542 2889 operationes
1568 2830 1619 2872 et
1642 2821 1923 2872 voluntates
1950 2821 2020 2872 di-

224 2903 407 2954 cendae
434 2912 604 2955 essent
629 2904 681 2955 in
707 2902 930 2967 Christo,
957 2905 1008 2956 iu
1035 2923 1131 2973 qua
1158 2905 1443 2974 quaestione
1469 2906 1593 2958 idem
1621 2905 1827 2975 Sergius
1853 2907 1913 2958 ab
1940 2924 2023 2960 eo—

220 2989 326 3041 dem
363 2988 665 3059 Imperatore
701 2990 1037 3060 interrogatus
1075 3010 1163 3061 pro
1209 3009 1307 3042 ima
1351 2991 1638 3062 operatione
1689 3002 1739 3045 et
1773 2993 2023 3046 voluntate

224 3076 571 3145 responderat,
618 3074 852 3128 Heraclio
898 3076 1009 3129 huic
1047 3094 1286 3147 responso
1325 3095 1383 3128 eo
1423 3077 1652 3130 libentius
1700 3078 2021 3142 assentiente,

222 3161 347 3227 quod
383 3170 606 3230 speraret
639 3163 774 3226 fore,
814 3172 867 3214 ut
903 3162 1093 3215 facilius
1132 3162 1222 3214 hac
1259 3163 1342 3215 via
1375 3160 1639 3215 Severiani
1675 3165 1736 3216 ad
1782 3165 2019 3218 unitatem

224 3244 477 3299 Ecclesiae
503 3248 870 3300 adducerentur.
922 3247 1116 3300 Narrat
1141 3267 1289 3318 porro
1318 3246 1509 3319 Cyrum
1555 3259 1704 3303 antea
1725 3249 2020 3323 Episcopmn

221 3329 504 3395 Lazorum,
543 3350 663 3384 mox
697 3333 758 3384 ad
781 3333 1178 3387 Alexandrinam
1216 3335 1379 3387 sedem
1419 3345 1710 3404 promotum,
1735 3337 1890 3390 eidem
1916 3338 2021 3389 uni-

220 3418 311 3468 tati
337 3418 674 3487 procurandae
700 3419 903 3473 feliciter
927 3420 1213 3485 insudasse,
1253 3419 1630 3490 constitutisque
1664 3432 1851 3494 septem
1892 3423 2022 3493 capi-

228 3503 340 3555 tulis
360 3543 372 3566 ‚
425 3523 628 3573 quorum
670 3523 814 3557 unum
860 3517 967 3560 erat
1012 3508 1070 3560 de
1114 3525 1209 3560 una
1254 3507 1506 3562 voluntate
1547 3518 1597 3562 et
1639 3510 1928 3581 operatione
1971 3509 2020 3562 iu
