2320 3990
1015 33 1037 40 ›-

936 178 1610 242 ——136—

344 354 456 413 rat,
493 346 595 400 nisi
622 356 673 400 ut
702 346 950 400 unitatem
978 345 1093 400 fidei
1134 346 1413 415 catholicae
1453 348 1516 410 ab
1543 349 1661 402 Arii
1701 349 1902 403 haeresi
1919 349 2111 422 jamdiu
2137 349 2210 403 di-

343 443 589 488 stractam
623 451 715 506 per
752 449 864 486 eam
904 431 1307 487 communionem
1331 434 1864 506 ubique-,restituerem
1902 437 2033 508 quod
2058 437 2208 491 aliter

341 521 452 575 fieri
479 538 581 574 non
606 529 840 593 poterat,
878 519 980 574 nisi
1018 521 1247 575 eamdem
1275 539 1387 575 cum
1413 511 1638 584 Damaso
1677 526 1847 591 fidem,
1888 543 2036 596 quam
2072 543 2208 578 com-

342 606 710 662 municatoriae
746 608 950 663 litterae
976 610 1330 677 testabantur,
1366 611 1428 664 ab
1456 610 1716 680 omnibus,
1748 613 1838 685 qui
1865 612 2100 666 catholici
2126 631 2208 667 es-

343 704 486 761 sent,
513 695 845 768 profitendam
874 698 1188 752 credidisset.
1242 697 1522 754 Enimvero
1560 699 1655 754 hoc
1690 700 1822 755 idem
1858 700 2068 755 unitatis
2094 699 2209 754 fidei

342 782 606 858 Imperiale
655 784 917 839 consilium
966 787 1231 841 confirmat
1280 787 1382 841 alia
1420 785 1750 860 Imperatoris
1789 787 2068 844 Theodosii
2118 789 2207 842 lex

344 870 747 928 Thessalonicae
788 873 930 941 data,
977 872 1527 949 Constantinopolique
1563 877 1854 951 proposita,
1894 895 1994 948 qua
2032 894 2208 930 omnes

344 957 669 1015 Christianos
698 980 807 1015 cum
834 962 928 1017 fide
955 962 1220 1019 Romanae
1264 964 1511 1020 ecclesiae
1552 965 1826 1020 convenire
1854 965 2102 1018 sancitum
2130 974 2209 1018 est

344 1046 511 1121 (Cod.
554 1049 752 1104 Theod.
793 1050 877 1103 lib.
911 1050 996 1105 16.
1034 1051 1115 1105 tit.
1151 1053 1197 1106 1.
1244 1054 1278 1106 l.
1311 1052 1424 1122 1.).
1500 1054 1729 1108 Cunctos
1765 1055 2034 1124 populos,
2074 1073 2207 1124 quos

342 1139 657 1192 clementiae
684 1147 903 1194 nostrae
931 1146 1071 1213 reyit
1095 1149 1600 1212 temperamentum,
1638 1145 1692 1194 iu
1733 1144 1835 1195 tali
1861 1144 2099 1196 volumus
2127 1161 2207 1194 re-

344 1228 545 1297 ligione
574 1233 810 1292 versari,
851 1250 1010 1301 quam
1037 1234 1275 1285 divinum
1304 1232 1529 1285 Petrum
1556 1229 1879 1300 Apostolum
1915 1232 2208 1283 tradidisse

347 1315 608 1367 Romanis
635 1319 831 1392 reliyio
857 1339 1035 1389 ‚usque
1064 1322 1140 1372 ad
1161 1339 1304 1373 nuuc
1331 1323 1606 1372 insinuata
1632 1321 1908 1381 declarat,
1945 1337 2209 1388 quamque

346 1401 666 1473 Pontificem
692 1404 992 1458 Damasum
1031 1410 1185 1478 sequi
1209 1409 1411 1468 claret,
1452 1413 1504 1458 et
1531 1406 1762 1460 Petrum
1791 1404 2210 1459 Aleoeaozdrinae

343 1491 491 1543 urbis
519 1492 854 1562 Episcopum
884 1496 1051 1547 virum
1080 1493 1433 1566 Apostole'cae
1472 1498 1795 1548 sanctitatis.
1849 1491 2039 1546 Nonne
2066 1493 2210 1564 hujus

345 1578 472 1651 legis
501 1598 682 1653 scopus
720 1580 774 1633 in
814 1583 1160 1654 promovenda
1186 1583 1383 1637 unitate
1411 1581 1680 1637 Romanae
1707 1582 1818 1637 fidei
1845 1592 2020 1655 utpote
2047 1581 2211 1635 omni-

343 1668 436 1721 hus
472 1668 733 1723 catholicis
774 1670 1069 1724 necessaria
1108 1672 1376 1725 manifeste
1416 1671 1768 1742 dignoscitur?
1838 1667 1985 1737 Quod
2025 1669 2068 1721 si
2107 1688 2208 1729 non

343 1766 447 1808 tam
486 1753 697 1809 Damasi
739 1756 963 1810 Romani
991 1757 1290 1825 PontificiS,
1330 1778 1479 1830 quam
1516 1757 1663 1812 Petri
1705 1757 2048 1812 Alexandrini
2088 1757 2209 1809 fides

343 1843 625 1915 ingeritur3
656 1864 757 1899 non
785 1857 956 1900 tamen
984 1846 1155 1901 eadem
1183 1846 1402 1900 ratione.
1457 1845 1711 1900 Damasus
1740 1846 1873 1900 enim
1900 1854 2212 1898 memoratur

345 1942 556 2004 propter
596 1952 718 1988 suae
759 1935 893 1988 sedis
929 1935 1073 1988 fidem
1117 1954 1146 1988 a
1184 1933 1241 1988 S.
1271 1933 1432 1988 Petro
1461 1933 1711 1987 Romanis
1754 1933 2020 1999 traditam,
2060 1952 2208 2004 quam

345 2023 568 2075 eumdem
599 2023 744 2094 sequi
772 2023 1092 2078 manifestum
1120 2033 1262 2090 erat3
1293 2022 1481 2076 Petrus
1511 2032 1678 2076 autem
1690 2021 2080 2076 Alexandrinus
2109 2040 2210 2074 nou

346 2110 408 2162 ob
446 2110 589 2164 fidem
616 2111 1007 2166 Alexandrinae
1044 2111 1313 2165 cathedrae
1349 2113 1635 2184 profertur,
1675 2112 1764 2165 sed
1789 2121 2038 2183 quatenus
2066 2109 2209 2163 fidem

346 2196 612 2252 Romanae
641 2202 948 2270 sequebatur
974 2198 1237 2254 Ecclesiae
1255 2241 1268 2266 ,
1310 2219 1368 2254 ac
1396 2200 1448 2253 in
1476 2200 1650 2254 eadem
1689 2200 1783 2253 fide
1812 2199 2212 2254 communicabat

344 2306 454 2339 cum
494 2285 751 2356 DamaSO,
806 2292 947 2363 cujus
989 2288 1184 2361 quidem
1225 2288 1536 2355 communiO,
1584 2299 1634 2342 et
1683 2289 1852 2343 unitas
1892 2287 1943 2342 in
1981 2287 2211 2340 doctrina

346 2375 456 2428 fidei
484 2374 567 2447 (ut
593 2376 946 2451 interpretatio
977 2375 1214 2432 Flaviani
1251 2377 1522 2449 indicavit)
1562 2378 1615 2430 in
1643 2377 1966 2431 Antiocheno
2003 2374 2210 2428 dissidio

344 2483 413 2515 ex
442 2463 677 2519 Gratiani
714 2468 827 2538 lege
866 2467 1098 2538 quaesita
1135 2466 1254 2530 fuit,
1294 2475 1347 2517 ut
1383 2485 1447 2519 ne
1485 2466 1766 2519 communio
1805 2475 1854 2519 et
1892 2465 2003 2518 fidei
2042 2464 2209 2517 unitas

345 2570 454 2603 cum
483 2549 643 2604 Petro
671 2551 1029 2606 Alexandrino
1059 2562 1411 2623 quaereretur.

490 2637 579 2692 31.
620 2639 731 2695 Hoc
759 2651 1110 2713 argumentum
1137 2651 1190 2694 ut
1219 2640 1427 2694 elideret
1465 2640 1664 2711 quidam
1695 2639 1912 2714 (Ti-aite
1942 2641 2000 2694 de
2028 2641 2209 2692 l'auto-

344 2725 440 2779 rite
469 2727 532 2779 du
559 2725 728 2802 Pape)
758 2729 1066 2803 Anonymus
1095 2749 1339 2784 suasurus
1367 2729 1492 2783 nihil
1518 2729 1775 2802 peculiare
1804 2721 2040 2782 Romano
2070 2726 2211 2781 Pon-

345 2814 462 2867 tifici
502 2835 562 2869 ca
589 2815 826 2871 Gratiani
863 2820 975 2890 lege
1015 2819 1417 2872 connnunionem
1457 2819 1562 2890 ejus
1599 2818 1892 2889 requirente
1927 2817 2082 2870 fuisse
2119 2817 2211 2869 tri-

348 2905 542 2971 butum,
596 2906 724 2960 satis
772 2917 913 2973 erat,
967 2907 1160 2978 inquit,
1212 2907 1577 2980 Imperatorem
1624 2906 1897 2960 credidisse
1934 2905 2211 2959 Damasum

346 2993 499 3046 fnisse
551 2995 924 3062 orthodoxum,
977 3006 1031 3048 ut
1083 2997 1193 3067 ejus
1235 2994 1638 3048 communionem
1690 2994 1983 3065 praecipere
2016 3003 2208 3064 posset.

345 3080 476 3137 Hinc
502 3092 609 3138 tres
638 3085 764 3138 alias
792 3085 932 3157 leges
960 3082 1177 3155 ingerit,
1207 3083 1257 3135 in
1287 3082 1466 3152 quibus
1495 3081 1554 3134 de
1583 3080 1933 3134 communione
1962 3099 2071 3134 cum
2099 3081 2212 3134 aliis

346 3167 614 3244 Episcopis
642 3173 900 3229 decretum
928 3174 1048 3240 fuit,
1090 3172 1227 3225 nulla
1255 3169 1477 3224 Romani
1507 3166 1772 3221 Pontificis
1801 3169 2089 3234 mentione,
2129 3169 2213 3240 qui

345 3261 825 3330 praetermittendus
864 3283 966 3317 non
1008 3272 1145 3327 erat,
1185 3259 1230 3313 si
1265 3257 1539 3313 catholicae
1577 3257 1944 3311 communionis
1985 3268 2210 3312 centrum

347 3344 545 3401 habitus
575 3350 768 3406 fuisset.
823 3350 1003 3405 Prima
1042 3360 1121 3405 cst
1158 3351 1247 3403 lex
1275 3345 1554 3400 Theodosii
1597 3346 1736 3418 (cod.
1767 3345 1965 3399 Theod.
2006 3345 2090 3398 lib.
2125 3345 2209 3399 16.

348 3433 424 3486 tit.
458 3434 506 3487 l.
535 3435 568 3488 l'.
598 3436 712 3511 3.),
740 3440 792 3492 in
821 3459 919 3512 qua
946 3439 1176 3495 undecim
1201 3434 1459 3509 Episcopi,
1490 3453 1601 3488 cum
1631 3434 1810 3505 quibus
1838 3433 2212 3487 conmiunican-

348 3522 459 3575 dum
490 3534 655 3593 esset,
695 3527 805 3582 sine
835 3528 1070 3584 Romano
1100 3518 1451 3583 recensentur.
1510 3522 1692 3576 Altera
1721 3521 1959 3587 Arcadii,
2001 3540 2096 3591 qua
2127 3539 2212 3573 eos

2271 518 2320 831 *nm*
2279 471 2303 505 μ
2283 439 2286 442 *

2304 1659 2320 1722 :aas
2302 1562 2320 1594 11³.
