2314 3984
960 234 1624 294 *220*

366 422 484 457 cum
521 405 622 457 illa
661 420 828 472 usque
854 403 911 454 in
942 404 1106 471 finem
1144 395 1533 471 saperw‘aiam
1563 408 1664 461 illa
1701 425 1911 476 semper
1945 408 2224 460 ambulare

365 493 600 550 studete,
641 488 708 541 ab
742 489 844 541 illa
882 490 1102 542 deviare
1140 492 1306 558 nefas
1320 490 1602 562 judicato,
1638 495 1706 546 ab
1748 499 1862 567 ejus
1905 496 2225 562 discrepare

367 596 525 654 sensu
562 595 630 628 ne
668 577 744 629 ad
779 578 1047 630 modicum
1073 595 1285 647 quoque
1311 583 2014 648 momentumconsentiatis.
2078 581 2225 640 Quos

364 665 464 717 illa
490 666 713 733 recipit,
753 671 806 716 et
841 683 934 718 vos
969 667 1198 733 recipite
1235 683 1476 734 quoque,·
1513 671 1567 716 et
1603 669 1862 735 quasilla
1887 669 2112 736 respuit,
2140 667 2226 718 ab·

365 755 513 822 iyere
541 754 678 821 ipsi,
706 754 846 804 sicut
869 755 1020 821 ipsa,
1058 759 1386 805 mementote.
1443 751 1569 804 Non
1597 755 1737 804 enim
1761 755 1862 808 illa
1888 757 2098 824 respuit
2122 756 2229 806 nisi

370 840 634 900 membra,
662 858 800 909 quae
828 840 932 892 sibi
955 859 1064 892 non
1091 840 1388 892 cohaerent
1399 859 1416 902 ,-
1443 858 1544 892 nec
1571 859 1604 892 a
1629 858 1686 892 se
1712 844 1936 902 recidit,
1961 845 2070 894 nisi
2094 860 2227 910 quos

368 931 421 979 in
461 928 780 981 scandalum
816 929 996 981 multis
1024 930 1239 996 positos
1279 928 1706 996 comprehendit.
1786 928 1943 990 Non,
1992 931 2226 997 inquam,

367 1016 566 1067 recidit
599 1017 686 1068 vel
710 1018 853 1068 eruit
876 1036 910 1068 a
937 1035 993 1069 se
1019 1018 1127 1067 nisi
1162 1015 1478 1076 membrum,
1518 1017 1667 1086 quod
1702 1018 1848 1068 sanis
1886 1015 2132 1068 membris
2174 1018 2227 1066 in

368 1105 714 1174 offensionem
742 1110 794 1155 et
810 1105 1113 1171 perniciem
1137 1106 1379 1156 noscitur
1408 1106 1664 1156 extitisse.

515 1189 639 1244 100.
669 1189 975 1243 Hincmarus
992 1188 1267 1243 Remensis
1295 1189 1347 1242 in
1374 1190 1691 1262 praefatione
1718 1190 1940 1262 opusculi
1967 1190 2026 1243 de
2040 1188 2230 1243 Divor-

369 1277 440 1330 tio
470 1275 705 1330 Lotbarii
731 1288 782 1331 et
809 1276 1142 1347 Teutbergae
1161 1317 1175 1342 ,
1206 1279 1292 1330 De
1319 1279 1561 1331 omnibus
1589 1279 1791 1339 dubiis,
1819 1277 1908 1342 ait,
1936 1280 2023 1330 rel
2048 1278 2230 1329 obscu-

366 1367 473 1425 ris,
501 1383 639 1433 quae
667 1367 743 1416 ad
766 1371 946 1416 rectae
969 1366 1104 1433 fidei
1128 1371 1395 1423 tenorem,
1435 1366 1522 1416 vel
1537 1368 1762 1432 pietatis
1790 1366 2044 1433 doymata
2065 1367 2231 1431 perti-

369 1458 523 1511 nent,
575 1451 630 1502 S.
663 1450 915 1504 Romana
943 1452 1174 1503 ecclesia
1213 1458 1273 1504 ut
1299 1454 1532 1503 onmium
1560 1451 1932 1503 Ecclesiarum
1969 1456 2141 1502 mater
2184 1458 2236 1502 et

368 1541 658 1609 magistra,
684 1541 876 1591 nutrix
904 1558 968 1591 ac
995 1540 1219 1591 doctrix
1248 1545 1328 1591 est
1353 1539 1715 1599 consulenda,
1755 1545 1806 1590 et
1851 1543 1962 1610 ejus
1990 1537 2233 1590 salubria

366 1630 570 1680 monita
596 1634 721 1679 sunt
744 1627 994 1679 tenenda.
1025 1623 1094 1677 Et
1118 1625 1172 1679 in
1199 1626 1326 1678 libro
1355 1626 1414 1678 de
1427 1623 1904 1678 Praedestinatione
1931 1624 2107 1695 cap.4.
2141 1625 2231 1675 Se-

369 1718 579 1785 quimur
606 1722 810 1775 autem,
838 1733 975 1783 quae
1002 1715 1274 1767 catholica
1303 1721 1355 1765 et
1377 1711 1694 1781 Apostolica
1721 1732 1816 1765 uos
1844 1714 2002 1764 docet
2031 1713 2090 1763 S.
2124 1711 2231 1762 Ro-

370 1822 529 1854 mana
557 1805 800 1855 ecclesia.
854 1799 923 1852 Et
961 1819 1004 1854 c.
1044 1801 1130 1854 24.
1175 1803 1319 1862 Piis,
1358 1802 1591 1861 devotis,
1632 1807 1791 1869 atque
1819 1799 2102 1851 catholicis
2132 1799 2233 1850 loeoc

370 1892 527 1943 debet
550 1895 832 1961 sufficere,
879 1891 1028 1959 quod
1065 1892 1295 1942 omnium
1324 1890 1694 1941 Ecclesiarum
1722 1894 1890 1940 mater
1918 1892 2106 1939 sancta
2147 1904 2231 1938 ca·

367 1980 603 2040 tholica,
631 1986 791 2049 atque
820 1975 1142 2046 Apostolica
1169 1978 1330 2029 docet
1359 1977 1609 2029 Romana
1637 1977 1902 2028 Ecclesia.

520 2066 643 2118 101.
700 2064 869 2117 Multa
897 2064 1000 2117 alia
1036 2063 1219 2117 similia
1266 2063 1479 2116 aliorum
1519 2062 1813 2116 testimonia
1840 2059 2090 2132 subjicere
2116 2077 2233 2131 pos-

369 2173 474 2208 sem
492 2193 505 2220 ,
535 2171 661 2224 quae
689 2153 782 2206 hoc
810 2152 892 2206 vel
921 2150 1245 2223 sequentibus
1274 2150 1488 2204 saeculis
1517 2149 1740 2203 eamdem
1779 2158 1884 2200 tum
1926 2146 2234 2215 communio-

369 2242 448 2295 nis
475 2252 580 2294 tum
606 2241 719 2294 fidei
745 2240 1061 2313 potissimum
1088 2239 1336 2293 unitatem
1364 2258 1476 2292 cum
1504 2236 1741 2290 Romana
1780 2237 1898 2290 sede
1926 2235 2233 2306 summisque

371 2329 703 2383 Pontificibus
730 2329 842 2401 pari
869 2329 1069 2382 ratione
1097 2328 1477 2392 commendant,
1506 2345 1566 2379 ac
1592 2325 1851 2395 utriusque
1877 2322 2234 2377 necessitatem

369 2418 643 2471 declarant.
696 2415 798 2470 Sed
827 2417 1144 2488 antiquiora,
1174 2434 1303 2486 quae
1331 2415 1575 2468 hactenus
1603 2412 1807 2486 protuli,
1838 2411 1965 2484 apud
1993 2411 2235 2464 adversa-

371 2506 475 2557 rios
505 2504 824 2573 antiquitatis
851 2505 1077 2556 maxime
1106 2503 1361 2555 studiosos
1390 2502 1621 2554 sufficere
1650 2500 1898 2563 arbitror,
1926 2508 1981 2550 ut
2005 2497 2213 2550 traditio
2220 2548 2233 2572 9

371 2611 521 2662 quam
548 2591 642 2644 hoc
677 2591 841 2662 capite
879 2590 1232 2663 exponendam
1268 2587 1538 2661 proposui,
1579 2586 1705 2639 satis
1745 2604 1994 2658 superque
2021 2585 2233 2656 probata

374 2680 433 2732 ab
461 2677 585 2750 ipsis
613 2696 809 2748 quoque
827 2679 1108 2751 judicetur:
1138 2696 1248 2731 cum
1275 2675 1577 2749 praesertim
1594 2683 1786 2728 certum
1814 2673 1897 2738 sit,
1927 2673 2237 2741 subsequen-

373 2767 505 2820 tibus
534 2785 592 2820 ac
618 2765 986 2838 posterioribus
1028 2765 1244 2819 saeculis
1282 2763 1557 2818 catholicos
1597 2762 1830 2814 doctores
1870 2761 1930 2813 de
1967 2758 2234 2812 Romanae

372 2855 506 2909 sedis
536 2853 840 2908 auctoritate
866 2853 940 2906 ita
966 2852 1234 2925 scripsisse
1251 2893 1264 2918 ,
1292 2862 1346 2905 ut
1371 2853 1424 2906 in
1453 2848 1751 2922 dogmaticis
1790 2847 2091 2921 praesertim
2119 2866 2236 2919 pro-

372 2944 482 3016 prie
509 2942 653 2996 dictis
681 2939 1052 2996 definitionibus
1080 2943 1190 2993 eam
1218 2941 1390 3012 plures
1431 2937 1756 3011 amplioribus
1799 2955 1948 3007 quam
1976 2936 2094 2988 olim
2121 2953 2237 2989 ver-

371 3032 448 3085 bis
487 3041 637 3101 atque
675 3027 961 3083 nominibus
1003 3027 1400 3079 commendarint
1447 3023 1856 3096 explicarintque
1901 3021 2234 3087 luculentius3

373 3139 466 3174 nec
504 3119 766 3190 quisquam
801 3115 964 3187 quoad
1023 3113 1237 3166 unitatis
1283 3112 1540 3184 cogendae
1591 3109 2003 3182 praerogativam
2021 3149 2034 3174 ,
2088 3127 2236 3179 quam

372 3225 549 3261 omnes
577 3225 646 3261 ex
673 3202 932 3278 principiis
973 3201 1314 3256 communibus
1354 3199 1772 3270 antiquorumque
1815 3196 2057 3250 doctrinis
2085 3196 2237 3249 habe—

372 3296 494 3347 bant
521 3295 843 3368 exploratam
860 3333 874 3358 ,
903 3290 1252 3363 quaestionem
1278 3285 1497 3343 moverit
1509 3284 1585 3357 *).
1615 3283 1691 3338 Ita
1718 3303 1873 3357 porro
1900 3284 2106 3337 traditio
2133 3301 2235 3336 non

494 3458 540 3510 *)
574 3461 826 3510 Quamquam
860 3457 896 3496 si
930 3457 1096 3508 quidam
1130 3453 1516 3508 etiamvmovissent
1550 3451 1590 3490 in
1625 3463 1675 3491 eo
1702 3449 2005 3502 quaestionem,
2040 3448 2236 3487 Bossueti

373 3519 583 3560 sententia
621 3518 692 3561 lib.
711 3519 776 3560 IV.
811 3517 1092 3567 Defensionis
1125 3514 1281 3556 declar.
1321 3514 1431 3555 Cter.
1471 3513 1627 3553 Gallie.
1662 3525 1697 3550 c.
1717 3511 1789 3551 16.
1809 3512 1917 3562 part.
1939 3507 1983 3547 2.
2012 3520 2111 3560 pag.
2129 3507 2234 3547 218.

377 3581 445 3622 hic
481 3579 657 3621 maxime
692 3578 826 3619 locum
860 3576 1062 3618 haberet:
1106 3574 1313 3625 Theologi
1345 3585 1513 3625 ἔγω-(ἐ,
1533 3575 1760 3624 postquam
1781 3569 2051 3623 exploratam
2083 3567 2239 3609 habent
