2314 3984
703 264 1351 322 —245—

122 434 315 486 ratione
339 431 964 505 primatusfundamentum
991 430 1248 486 Ecclesiae
1275 433 1455 485 iterum
1483 431 1729 485 affirmare
1747 472 1760 497 ‚
1788 431 1932 502 idque

121 537 226 572 cum
251 517 514 591 praecipua
540 521 857 571 auctoritate
883 518 934 570 in
961 535 1277 572 successores
1303 520 1410 589 ejus
1436 517 1719 584 transiisse,
1745 527 1799 570 ut
1823 517 1935 571 {idei

122 603 359 657 unitatem
385 603 689 668 contineant,
718 612 866 672 atque
892 601 1220 656 confirment?
1259 600 1389 656 Hinc
1416 602 1599 656 fatetur
1623 613 1736 675 post
1761 622 1933 676 pauca,

122 687 176 742 S.
207 687 415 742 Petrum
443 687 653 741 Romam
682 689 949 760 profectum
974 689 1166 740 ibidem
1184 692 1374 757 fixisse
1391 692 1753 758 principalem
1787 690 1935 742 Clari-

120 778 409 828 stt’anorum
436 778 637 836 sedem,
675 779 729 827 in
766 793 874 843 qua
905 776 1041 844 fides
1083 778 1521 842 confirmaretur,
1555 772 1623 827 Et
1650 775 1794 846 paulo
1820 784 1933 846 post

121 858 376 912 Christum
402 862 682 932 alloquens,
731 861 936 920 Quare,
962 857 1059 923 ait,
1087 859 1318 912 Domine
1345 864 1420 913 ita
1446 863 1758 931 disposuisti
1779 881 1934 931 neqo-

122 949 275 1007 ta‘am,
301 955 359 999 ut
388 948 444 999 S.
490 948 645 1000 Petri
684 963 1036 1004 successores,
1088 946 1272 1012 quibus
1314 947 1528 1015 Papae,
1562 949 1701 999 idest
1750 947 1934 1000 Patris

120 1052 305 1084 nomen
326 1052 429 1101 per
456 1036 871 1086 antonomasiam
897 1031 1166 1094 tribuitur,
1195 1052 1316 1084 suos
1338 1036 1543 1100 fratres
1570 1036 1939 1101 confirmarint

122 1122 173 1168 in
195 1121 333 1186 fide,
360 1126 412 1170 et
434 1119 584 1169 sedes
616 1116 672 1166 S.
704 1114 860 1167 Petri
882 1119 1102 1169 unitatis
1128 1119 1278 1168 sedes
1308 1121 1506 1184 faerit,
1544 1121 1598 1168 in
1626 1137 1733 1186 qua
1758 1137 1935 1169 omnes

121 1204 402 1271 Episcopi,
429 1219 606 1254 omnes
626 1203 843 1269 fideles,
874 1209 1124 1271 pastores
1161 1221 1365 1263 omnes,
1404 1222 1683 1272 omnesque
1723 1222 1842 1255 oves
1882 1206 1935 1254 in

121 1307 275 1340 anmn
313 1291 587 1340 coiverunt
612 1328 622 1338 .
652 1328 662 1337 .
692 1328 702 1338 .
732 1328 741 1338 .
796 1288 856 1339 In
891 1291 1009 1356 ipsa
1050 1307 1254 1356 semper
1292 1309 1418 1342 vera
1449 1292 1584 1358 fides
1623 1293 1935 1359 confirmata

121 1382 222 1425 est.-
251 1373 477 1443 additque
503 1373 767 1437 nonnulla,
796 1373 970 1441 quibus
999 1371 1253 1425 Christum
1280 1393 1368 1445 pro
1397 1374 1538 1444 hujus
1567 1375 1696 1427 sedis
1724 1375 1814 1428 fide
1832 1414 1845 1438 ,
1874 1394 1935 1427 ne

122 1459 368 1523 deficeret,
396 1476 570 1510 orasse
596 1459 881 1528 profitetur:
909 1477 1005 1527 qua
1032 1460 1090 1511 de
1117 1478 1171 1511 re
1198 1459 1368 1512 ultimo
1397 1459 1558 1531 capite
1585 1478 1650 1512 ex
1680 1460 1934 1531 proposito

122 1562 341 1613 agemus.
394 1541 538 1611 Quod
565 1544 606 1596 si
634 1544 941 1597 conditiones
967 1545 1203 1613 quasdam
1229 1546 1514 1611 interserit,
1542 1564 1664 1616 quas
1691 1547 1750 1597 ad
1777 1547 1936 1599 caleu-

121 1630 194 1682 los
219 1630 560 1684 revocabimus
597 1629 908 1701 paragrapho
944 1631 1199 1700 sequenti3
1237 1650 1368 1684 nunc
1411 1632 1461 1684 in
1490 1652 1592 1686 rem
1618 1643 1934 1704 praesentem

121 1714 327 1779 sufficit,
354 1715 651 1768 testimoniis
678 1717 780 1785 ejus
806 1716 1064 1785 probasse,
1092 1716 1248 1787 ipsum
1278 1736 1384 1770 cum
1411 1718 1666 1789 principiis
1694 1718 1934 1771 hactenus

120 1800 402 1853 constitutis
428 1801 623 1872 penitus
651 1801 932 1854 convenire.
977 1800 1141 1872 Ipsum
1167 1803 1295 1855 enim
1323 1804 1483 1874 palam
1510 1804 1822 1874 profitentem
1850 1822 1935 1856 au-

119 1884 343 1950 divimus,
371 1890 595 1939 tuendae
622 1906 685 1938 ac
707 1890 1004 1956 firmandae
1033 1892 1190 1940 totius
1219 1891 1494 1942 Ecclesiae
1522 1894 1716 1942 unitati
1745 1891 1801 1942 S.
1836 1891 1932 1942 Pe-

120 1974 192 2021 tri
206 1975 497 2039 primatum
523 1973 674 2025 fuisse
701 1976 1020 2034 inste'tatum,
1048 1993 1253 2044 eumque
1281 1978 1605 2044 amplissima
1625 1996 1765 2045 prae
1805 1983 1933 2028 cete-

120 2060 192 2108 ris
211 2065 475 2124 potestate
496 2061 803 2127 praeditum
829 2059 889 2111 ad
914 2059 1120 2112 unitatis
1146 2060 1292 2112 finem
1320 2060 1588 2113 efficaciter
1627 2080 1934 2131 consequen-

120 2142 253 2192 dum:
281 2142 406 2195 hunc
445 2144 704 2214 primatum
745 2161 814 2195 ex
853 2144 945 2197 fide
982 2146 1292 2216 potissimum
1331 2143 1386 2196 S.
1427 2144 1570 2198 Petri
1603 2149 1846 2217 pendere,
1877 2167 1933 2199 ac

120 2227 367 2297 respicere
392 2229 697 2298 potissimum
719 2230 827 2282 fidei
847 2229 1102 2295 unitatem,
1130 2249 1186 2283 ac
1206 2240 1472 2301 propterea
1494 2233 1598 2302 ejus
1620 2233 1759 2285 fidem
1779 2233 1933 2285 fuisse

118 2322 309 2382 petram
334 2323 384 2366 et
407 2314 1058 2379 fundamentumEcclesiae,
1082 2316 1156 2368 cui
1181 2334 1353 2369 omnes
1378 2317 1602 2371 catholici
1627 2319 1806 2371 debent
1827 2321 1934 2372 uni—

118 2407 221 2451 tate
247 2399 355 2451 fidei
382 2400 678 2453 adhaerere:
705 2400 831 2454 hunc
856 2402 1118 2472 primatum
1146 2421 1246 2454 non
1266 2403 1474 2457 desiisse
1493 2403 1543 2455 in
1565 2403 1741 2469 Petro,
1766 2406 1851 2458 sed
1875 2406 1934 2456 ad

117 2501 432 2537 successores
459 2487 566 2557 ejus
594 2486 850 2539 Romanos
872 2485 1144 2540 Pontifices
1173 2489 1456 2554 transiisse,
1485 2508 1606 2558 quos
1634 2491 1802 2542 eadem
1831 2491 1933 2541 uni-

117 2570 234 2622 tatis
260 2571 471 2624 tuendae
497 2573 850 2643 praerogativa
875 2592 932 2627 ac
956 2584 1205 2646 potestate
1231 2575 1484 2646 praeditos
1511 2575 1581 2627 ita
1607 2577 1840 2644 agnovit,
1881 2586 1931 2627 ut

118 2664 166 2706 et
192 2654 286 2724 ipsi
312 2656 372 2706 ob
398 2657 536 2708 fidem
565 2659 858 2728 praesertim
878 2698 892 2722 ,
919 2679 1063 2728 quam
1100 2679 1207 2712 cum
1234 2680 1261 2712 e
1288 2659 1433 2713 Petri
1466 2660 1700 2713 cathedra
1738 2663 1932 2725 docent,

119 2737 174 2790 S.
215 2738 400 2792 Petrus
437 2741 487 2792 in
527 2742 648 2812 ipsis
683 2743 897 2812 loquitur
935 2755 985 2796 et
1010 2745 1179 2807 docet,
1221 2763 1510 2815 semperque
1537 2747 1793 2813 loquetur,
1833 2746 1929 2797 sint

117 2826 480 2878 fundamentum
507 2825 761 2880 Ecclesiae
788 2838 838 2881 et
864 2838 1086 2880 centrum
1112 2828 1265 2879 totius
1293 2829 1566 2881 catholicae
1593 2829 1799 2882 unitatis
1817 2870 1830 2893 ,
1862 2849 1929 2883 ex

118 2930 210 2979 quo
238 2930 409 2964 omnes
436 2913 601 2965 fideles
627 2913 805 2966 debent
831 2933 938 2966 eum
961 2913 1192 2966 Romana
1218 2914 1309 2966 fide
1329 2914 1613 2979 convenire,
1640 2915 1710 2966 nti
1736 2914 1929 2970 Irenaei

115 3006 286 3048 textus
323 2998 382 3049 ab
418 2998 524 3069 ipso
565 2999 787 3050 laudatus
826 3000 1060 3052 declarat.
1114 2997 1242 3066 Quid
1280 2999 1446 3070 plura,
1483 3010 1536 3051 ut
1562 3001 1928 3072 principiorum,

113 3099 236 3148 quae
262 3083 659 3152 praestituimus,
689 3085 975 3156 approbatio
992 3127 1005 3145 ,
1039 3085 1259 3154 tantique
1288 3084 1382 3137 viri
1426 3104 1699 3140 consensus
1727 3088 1928 3141 demon-

117 3169 338 3218 stre-tur?
