2320 3990
955 230 1307 287 ——68
1399 264 1572 274 -Μ

337 401 575 454 monibus
616 407 667 452 et
701 400 1156 468 disputationibus
1201 402 1313 453 suis
1353 402 1584 458 obscura
1624 405 1785 476 Leqis
1826 409 1879 458 in
1913 406 2193 474 publicum

335 491 679 542 deducerent.
734 483 932 540 Similia
969 487 1099 542 idem
1127 485 1185 541 S.
1215 485 1411 542 Doctor
1437 488 1652 546 inculcat
1688 493 1741 546 in
1780 492 1907 547 libro
1935 493 2024 545 De
2051 496 2195 546 dono

329 579 771 644 perseverantiae
814 594 950 628 num.
981 575 1069 631 53.
1120 577 1408 648 fateturque
1447 577 1556 632 loca
1600 581 2011 651 Scripturarum
2050 572 2196 634 occa-

335 663 478 717 sione
504 661 818 736 pelagianae
854 662 1128 718 haereseos
1168 670 1442 736 copiosius
1482 677 1533 720 et
1571 671 1900 726 enucleatius
1941 669 2195 742 explicata

338 762 487 823 atque
513 752 749 816 defensa,
791 771 951 822 quam
978 757 1027 806 si
1049 755 1205 809 nulla
1232 757 1358 809 talis
1385 760 1677 810 necessitas
1703 762 1980 828 coeyisset.
2039 756 2197 810 Plura

335 840 554 912 ejusdem
579 839 786 911 generis
813 841 1049 914 exempla
1066 839 1350 898 Bossuetus
1378 844 1488 898 loco
1519 845 1719 899 laudato
1747 845 1962 919 subjicit,
1991 864 2062 899 ex
2089 846 2198 916 qui-

335 930 424 981 bus
451 929 614 1001 palam
643 938 738 994 est,
765 928 955 1000 inquit,
984 931 1235 985 haereses
1263 937 1482 1002 aperire
1510 937 1645 987 viam
1676 937 1752 988 ad
1776 937 2196 1004 explicationem

335 1037 618 1071 sacrorum
644 1021 1068 1093 testimoniorum
1096 1026 1446 1084 exactiorem,
1475 1030 1527 1075 et
1552 1026 1627 1076 ita
1655 1044 1687 1075 a
1711 1026 1852 1093 fide,
1881 1043 2019 1094 quae
2038 1026 2199 1093 prius

337 1108 524 1159 eadem
544 1107 831 1168 obtinebat,
859 1110 935 1160 ad
952 1112 1298 1173 intellectum,
1320 1119 1583 1182 quatenus
1605 1113 1963 1165 imbecillitati
1981 1120 2201 1165 nostrae

336 1198 613 1265 conyruit,
639 1214 738 1247 nos
759 1200 1068 1264 pervenire.
1124 1194 1384 1266 Quorsum
1422 1199 1545 1253 haec
1573 1200 1634 1252 ad
1662 1201 1794 1253 nos?
1847 1199 2105 1252 Nimirum
2135 1219 2198 1252 ne

338 1282 563 1348 novitas,
602 1301 731 1352 quae
758 1283 870 1335 fidei
909 1283 1215 1338 intellectum
1243 1296 1437 1339 tantum
1481 1287 1749 1360 respiciat,
1778 1288 2060 1341 damnanda
2086 1307 2202 1361 per-

338 1369 451 1422 inde
480 1370 740 1435 credatur,
776 1387 835 1423 ac
874 1370 1103 1437 novitaS,
1143 1392 1273 1442 quae
1301 1373 1466 1444 tangit
1492 1374 1835 1428 ‘substantiam
1862 1377 2006 1430 fidei:
2044 1395 2101 1430 ac
2128 1377 2202 1428 id-

337 1459 472 1511 circo
501 1476 647 1511 nemo
677 1458 797 1511 mihi
825 1469 1155 1526 succenseat,
1194 1459 1237 1512 si
1266 1460 1535 1515 occasione
1573 1463 1862 1534 praesentis
1903 1474 2203 1519 controver-

336 1547 443 1600 siae
465 1557 642 1601 contra
654 1545 977 1601 pontificiam
1001 1549 1356 1602 auctoritatem
1386 1549 1661 1616 excitatae,
1690 1550 1999 1605 intellectum
2024 1571 2082 1606 ac
2110 1571 2205 1606 ex-

336 1635 653 1708 plicationem
672 1676 685 1702 ,
714 1656 841 1706 quae
870 1656 971 1690 non
1000 1637 1128 1690 satis
1157 1637 1403 1690 hactenus
1432 1639 1707 1692 observata
1735 1639 1991 1704 videatur,
2020 1639 2202 1694 divinis

337 1725 396 1776 de
426 1722 584 1779 Petro
612 1724 920 1778 testimoniis
949 1726 1176 1779 afferam.

487 1814 538 1867 2.
581 1813 653 1866 Ut
701 1824 869 1868 autem
913 1813 1297 1887 explicationiS,
1346 1833 1435 1868 seu
1482 1815 1928 1887 interpretationis
1980 1814 2203 1887 ipsorum

339 1901 744 1956 testimoniorum
780 1903 873 1957 hoc
910 1904 1072 1976 capite
1110 1903 1399 1957 afferendae
1438 1903 1668 1975 aequitas
1708 1914 1758 1957 et
1786 1903 1980 1958 veritas
2008 1903 2205 1958 facilius

342 1992 691 2058 innotescant,
721 2002 912 2046 certum
943 2011 1012 2046 ex
1040 1991 1468 2065 propositionibus
1498 2003 1650 2046 antea
1678 1992 1970 2045 constitutis
1997 2011 2206 2064 praesu-

340 2080 570 2132 mendum
600 2090 695 2146 est,
724 2079 781 2133 S.
807 2079 954 2135 Petri
981 2081 1271 2153 primatum,
1301 2080 1384 2150 qui
1410 2080 1461 2132 in
1491 2080 1755 2134 Romanos
1786 2080 2206 2134 Pontifices'suc-

340 2185 574 2220 cessores
609 2170 716 2239 ejus
754 2170 1023 2236 transivit,
1073 2186 1189 2222 esse
1224 2167 1492 2240 primatum
1543 2188 1646 2222 non
1685 2169 1813 2222 meri
1848 2168 2071 2234 ordinis,
2119 2169 2206 2222 sed

342 2255 638 2328 praecipuae
667 2276 725 2310 ac
753 2257 1036 2330 personalis
1055 2255 1427 2329 jurisdictionis
1445 2297 1458 2322 ,
1488 2276 1618 2327 quae
1646 2258 1802 2311 solius
1831 2257 2061 2329 primatis
2088 2275 2204 2329 pro-

343 2345 480 2416 pria,
511 2365 612 2398 non
644 2356 723 2399 est
749 2346 835 2399 alii
863 2345 1171 2410 communiS,
1210 2345 1341 2398 sicut
1367 2363 1461 2398 nec
1489 2345 1768 2398 communis
1795 2345 1887 2397 fuit
1911 2345 2036 2418 ipsis
2064 2345 2205 2417 Apo-

343 2434 507 2498 stoliS,
537 2435 622 2503 qui
647 2435 699 2486 in
727 2435 1064 2506 Apostolatus
1083 2436 1202 2505 jure
1230 2442 1378 2486 erant
1405 2434 1671 2504 aequaleS,
1700 2453 1802 2486 non
1830 2453 1953 2488 vcro
1981 2434 2033 2485 in
2051 2433 2208 2504 juris-

345 2521 564 2574 dictione
601 2523 859 2593 personali
897 2523 1143 2595 primatus
1177 2521 1266 2574 uni
1295 2520 1455 2575 Petro
1485 2521 1655 2576 delati.
1712 2519 1922 2575 Certum
1960 2521 2080 2574 item
2108 2532 2205 2586 est,

347 2609 475 2661 hunc
515 2609 813 2681 primatum,
855 2621 906 2663 et
935 2613 1021 2682 jus
1058 2610 1317 2684 proprium
1357 2629 1414 2664 ac
1454 2611 1724 2682 personale
1760 2609 2006 2682 primatus
2044 2608 2206 2662 Petro

345 2698 497 2750 delati
537 2699 736 2752 fundari
772 2698 822 2751 in
863 2699 985 2753 locis
1011 2697 1369 2771 EvangeliciS,
1408 2698 1585 2769 quibus
1622 2698 1870 2771 primatus
1900 2697 2060 2752 Petro
2089 2717 2209 2751 con-

347 2804 521 2838 cessus
549 2786 671 2851 fuit,
709 2788 832 2839 adeo
862 2798 915 2839 ut
943 2788 1060 2842 licet
1087 2807 1149 2841 ea
1175 2789 1287 2841 loca
1315 2787 1479 2860 aptari
1507 2797 1696 2858 queant
1723 2786 1836 2840 aliis
1862 2786 2130 2860 Apostolis
2157 2786 2208 2839 in

347 2873 462 2926 aliis
489 2874 865 2946 praerogativis
894 2894 951 2929 ac
970 2876 1189 2947 juribus,
1221 2895 1324 2929 non
1351 2885 1526 2930 tamen
1552 2876 1604 2929 in
1623 2874 1980 2947 jurisdictione
2005 2873 2211 2946 propria

349 2972 400 3015 et
427 2961 686 3034 personali
712 2961 976 3033 primatus.
1018 2963 1130 3016 Hoc
1156 2971 1326 3015 autem
1346 2965 1432 3034 jus
1458 2963 1709 3035 primatus
1735 2961 1991 3034 proprium
2014 2979 2073 3014 ac
2094 2980 2210 3033 per-

349 3051 523 3104 sonale
562 3048 826 3103 detexisse
861 3057 911 3102 et
939 3049 1265 3103 constituisse
1304 3049 1423 3103 mihi
1460 3049 1635 3104 videor
1663 3067 1732 3102 ex
1759 3048 1957 3103 ratione
1997 3068 2085 3103 seu
2111 3049 2208 3102 fine

348 3139 645 3192 instituendi
673 3137 938 3211 primatus,
966 3146 1021 3188 ut
1049 3137 1238 3190 scilicet
1265 3155 1356 3209 per
1380 3156 1531 3189 unum
1560 3137 1652 3191 toti
1667 3135 1931 3190 Ecclesiae
1951 3138 2210 3210 praeposi-

352 3237 453 3278 tum
482 3227 652 3279 unitas
680 3228 1104 3298 conjungeretur,
1143 3235 1294 3296 atque
1321 3236 1719 3279 conservaretur
1756 3225 1914 3298 ipsius
1943 3225 2207 3290 ecclesiae,

351 3314 433 3367 cui
461 3314 670 3385 proinde
697 3313 1092 3386 compingendae
1127 3322 1179 3366 et
1213 3313 1569 3367 custodiendae
1603 3314 1654 3366 in
1694 3324 1802 3367 tota
1828 3312 2062 3367 Ecclesia
2096 3332 2209 3386 spe-

353 3400 482 3454 ciale
501 3402 586 3473 jus
614 3401 659 3454 ei
687 3401 770 3454 fini
801 3401 1074 3456 obtinendo
1101 3401 1445 3455 necessarium
1475 3399 1531 3454 S.
1562 3400 1722 3456 Petro
1751 3412 1802 3456 et
1829 3401 2209 3454 successoribus

355 3488 591 3542 traditum
618 3490 970 3561 probavimus:
1009 3490 1155 3561 idque
1180 3508 1282 3543 non
1309 3499 1410 3542 tam
1439 3490 1600 3559 quoad
1625 3490 1872 3543 unitatem
1901 3489 2134 3543 caritatis
2161 3500 2206 3542 et

353 3576 722 3631 communionis
749 3579 1002 3632 fatendum
1032 3588 1134 3644 est,
1174 3596 1319 3650 quam
1349 3577 1408 3630 de
1435 3578 1630 3631 unitate
1658 3578 1766 3630 lidci
1785 3619 1797 3643 ,
1838 3596 1967 3648 quae
1995 3587 2070 3630 est
2100 3577 2211 3629 uni-

2315 973 2320 981 .
2315 933 2320 941 .
2299 761 2320 923 .——-2---
2304 435 2320 753 -ι-ι-*ι-
2311 148 2320 424 -“-.-“-
2303 0 2320 140 mun-fl
