2320 3990
679 236 1327 301 -1-07—

98 404 214 472 t’ia?
231 416 460 469 Necesse
483 415 647 485 igitur
673 420 776 474 est,
813 415 860 465 si
883 413 1027 464 orbis
1062 413 1338 464 universus
1362 413 1519 461 coeat
1541 413 1912 476 conyreqetur·

97 521 228 574 que,
263 503 403 554 Itane
434 503 665 569 primum
702 500 874 551 locum
913 500 1136 559 habere3
1170 503 1376 550 ceteras
1409 511 1536 547 vero
1571 493 1693 545 kuic
1718 491 1912 544 adhae-

98 600 236 650 rere,
259 605 367 640 non
390 589 700 640 necessitate
725 585 1079 657 adfectionis,
1102 584 1201 636 sed
1223 583 1340 651 leye
1365 582 1573 633 ordinis
1600 585 1654 632 et
1674 581 1910 631 unitatis.

98 671 243 741 Quod
277 674 615 746 subjectionis
651 674 1014 724 necessitatem
1047 677 1224 722 contra
1259 665 1524 738 primatum
1549 663 1913 735 jurisdictionis

97 760 176 813 vir
208 758 550 812 schismaticus
586 755 835 821 excludit,
878 755 927 808 id
960 771 1031 807 ex
1076 771 1169 806 sua
1201 750 1618 823 interpretatione
1666 768 1723 803 ac
1758 768 1913 821 pravo

76 863 251 906 ‘sensu
277 856 385 912 est3
415 845 545 915 quod
570 853 734 897 autem
757 843 975 894 unitatis
1000 841 1168 910 leyem
1205 857 1263 892 ac
1287 837 1642 891 necessitatem
1668 835 1912 907 agnoscit,

99 930 292 985 Irenaei
318 941 533 984 mentem
558 930 638 983 vel
663 925 846 982 invitus
872 925 1126 998 exprimit.
1167 923 1428 977 Unitatem
1453 942 1576 977 vero
1602 922 1713 976 fidei
1738 939 1914 976 neces-

100 1018 283 1071 sariam
308 1018 400 1071 hoc
423 1015 618 1069 Irenaei
642 1014 751 1066 loco
777 1003 1013 1066 affirmari
1037 1011 1269 1083 pervidit,
1296 1021 1347 1064 et
1374 1012 1633 1077 confessus
1659 1018 1738 1061 est
1763 1008 1913 1061 etiam

97 1102 376 1156 Salmasius
413 1102 464 1154 in
501 1118 560 1154 eo
596 1099 721 1152 libro
756 1099 844 1171 (de
878 1098 1092 1170 primatu
1124 1097 1297 1171 Papae
1335 1115 1378 1150 c.
1407 1095 1517 1167 5.)‚
1551 1113 1698 1164 quem
1736 1104 1914 1147 contra

97 1185 413 1239 pontificium
438 1186 701 1258 primatum
727 1185 1034 1251 lucubravit3
1070 1185 1199 1238 unde
1225 1183 1282 1238 S.
1312 1181 1587 1255 Scriptoris
1612 1190 1811 1235 textum
1836 1181 1914 1233 his

95 1272 262 1326 verbis
298 1272 521 1344 pressius
556 1271 814 1344 exposuit.
890 1272 1119 1326 Necesse
1158 1278 1261 1333 est,
1299 1274 1457 1331 dicit,
1495 1286 1699 1322 omnem
1735 1268 1916 1320 Eccle-

99 1363 228 1411 siam
254 1363 532 1412 convenire
559 1361 634 1411 ad
659 1359 983 1419 Romanam,
1018 1360 1181 1417 idest,
1206 1365 1266 1410 ut
1294 1357 1500 1410 Graece
1527 1357 1776 1424 loquutus
1797 1357 1916 1421 fue-

99 1452 189 1496 rat
208 1446 456 1496 Irenaeus
485 1443 756 1510 συμβαίνει
782 1442 910 1512 πρὸς
936 1442 1029 1511 τὴν
1052 1447 1157 1494 τῶν
1183 1440 1430 1511 ῥωμαίων
1454 1441 1742 1509 ἐκκλησίαν,
1773 1441 1918 1509 quod

100 1521 367 1599 siqnificat
390 1532 669 1583 convenire
708 1537 761 1581 et
787 1530 1121 1581 concordare
1158 1532 1213 1580 in
1250 1529 1405 1580 rebus
1425 1529 1560 1596 fidei
1592 1534 1644 1579 et
1667 1529 1915 1578 doctrina
1958 1596 1961 1598 q

99 1633 215 1667 cum
254 1615 500 1667 Romana
535 1617 776 1668 ecclesia.
848 1612 919 1665 Et
949 1623 1064 1685 post
1098 1632 1253 1685 pauca
1288 1615 1348 1666 ab
1384 1614 1658 1685 interprete
1693 1613 1917 1683 graecis-

99 1709 242 1751 sante
268 1699 449 1751 dictum
485 1700 581 1764 ait,
618 1702 694 1752 acl
728 1701 867 1751 Ιιαπσ
901 1703 1180 1751 convenire
1217 1702 1494 1751 ecclesiam
1527 1718 1618 1769 pro
1658 1718 1775 1751 cum
1812 1700 1914 1750 hac

97 1788 377 1838 convenire
404 1787 646 1838 ecclesia.
699 1781 1036 1838 Consentiunt
1073 1793 1123 1838 et
1149 1782 1414 1837 Gallicani.
1465 1783 1596 1837 Hinc
1622 1782 1914 1838 Conventus

99 1868 236 1923 Cleri
261 1869 517 1924 Medoluni
541 1870 739 1924 habitus
765 1889 896 1924 anno
926 1871 1083 1925 1579.
1123 1870 1364 1923 unitatem
1401 1870 1512 1923 fidei
1548 1889 1657 1924 cum
1682 1870 1914 1924 Romana

98 1956 188 2009 fide
212 1958 550 2029 praecipiens,
589 1958 834 2011 rationem
860 1957 1023 2011 attulit
1048 1956 1242 2009 Irenaei
1266 1956 1463 2010 verbis:
1501 1957 1590 2010 Ad
1614 1960 1753 2011 lzanc
1779 1962 1915 2010 enim

98 2041 385 2112 (ecclesiam
411 2042 722 2116 Romanam)
744 2052 972 2113 propter
998 2063 1144 2096 suam
1163 2046 1623 2112 principalitatem
1647 2064 1915 2097 necessum

101 2135 177 2179 est
211 2147 411 2180 omnem
446 2133 726 2182 convenire
764 2131 1076 2181 Ecclesiam.
1128 2128 1271 2180 Adeo
1308 2129 1435 2181 hunc
1468 2129 1524 2181 S.
1552 2129 1822 2183 Doctorem
1857 2132 1917 2182 de

100 2213 398 2266 necessitate
431 2215 639 2267 unitatis
675 2214 785 2267 fidei
822 2215 1076 2283 loquutum
1103 2214 1324 2266 credidit.
1375 2213 1620 2268 Similiter
1646 2215 1831 2268 Petrus
1858 2217 1915 2268 de

100 2297 278 2352 Marca
302 2298 350 2350 id
376 2298 662 2370 significare
698 2299 767 2352 ait
793 2298 848 2352 S.
876 2298 1134 2352 Irenaeum
1162 2299 1224 2370 (Ι.
1257 2299 1305 2351 l.
1335 2302 1566 2353 concord.
1597 2319 1641 2355 c.
1671 2303 1721 2353 2.
1751 2322 1800 2354 n.
1828 2302 1913 2373 6.)

83 2391 253 2456 juxta
278 2389 618 2438 sinceriorem
643 2385 835 2439 illorum
862 2385 1126 2439 verborum
1151 2389 1642 2455 interpretationem
1668 2406 1776 2440 eam
1803 2406 1915 2441 esse

99 2470 198 2523 vim
224 2470 455 2535 unitatis,
483 2490 610 2540 quae
627 2475 958 2542 principium
984 2479 1036 2523 et
1059 2475 1316 2541 oriyinem
1342 2494 1375 2525 a
1403 2475 1560 2526 Petri
1582 2477 1706 2526 sede
1732 2475 1915 2534 trahit,

100 2565 157 2609 ut
180 2577 296 2610 cum
335 2577 397 2609 ea
422 2561 686 2610 sentiendi
719 2557 916 2629 (utique
941 2558 992 2609 in
1018 2558 1137 2622 fide,
1174 2558 1233 2610 de
1271 2577 1367 2627 qua
1401 2558 1556 2630 ipsius
1583 2558 1756 2613 Sancti
1796 2579 1913 2613 con-

102 2651 271 2693 textus
297 2642 539 2713 loquitur)
573 2648 933 2696 necessitatem
969 2647 1156 2696 ceteris
1193 2647 1449 2713 imponat.
1514 2645 1692 2716 Neque
1729 2647 1915 2717 disjun-

99 2727 288 2795 gendus
326 2727 461 2778 locus
487 2726 750 2780 Paschasii
775 2726 1056 2795 Quesnelli,
1093 2735 1246 2797 quem*
1269 2730 1322 2780 in
1360 2732 1580 2784 eamdem
1616 2732 1915 2803 interpreta-

101 2811 284 2863 tionem
310 2812 616 2881 proferemus
643 2831 749 2884 cap.
778 2814 865 2865 14.
893 2832 1026 2864 num.
1055 2814 1141 2864 25.
1170 2830 1238 2864 ex
1266 2814 1473 2883 septimo
1500 2814 1803 2882 Memoriali,
1829 2819 1913 2869 ubi

101 2896 291 2949 lrenaei
321 2897 666 2950 auctoritatem
693 2916 761 2950 ex
789 2917 847 2951 eo
873 2897 1168 2969 praesertim
1207 2897 1296 2950 hac
1322 2897 1373 2950 in
1401 2917 1455 2951 re
1481 2901 1700 2954 maxime
1725 2903 1911 2956 facien-

101 2982 211 3034 dum
248 2991 440 3046 monet,
490 2983 618 3051 quod
653 2982 750 3034 etsi
784 2981 1069 3036 Occidentis
1105 2982 1384 3055 Episcopus
1417 2986 1594 3051 fuerit,
1639 2986 1913 3042 Orientalis

102 3077 267 3120 tamen
292 3068 488 3139 origine
513 3068 604 3121 fuit
628 3059 958 3140 omniumque
991 3070 1224 3123 Orientis
1253 3074 1595 3126 ecclesiarum
1619 3077 1694 3126 ad
1715 3094 1812 3128 nos
1839 3085 1912 3129 at-

102 3155 248 3214 tulit,
298 3154 571 3224 litterisque
619 3156 925 3221 transmisit,
977 3155 1273 3227 scripsitque
1317 3158 1407 3228 (ut
1460 3159 1592 3212 addit
1627 3159 1816 3213 Petrus
1854 3162 1912 3216 de

103 3237 318 3308 Marca)
357 3243 503 3309 quod
531 3260 708 3295 omnes
752 3244 1060 3296 sentiebant.
1135 3241 1329 3296 Notatu
1373 3263 1565 3315 quoque
1598 3245 1797 3317 dignum
1834 3259 1912 3302 est

102 3324 434 3377 testimonium
473 3324 647 3379 Jacobi
673 3326 871 3382 Nicolai
899 3327 1105 3382 Colhert
1131 3328 1508 3402 Archiepiscopi
1534 3330 1909 3404 Rothomagen-

105 3410 173 3461 sis
196 3410 248 3462 in
273 3410 604 3466 Instructione
638 3416 877 3483 pastorali
914 3417 974 3468 ad
1000 3415 1242 3486 parochos
1281 3433 1400 3470 suae
1426 3417 1666 3473 dioecesis
1692 3421 1807 3475 data
1833 3422 1911 3474 die

104 3494 151 3545 5.
180 3494 298 3548 sulii
326 3516 405 3549 an.
437 3498 591 3552 1699.
620 3517 744 3567 quae
771 3501 950 3571 legitur
975 3501 1024 3554 in
1052 3499 1266 3553 editione
1293 3496 1607 3572 Synodorum
1637 3506 1910 3560 Rothoma-
