2320 3990
726 271 1327 328 -.45--

109 450 300 495 carent.
353 439 668 511 Augustinus
705 439 899 510 quidem
937 458 1044 493 cum
1070 436 1127 492 S.
1154 438 1410 503 Petrum,
1430 429 1552 490 dum¹
1581 437 1749 491 claves
1782 429 1930 507 regni

109 527 387 591 coelorum,
438 525 565 580 idest
610 526 1000 580 ecclesiasticam
1028 524 1437 596 jurisdictionem
1482 518 1694 578 clavium
1731 522 1929 576 nomine

109 613 417 685 designatam
466 612 683 685 accepit,
731 627 997 685 persenam
1045 626 1105 662 ac
1132 609 1364 680 ¹>figuram
1398 603 1659 663 Ecclesiae
1707 608 1930 682 gessisse

110 699 310 771 scripsit
359 698 444 771 (In
482 717 557 771 PS.
601 699 721 753 108.
773 714 826 750 n.
855 697 922 750 1.·
953 705 1102 748 tract.
1133 696 1254 748 124.
1290 695 1344 748 in
1380 693 1452 747 Ic.
1491 713 1543 746 n.
1571 694 1654 767 5.)
1697 704 1929 765 propter

102 788 417 855 primatum,
459 806 611 856 quem
645 789 700 838 in
727 780 1004 854 discipulis
1030 782 1238 844 habuit,
1283 801 1374 837 seu
1389 777 1622 852 propter
1647 780 1929 851 Apostolass

109 880 191 924 tus
219 877 303 926 sui
317 877 607 942 primatum
641 866 786 942 (quia
820 866 1012 923 scilicet
1047 868 1232 940 primus
1270 868 1528 939 cujuslibet
1563 879 1733 923 coetus
1770 879 1928 922 totum

111 967 304 1011 coetum
330 966 709 1030 repraesentare
736 955 921 1024 solet);
949 973 1050 1008 non
1074 954 1257 1008 idcirco
1285 955 1524 1026 cogitavit
1548 956 1813 1026 primatum
1838 975 1929 1008 nu-

109 1045 275 1097 datum
309 1044 443 1098 omni
471 1047 588 1115 jure
624 1043 824 1116 proprio
863 1053 914 1096 et
946 1042 1198 1114 personali
1230 1042 1386 1113 ipsius
1419 1041 1674 1113 primatis,
1715 1044 1842 1112 quod
1877 1053 1928 1096 et

106 1130 214 1201 ipse
241 1129 386 1202 (Vid.
413 1131 543 1183 inl'ra
569 1149 612 1184 c.
643 1130 727 1183 13.
755 1130 801 1198 §-
829 1130 881 1184 8.
906 1140 960 1184 et
984 1129 1068 1196 9.)
1097 1128 1240 1193 alibi,
1281 1139 1331 1181 et
1357 1129 1561 1180 aliorum
1587 1127 1797 1182 Patrum
1821 1139 1927 1181 tra—

109 1216 227 1269 ditio
255 1216 557 1271 adversariis
583 1236 776 1288 quoque
803 1216 1148 1270 confitentibus
1173 1215 1227 1267 in
1251 1217 1434 1267 bonum
1461 1215 1667 1268 unitatis
1687 1214 1742 1268 S.
1769 1214 1926 1268 Petro

109 1303 291 1356 diserte
316 1303 522 1369 asserit,
548 1313 603 1356 ut
626 1304 679 1356 in
703 1322 803 1356 uno
830 1315 879 1358 et
904 1322 993 1375 per
1016 1321 1167 1354 unum
1187 1303 1354 1356 unitas
1382 1300 1712 1374 conpingatu1¹
1742 1313 1792 1356 et
1811 1321 1927 1356 con-

109 1398 337 1442 servetur
370 1390 422 1440 in
455 1400 564 1442 tota
599 1389 849 1455 Ecclesia,
899 1409 988 1443 seu
1019 1400 1074 1440 ut
1107 1394 1162 1440 in
1199 1390 1366 1440 Petro
1409 1393 1624 1441 unitatis
1665 1394 1928 1458 neyotium

105 1480 462 1543 formaretur,
489 1477 615 1545 quod
642 1495 710 1529 ex
737 1475 922 1548 Optato
948 1475 1143 1528 notavit
1180 1474 1291 1545 (lib.
1319 1476 1370 1528 8.
1401 1476 1587 1528 defens.
1618 1493 1660 1527 c.
1688 1476 1771 1547 3.)
1798 1475 1927 1528 Bos—

110 1571 278 1614 suetus
316 1580 375 1613 eo
402 1581 592 1631 quoque
620 1563 752 1627 loca,
790 1563 871 1614 ubi
906 1563 964 1615 de
988 1572 1110 1634 typo
1146 1571 1197 1614 et
1230 1563 1388 1632 figura
1414 1562 1620 1614 unitatis
1647 1581 1927 1616 sermonem

108 1646 362 1714 facit2‘qui
388 1664 510 1699 sane
535 1647 646 1699 finis
672 1648 961 1700 instituendi
984 1649 1242 1718 primatus,
1260 1649 1657 1718 jurisdictionem
1684 1650 1925 1720 primatus

109 1731 354 1803 propriam
382 1731 632 1802 eidemque
657 1734 742 1786 fini
767 1733 1112 1802 consequendo
1139 1733 1476 1787 necessariam
1503 1734 1626 1786 satis
1652 1735 1886 1788 declarat.

249 1820 300 1872 6.
340 1818 447 1871 Hac
472 1837 620 1889 porro
659 1820 854 1874 ratione
891 1819 1211 1890 intelligitur,
1249 1820 1490 1888 quomodo
1528 1821 1768 1892 primatus
1794 1823 1923 1874 bono

109 1904 314 1957 unitatis
347 1905 633 1970 institutus,
671 1906 911 1960 unitatem
944 1907 1097 1959 totius
1123 1905 1381 1960 Ecclesiae
1417 1908 1469 1959 in
1496 1907 1758 1961 Romanae
1794 1910 1923 1962 sedis

108 2002 280 2044 centro
308 2002 610 2062 compactam
637 2003 687 2046 et
713 1995 1073 2047 coalescentem
1099 1995 1363 2066 praecipuo
1387 1997 1496 2066 jure
1521 2006 1735 2060 tueatur,
1764 2006 1813 2048 ct
1839 2015 1924 2048 cur

110 2077 234 2129 hanc
259 2078 496 2129 unitatem
525 2097 634 2130 cum
659 2081 827 2132 eadem
857 2081 989 2143 sede,
1016 2098 1105 2132 seu
1131 2098 1238 2132 cum
1264 2079 1495 2132 Romana
1522 2083 1732 2134 ecclesia
1759 2085 1925 2136 catho-

111 2163 234 2214 licae
271 2163 474 2213 unitatis
513 2174 683 2216 centro
721 2165 1058 2217 necessariam
1091 2165 1279 2216 dixerit
1314 2162 1370 2216 S.
1399 2165 1663 2231 irenaeus,
1693 2170 1754 2238 (l.
1784 2169 1833 2220 3.
1865 2170 1923 2222 de

112 2249 303 2301 haeres.
319 2267 360 2301 c.
376 2248 458 2319 3.)
486 2267 584 2300 nou
607 2251 670 2301 ob
688 2253 1146 2318 principalitatem
1170 2259 1382 2315 tantum,
1409 2270 1506 2320 qua
1531 2272 1654 2306 voce
1680 2254 1920 2325 primatus

109 2333 427 2405 exprimitur,
468 2336 553 2387 sed
578 2346 780 2407 propter
800 2339 1255 2405 principalitatem
1274 2343 1657 2405 potentiorem,
1692 2341 1918 2393 nimirum

107 2420 167 2471 ob
196 2419 456 2490 primatum
472 2461 485 2485 ,
524 2422 607 2490 qui
631 2422 810 2474 unitati
834 2423 1121 2476 formandae
1147 2434 1197 2476 et
1223 2426 1594 2478 conservandae
1617 2427 1718 2479 vim
1738 2437 1920 2496 poten-

106 2510 291 2556 tiorem
330 2515 379 2558 et
417 2507 617 2560 omnino
657 2509 930 2563 coactivam
966 2511 1140 2563 hahet:
1180 2511 1308 2563 unde
1344 2512 1489 2564 etiam
1526 2511 1802 2566 Bossuetus
1840 2514 1920 2586 (in

108 2592 338 2643 corollar.
379 2593 565 2646 defens.
606 2613 656 2645 n.
689 2594 803 2664 10.)
838 2596 1100 2667 primatum
1128 2597 1378 2668 praecipui
1395 2598 1554 2668 juris,
1593 2599 1788 2669 vimque
1814 2604 1919 2673 ejtls

106 2677 415 2748 praecipuam
454 2679 784 2745 indicaturus,
817 2691 1133 2750 potestatem
1160 2687 1422 2736 veniendae
1450 2687 1724 2738 Ecclesiae
1751 2699 1918 2740 natam

110 2763 399 2833 appellavit,
428 2774 478 2816 et
504 2765 629 2817 libro
655 2767 812 2837 primo
839 2769 1077 2821 historiae
1102 2767 1452 2820 Variationum
1481 2789 1613 2822 num.
1642 2773 1693 2822 4.
1723 2791 1791 2824 ex
1818 2773 1918 2826 Pe-

107 2858 184 2900 tro
221 2850 278 2901 de
314 2849 509 2903 Alliaco
545 2853 742 2905 vocavit
780 2862 1016 2905 sanctam
1055 2858 1423 2905 auctoritatem
1461 2875 1494 2906 a
1529 2856 1656 2907 Jesu
1705 2858 1916 2911 Christo

106 2939 391 2987 institutam
430 2938 493 2987 ob
533 2943 946 2992 conservandam
987 2944 1238 2991 unitatem
1288 2945 1424 2992 inter
1473 2945 1638 3010 ipsius
1670 2948 1916 3007 membra,

105 3038 231 3089 quae
256 3021 532 3074 auctoritas
567 3025 674 3077 sine
712 3026 762 3078 vi
800 3026 1024 3079 coactiva
1056 3026 1264 3096 intellig-i
1290 3026 1484 3095 nequit:
1525 3037 1575 3080 et
1601 3047 1669 3081 ex
1696 3031 1785 3082 hac
1811 3033 1917 3100 qui·

106 3107 211 3158 dem
247 3107 472 3160 coactiva
507 3109 558 3162 vi
591 3120 782 3162 tantum
817 3113 943 3165 effici
978 3122 1145 3184 potest
1181 3113 1324 3176 illud,
1363 3114 1489 3181 quod
1515 3113 1776 3169 Romanae
1814 3120 1915 3170 scdi

107 3192 279 3243 tribuit
304 3193 496 3246 Auctor
521 3198 843 3266 praefationis
881 3202 1180 3268 defensioni
1205 3202 1583 3252 declarationis
1609 3202 1914 3257 novissimae

106 3277 333 3331 editionis
359 3281 613 3350 praefixae
637 3301 751 3354 pag.
779 3278 952 3336 XXII.
1038 3289 1186 3347 Quae
1224 3282 1486 3355 (Romana
1512 3287 1682 3360 sedes)
1709 3299 1913 3344 ceteras

104 3366 485 3419 sibi·obno.z·ias
515 3368 673 3420 habet
695 3375 998 3438 spirituales
1020 3379 1338 3441 potestates3
1367 3393 1502 3442 quae
1527 3378 1913 3430 ecclesiasticae

107 3456 319 3504 unitatis
346 3472 614 3505 commune
639 3464 899 3518 centrum,
926 3475 1101 3511 omnes
1128 3459 1374 3510 ecclesias
1400 3465 1599 3513 unitate
1626 3468 1909 3516 consociat.

108 3533 190 3586 Ex
218 3536 290 3588 his
317 3549 476 3592 autem
505 3539 727 3592 omnibus
754 3541 865 3594 illud
894 3544 1238 3613 consequitur,
1273 3544 1323 3596 iu
1350 3545 1440 3599 hac
1477 3557 1747 3617 potestate,
1787 3568 1912 3618 quac
