2314 3984
977 186 1376 267 ...-·1··33
1465 219 1641 230 ...-

376 354 571 408 bonum
587 363 639 408 et
645 357 939 426 pacificum
951 356 1290 408 sacerdotem
1298 353 1735 431 intffiypnianivita
1746 356 1965 415 Pontius
1980 363 2238 436 nominat)

376 439 630 513 conjicere
662 439 797 494 licet.
852 435 1276 496 communionem
1297 441 1659 513 quidem·'mter
1697 444 2015 520 Cyprianum
2042 458 2094 502 et
2119 446 2239 505 Ste—

374 529 591 601 phamun
619 536 736 581 actu
760 546 864 582 non
890 527 1050 583 fuisse
1077 529 1330 584 sublatam
1367 530 1638 586 manifeste
1666 533 1934 588 deducitur
1960 553 2027 588 ex
2056 535 2236 609 Augu-

375 615 535 681 stino,
563 614 650 686 qui
676 615 736 669 de
764 616 1008 670 ambobus
1034 635 1320 672 sermonem
1347 618 1571 684 facienS,
1608 637 1699 673 eos
1722 619 1776 675 in
1797 622 1996 676 unitate
2023 633 2074 677 et
2100 642 2236 678 com-

373 701 610 756 munione
635 702 924 776 perstitisse
960 704 1129 759 multis
1165 705 1220 759 in
1247 706 1371 760 locis
1399 700 1720 780 pronuntiat,
1758 726 1829 762 ac·
1854 709 1926 764 ita
1950 711 2237 785 perstitisse

375 790 594 843 affirmat
628 790 714 844 lib.
746 792 798 844 ἓ.
831 793 908 844 de
935 791 1227 865 Baptismo
1255 813 1391 848 num.
1421 793 1509 848 36.
1551 803 1612 848 ut
1635 798 1691 848 in
1717 798 1820 849 tali
1842 799 2236 869 disceptatione

371 879 581 931 nullum
607 881 748 932 inter
776 899 866 933 eos
889 882 1092 936 malum
1117 883 1419 936 schismatis
1447 885 1715 946 oriretur,
1739 883 1870 938 idest
1895 885 2034 938 nulla
2058 885 2237 939 discis-

375 964 450 1018 sio
487 965 698 1020 unitatis
736 986 806 1020 ex
845 978 993 1040 parte
1032 967 1312 1043 Cypriani,
1353 989 1517 1042 neque
1555 971 1661 1024 ulla
1697 989 1768 1024 ex
1802 981 1950 1043 parte
1988 970 2235 1046 Stephani

374 1053 740 1109 communionis
770 1056 1030 1130 abrupti03
1060 1076 1270 1130 cumque
1295 1058 1438 1112 multi
1475 1077 1586 1113 cum
1613 1057 1902 1132 Stephano,
1943 1059 2098 1131 aliqui
2125 1079 2236 1115 cum

375 1139 640 1214 Cypriano
669 1143 949 1211 sentirent,
986 1153 1243 1217 utrosque
1279 1156 1450 1200 tamen
1477 1167 1596 1201 cum
1624 1150 1700 1200 eis
1727 1151 1782 1200 in
1809 1151 2016 1201 unitate
2043 1153 2236 1202 consti-

372 1232 498 1282 tisse
526 1229 726 1303 scripsit
754 1232 808 1285 in
837 1232 963 1287 libro
993 1236 1059 1287 de
1099 1234 1269 1288 Unico
1299 1235 1564 1304 baptismo
1605 1254 1648 1288 c.
1683 1234 1767 1287 14.
1821 1234 2001 1289 Verba
2035 1235 2235 1306 quidem

372 1315 658 1370 litterarum
697 1317 975 1391 Stephani,
1017 1340 1145 1391 quae
1182 1331 1483 1394 supersunt,
1521 1332 1573 1375 et
1608 1321 1802 1375 decreti
1837 1323 2050 1375 formam
2087 1324 2235 1376 exhi-

370 1402 519 1467 bent,
553 1405 618 1456 Si
643 1409 762 1475 quis
791 1426 920 1478 erqo
949 1428 983 1460 a
1010 1427 1343 1479 quacumque
1371 1409 1589 1461 haeresi
1613 1411 1820 1460 venerit
1843 1411 1920 1462 ad
1943 1429 2071 1472 ⁷105,
2096 1412 2240 1465 m‘lzil

372 1493 686 1556 innovet-ur,
711 1498 819 1547 nisi
846 1498 995 1565 quod
1017 1498 1281 1549 traditum
1308 1503 1402 1559 est,
1428 1503 1490 1549 ut
1513 1515 1701 1548 manus
1729 1497 1815 1549 illi
1840 1499 2153 1567 imponatur
2179 1502 2235 1551 in

366 1582 788 1647 poenitentiam,
823 1601 926 1636 non
965 1583 1147 1656 dogma
1187 1583 1385 1655 aliquod
1424 1602 1494 1638 ex
1521 1583 1614 1637 fide
1643 1582 1889 1637 catholica
1916 1585 2233 1651 credendum,

371 1685 466 1720 uec
491 1667 605 1722 fidei
633 1669 974 1725 definitionem
1000 1669 1204 1744 proprie
1231 1670 1414 1724 dictam
1442 1670 1761 1743 exprimunt,
1799 1672 1883 1725 sed
1913 1674 2234 1726 consuetudi-

371 1773 486 1808 nem
512 1755 566 1807 in
595 1755 832 1810 Romana
857 1757 1095 1812 Ecclesia
1132 1766 1386 1830 receptam
1427 1776 1485 1811 ac
1511 1757 1748 1812 traditam
1766 1800 1779 1825 ,
1819 1769 1875 1811 ut
1901 1759 2144 1814 haeretici
2172 1762 2233 1814 ad

371 1839 657 1897 Ecclesiam
685 1845 949 1900 venientes
978 1847 1087 1900 sola
1126 1863 1304 1899 manus
1331 1844 1652 1918 impositione
1692 1846 2031 1919 recipiantur,
2069 1849 2234 1902 decla—

374 1940 520 1996 rant,
559 1941 609 1985 et
643 1951 709 1988 ne
748 1934 1011 2006 quicquam
1047 1934 1141 1987 hac
1178 1933 1231 1987 in
1272 1953 1328 1988 re
1354 1933 1658 2000 innovetur,
1694 1935 2076 2007 praescribunt:
2106 1955 2234 2007 quae

372 2028 540 2072 autem
567 2020 620 2073 in
647 2023 875 2077 materiis
904 2021 1146 2095 ejusmodi
1172 2020 1438 2094 practiciS,
1477 2021 1529 2074 in
1557 2022 1735 2093 quibus
1777 2023 1906 2076 aliae
1932 2025 2231 2095 praesertim

371 2125 588 2178 magnae
615 2107 910 2177 Ecclesiae,
947 2110 1278 2180 insignesque
1304 2106 1546 2181 Episcopi
1574 2109 1674 2162 alia
1701 2110 2062 2163 consuetudine
2089 2122 2236 2165 uten-

370 2204 449 2248 tes
477 2195 806 2264 dissentiant,
844 2198 918 2252 ita
952 2195 1399 2271 praescribuntur,
1438 2205 1493 2247 ut
1529 2195 1654 2249 nihil
1694 2215 1765 2250 ex
1800 2197 1895 2251 fide
1932 2199 2234 2253 credendum

369 2290 623 2337 statuatur
651 2304 919 2360 expresse,
947 2304 1041 2339 nec
1066 2283 1238 2337 unitas
1267 2294 1415 2354 atque
1444 2283 1726 2338 communio
1751 2295 1867 2339 actu
1887 2286 2232 2360 abrumpatur,

370 2371 786 2428 dissentientibus
827 2374 888 2427 ab
926 2373 1123 2426 unitate
1158 2371 1408 2426 catholica
1446 2391 1764 2443 nequaquam
1804 2374 2081 2446 praecisis,
2130 2394 2233 2429 non

372 2470 490 2511 sunt
515 2462 720 2533 proprie
748 2462 912 2515 dictae
938 2461 1254 2514 definitiones
1281 2459 1424 2524 fidei,
1466 2459 1510 2511 si
1537 2460 1839 2530 praesertim
1877 2472 2152 2515 versentur
2178 2463 2231 2515 in

371 2546 617 2613 materia,
657 2567 786 2618 quae
825 2547 887 2600 ad
923 2545 1235 2619 disciplinam
1271 2544 1455 2598 referri
1490 2554 1661 2615 queat.
1739 2542 2096 2616 Consuetudo,
2135 2570 2233 2621 qua

371 2633 617 2687 haeretici
656 2636 717 2688 ad
757 2632 1041 2688 Ecclesiam
1075 2632 1343 2688 venientes
1381 2632 1792 2706 baptizabantur,
1831 2634 2091 2689 obtinebat
2129 2655 2230 2690 non

372 2721 534 2774 solum
563 2723 691 2796 apud
718 2722 993 2775 Africanos
1025 2723 1133 2794 jam
1168 2721 1285 2774 inde
1325 2721 1385 2773 ab
1413 2719 1687 2793 Agrippini
1712 2719 1957 2795 Episcopi
1983 2732 2229 2797 tempore,

370 2828 546 2863 verum
574 2810 726 2863 etiam
755 2811 883 2883 apud
910 2809 1381 2883 praestantissimas
1409 2807 1703 2864 Orientales
1740 2807 2004 2865 Ecclesias
2033 2809 2231 2886 Cappa-

371 2897 563 2962 dociae,
593 2895 824 2963 Ciliciae,
852 2898 1276 2970 finitimarumque
1302 2896 1677 2971 provinciarum
1702 2897 1893 2965 Asiae3
1921 2917 2083 2969 eaque
2111 2919 2231 2953 con-

371 2984 486 3039 cilio
512 2985 760 3039 Africano
801 2987 892 3039 sub
919 2985 1232 3058 Agrippino,
1272 3005 1330 3039 ac
1366 2986 1558 3038 duabus
1597 2985 1709 3037 aliis
1747 2985 1956 3056 synodis
1982 2985 2140 3039 Iconii
2178 2998 2229 3041 et

370 3070 648 3146 Synnadae
674 3074 990 3128 fulciebatur.
1045 3071 1454 3127 Consuetudines
1493 3080 1659 3124 autem
1697 3071 1940 3143 ejusmodi
1976 3072 2228 3140 diversae,

371 3180 498 3231 quae
525 3162 669 3216 salva
693 3162 889 3217 unitate
931 3161 1059 3236 apud
1086 3158 1359 3215 catholicos
1397 3157 1631 3229 utrinque
1656 3158 1859 3231 vigent,
1896 3159 1967 3213 ita
2007 3180 2113 3215 rem
2140 3162 2230 3215 ob-

372 3267 569 3302 scuram
596 3250 804 3316 faciunt,
832 3259 887 3303 ut
913 3249 1143 3320 quamvis
1168 3255 1441 3303 versentur
1466 3245 1519 3298 in
1542 3246 1755 3300 materia
1775 3258 2226 3314 sacramentorum,

371 3335 621 3390 incertum
647 3338 810 3393 videri
835 3338 1026 3411 possit,
1053 3356 1172 3391 num
1200 3336 1261 3390 ad
1285 3335 1449 3400 fidem,
1480 3353 1543 3387 an
1570 3352 1695 3387 vero
1724 3335 1786 3388 ad
1812 3334 2125 3408 disciplinam
2154 3335 2227 3387 di-

370 3441 573 3476 versam
607 3426 915 3498 pertineant.
970 3423 1121 3481 Licet
1159 3423 1293 3479 enim
1331 3420 1622 3496 Stephanus
1661 3441 1783 3478 suae
1808 3421 2072 3476 Ecclesiae
2110 3440 2228 3475 con-

373 3511 687 3566 suetudinem
715 3513 1094 3586 Apostolicam‚
1127 3511 1201 3566 uti
1237 3529 1358 3569 vere
1399 3522 1535 3576 erat,
1575 3512 1880 3576 affirmaret3
1923 3525 2023 3562 non
2051 3527 2226 3564 omnes
