2314 3984
363 347 834 420 Ecclesiae-aptans
842 348 1033 413 ‚mola
1056 349 1242 403 'Petra
1254 351 1530 407 wa.
1540 378 1565 421 ,ς
1589 352 1757 423 inquit·
1767 391 1790 417 „
1801 354 2069 406 ‘inviolata
2087 370 2213 421 per-

363 438 577 499 mansit,-
603 437 745 489 mide
769 434 958 500 Lucae
982 434 1071 488 22.
1096 433 1423 508 :Egou‘ogifii
1447 444 1622 510 prato
1640 450 1741 498 etc.
1767 437 1838 492 Et
1865 439 1916 493 2.
1931 440 1984 493 2.
2012 449 2209 510 quaest.

365 526 414 576 1.
445 533 490 576 a.
522 524 608 577 lo.
635 522 689 575 id·
710 538 904 576 sumno
930 519 1171 579 Pontifici
1195 523 1544 579 necessarium
1563 519 1730 582 fuisse
1744 527 2042 593 111131111111113,
2068 537 2124 580 ut
2151 528 2211 580 ad

362 611 475 665 fidei
500 610 748 665 unitatem
772 628 951 664 omnes
975 620 1085 666 tute
1109 623 1335 685 cogeret,
1363 614 1465 667 ait:
1492 614 1759 669 Dominus
1780 616 1968 669 lucae
1994 615 2080 668 22.
2111 614 2211 666 Pe-

361 706 448 752 tro
476 702 638 762 dixit,
664 719 819 771 quem
843 704 1098 754 summum
1127 702 1449 773 Pontificem
1473 704 1766 765 constituit,
1788 701 1905 774 Ego
1931 722 2022 774 pro
2049 712 2103 756 te
2129 721 2214 755 ro-

361 787 511 859 gavi,
538 797 636 842 etc.
691 788 765 839 Et
787 789 947 861 liujus
973 792 1116 843 ratio
1145 798 1249 852 est,
1289 794 1420 861 quia
1457 787 1613 843 UNA
1637 791 1876 844 FIDES
1908 792 2066 843 debet
2100 811 2213 844 esse

362 879 524 929 totius
539 877 822 930 Ecclesiae
834 881 1124 932 secundum
1137 880 1279 931 illud
1291 878 1341 931 1.
1370 879 1497 932 Cor.
1517 877 1567 931 1.
1594 875 1812 949 Idipsum
1830 876 2008 931 dicatis
2020 895 2215 942 omneS‚

363 972 415 1016 et
439 981 543 1016 non
569 962 751 1016 sintin
783 965 928 1019 vobis
962 965 1266 1020 schismata:
1308 968 1458 1037 quod
1491 969 1702 1021 servari
1733 985 1842 1020 non
1861 972 2082 1036 posset,
2109 970 2217 1019 nisi

363 1055 607 1120 quaestio
627 1055 764 1123 fidei
790 1062 988 1108 exorta
1025 1056 1412 1108 determinetur
1442 1074 1551 1125 per
1589 1073 1736 1115 eum,
1775 1057 1872 1123 qui
1908 1057 2009 1107 toti
2034 1055 2217 1108 Eccle-

363 1142 477 1192 siae
493 1150 744 1209 praeest,
780 1151 842 1197 ut
875 1146 954 1197 sic
981 1149 1095 1216 ejus
1121 1147 1387 1197 sententia
1419 1165 1455 1197 a
1480 1150 1596 1196 tota
1622 1143 1870 1195 Ecclesia
1893 1146 2122 1213 firmiter
2149 1151 2216 1196 te·

363 1235 572 1280 neatur.
612 1226 853 1283 Concinit
877 1232 1132 1284 vetustior
1159 1241 1336 1284 auctor
1363 1229 1654 1283 Gallicanus
1678 1228 1900 1284 Jacobus
1929 1227 2216 1284 Cardinalis

363 1315 424 1366 de
450 1313 686 1368 Vitriaco
711 1315 765 1368 in
778 1316 1023 1382 ‚Historia
1048 1316 1302 1370 Orientali
1327 1336 1436 1389 cap.
1466 1317 1554 1371 75.
1581 1317 1816 1387 inquiens
1837 1338 1851 1368 ε
1899 1318 2030 1370 Cum
2055 1338 2217 1388 super

364 1402 505 1454 lianc
521 1410 758 1471 petram,
779 1424 888 1474 pro
917 1424 1024 1474 qua
1038 1406 1307 1457 Dominus
1334 1408 1566 1474 rogavit,
1590 1412 1652 1457 ut
1667 1424 1776 1456 non
1801 1406 2060 1475 deficeret
2075 1408 2213 1475 sides

363 1494 506 1562 ejus,
526 1499 659 1559 post
689 1493 961 1545 Christum
986 1496 1275 1564 aedificata
1302 1495 1373 1545 sit
1397 1499 1450 1544 et
1467 1495 1707 1562 fundata
1743 1493 1945 1546 Christi
1971 1494 2218 1546 Ecclesia

366 1588 463 1631 etc.
515 1577 698 1650 Neque
723 1580 1030 1634 dissentiunt
1053 1579 1297 1653 Episcopi
1323 1577 1473 1646 Galli,
1502 1580 1587 1651 qui
1613 1599 1746 1634 anno
1771 1581 1930 1634 1653.
1959 1581 2220 1651 loquentes

362 1667 422 1720 de
442 1669 789 1722 vetustissimo
809 1688 949 1723 more
975 1669 1229 1724 referendi
1257 1687 1436 1723 causas
1463 1672 1684 1742 majores
1700 1711 1714 1736 ,
1742 1670 2045 1743 praesertim
2085 1671 2216 1735 fidei,

365 1756 428 1807 ad
454 1756 622 1809 sedem
635 1757 1005 1829 Apostolicam‚
1033 1759 1147 1811 dum
1175 1758 1493 1830 scripserunt
1506 1759 1567 1811 ad
1579 1755 2013 1812 InnocentiumX.
2054 1760 2220 1819 Quem

366 1841 614 1916 (morem)
635 1849 774 1916 fides
790 1847 948 1899 Petri
970 1867 1258 1917 numquam
1284 1849 1556 1917 deficiens,
1576 1855 1845 1917 perpetuo
1865 1850 2093 1899 retineri
2108 1866 2218 1916 pro

347 1936 484 2002 jure
511 1953 607 1985 suo
627 1937 878 2003 postulat
888 1956 905 1997 ,·
931 1935 1102 1990 verbis
1122 1955 1411 2006 numquam
1435 1935 1690 2006 deficiens
1717 1934 2001 1989 orationem
2027 1943 2078 1987 et
2104 1954 2220 2006 pro-

366 2018 656 2073 missionem
679 2018 875 2075 Christi
894 2021 1054 2077 Petro
1081 2026 1283 2090 factam,
1311 2023 1374 2076 ad
1399 2041 1724 2077 successores
1751 2041 1946 2093 quoque
1972 2024 2077 2094 ejus
2104 2043 2220 2095 pro-

367 2118 607 2179 pagatam
636 2128 932 2182 respexere.
969 2109 1119 2179 Quod
1146 2110 1332 2165 clarius
1359 2110 1685 2184 explicarunt
1709 2110 1923 2181 triginta
1950 2129 2019 2164 ex
2044 2110 2220 2164 iisdem

367 2193 649 2270 EpiscopiS,
677 2217 786 2254 cum
813 2201 960 2272 paulo
987 2210 1104 2271 post
1128 2200 1181 2253 in
1208 2200 1394 2254 litteris
1422 2200 1483 2253 ad
1509 2199 1733 2253 eumdem
1761 2197 2061 2252 Pontificem
2088 2199 2221 2252 affir-

368 2296 600 2350 marunt,
641 2306 945 2341 summorum
973 2287 1303 2360 Apostolicae
1342 2288 1475 2342 sedis
1503 2287 1810 2341 Antistitum
1846 2288 2050 2342 decreta
2088 2286 2222 2341 circa

367 2372 512 2426 fidem
539 2377 722 2428 divina
749 2395 916 2446 aeque
944 2397 1010 2429 ac
1036 2397 1238 2430 summa
1260 2397 1363 2447 per
1389 2380 1694 2430 universam
1716 2378 2017 2430 Ecclesiam
2043 2384 2221 2429 auclo-

366 2464 529 2513 ritate
554 2466 670 2523 niti,
695 2463 841 2532 idque
869 2464 1186 2516 deduxerunt
1213 2484 1284 2517 ex
1307 2465 1511 2517 Christi
1535 2467 1740 2517 domini
1758 2467 1933 2517 nostri
1946 2466 2221 2532 pollicita-

366 2551 512 2600 tione
529 2550 698 2601 Petro
720 2554 894 2618 facta,
920 2569 991 2604 ex
1015 2551 1115 2604 illis
1143 2550 1334 2604 scilicet
1358 2550 1528 2604 verbis
1548 2551 1717 2604 Oravi
1733 2571 1844 2620 pro
1870 2559 1921 2604 te
1948 2560 2045 2604 etc.
2075 2569 2219 2621 quam

372 2634 540 2706 utique
561 2639 865 2691 sententiam
891 2658 962 2692 ex
988 2638 1308 2709 antiquorum
1334 2638 1608 2692 traditione
1635 2650 1982 2711 susceperant.
2011 2639 2221 2710 Antiqui

367 2723 522 2794 igitur
549 2744 658 2778 611111
673 2725 1024 2779 Romanorum
1039 2725 1360 2794 Pontificum,
1388 2746 1478 2781 seu
1502 2726 1771 2781 Romanae
1790 2725 2053 2781 Ecclesiae
2078 2728 2222 2782 fidem

371 2812 503 2865 illam
531 2813 826 2879 habuerint,
854 2823 1049 2868 contra
1076 2835 1236 2886 quam
1257 2825 1455 2887 portae
1481 2819 1650 2885 inferi
1674 2836 1782 2868 non
1813 2818 2222 2885 praevalebunt,

368 2911 420 2952 et
446 2919 536 2972 pro
565 2921 662 2972 qua
691 2900 926 2956 Christus
954 2904 1151 2970 oravit,
1187 2925 1254 2959 ne
1282 2908 1566 2976 deficeret3
1606 2922 1774 2957 nonne
1802 2922 1911 2956 eam
1939 2922 2009 2957 ex
2035 2923 2221 2957 memo-

371 2989 498 3042 ratis
534 2987 729 3044 Christi
765 2991 1031 3064 promissis
1067 3009 1182 3045 esse
1221 2992 1532 3045 infallibilem
1570 2991 1844 3044 credidisse
1883 2991 2010 3043 satis
2047 3001 2220 3062 aperte

370 3079 661 3134 declarasse
687 3080 881 3134 dicendi
909 3081 1061 3133 sunt?
1107 3078 1162 3132 Id
1189 3098 1437 3152 expresse
1476 3077 1676 3149 collegit
1702 3075 1759 3131 S.
1788 3076 1832 3130 F
1837 3078 2097 3132 ranciscus
2125 3077 2222 3132 Sa-

371 3166 523 3220 lesius
541 3208 555 3233 ,
595 3187 704 3221 611111
730 3169 783 3222 111
809 3168 945 3241 (Ms.
983 3169 1035 3221 in
1074 3169 1242 3241 pluteo
1268 3167 1339 3218 A.
1368 3186 1419 3219 n.
1449 3167 1536 3221 71.
1565 3185 1681 3238 pag.
1709 3165 1831 3236 42.)
1871 3186 2051 3239 opere,
2092 3170 2221 3238 quod

370 3253 420 3305 in
446 3254 762 3310 Bibliotheca
790 3255 1043 3329 Chigiana
1069 3255 1266 3310 Romae
1293 3255 1488 3321 inveni⁷
1518 3273 1625 3327 cap.
1659 3255 1744 3307 10.
1775 3256 2108 3310 consideratis
2134 3275 2222 3328 pc-

372 3340 541 3394 riculis
568 3344 699 3410 fidei,
727 3364 855 3415 qnae
882 3365 991 3399 cum
1019 3344 1289 3399 identidem
1314 3342 1556 3409 incidant²
1587 3343 1807 3397 remedio
1835 3362 2034 3415 semper
2058 3362 2219 3414 proma

372 3439 456 3500 pto
484 3439 535 3482 et
562 3429 809 3486 infallibili
835 3434 1092 3506 indigent,
1119 3431 1355 3505 scriptum
1383 3431 1610 3502 reliquit:
1638 3415 1892 3503 L’Eylise
1918 3453 1951 3483 a
1978 3436 2220 3503 toujours

369 3519 549 3572 besoin
578 3521 703 3573 d’un
732 3527 1110 3591 consti-malem
1132 3522 1438 3592 infaillible,
1467 3539 1528 3573 en
1553 3522 1681 3592 quel
1698 3541 1764 3573 on
1787 3523 1972 3591 puisse
2000 3521 2220 3572 s'adres-
