2314 3984
775 246 1426 305 ——373--

191 425 334 489 parte
357 414 603 470 deficient.
670 412 730 468 Si
754 423 919 468 autem
956 433 1020 469 ne
1056 433 1156 468 uno
1193 415 1372 468 saltem
1405 414 1459 466 in
1484 430 1658 468 errore
1681 413 1732 465 id
1755 430 1826 466 ex
1850 431 2009 483 aequo

191 511 452 574 praestare
476 519 535 555 se
556 519 704 573 posse
730 501 1096 573 deprehendat3
1132 499 1472 553 infallibilitati
1493 498 1792 554 Pontificiae
1815 517 1909 553 nec
1934 518 2010 553 re-

191 588 338 641 sistat
362 586 542 640 diutius
557 627 571 652 ‚
609 606 702 642 nec
726 587 1027 643 sententiam
1062 596 1311 651 nostram,
1350 604 1447 656 qua
1471 585 1603 638 illam
1629 585 1882 640 vindicare
1907 594 2012 638 stu-

192 674 303 740 dui,
335 672 490 728 veluti
523 673 709 726 exilem
743 683 828 727 aut
865 674 1178 745 desperatam
1213 672 1460 726 traducat.
1509 670 1635 726 Non·
1655 673 1835 745 ignoro
1861 691 2011 743 quos-

192 761 326 826 dam,
362 760 650 813 contrariae
686 760 933 832 opinionis
959 758 1270 831 praejudiciis
1296 769 1592 831 occupato&
1628 760 1688 813 de
1724 760 2011 813 memoratis

191 846 554 900 conditionibus
579 856 630 900 et
655 846 1082 910 restrictionibus,
1122 863 1249 915 quae
1282 863 1512 910 erroreS,
1550 846 1633 916 qui
1657 846 1804 917 oinci
1829 847 2010 911 solent,

193 951 224 985 a
249 933 540 1003 quaestione
566 932 821 1005 praesenti
853 932 1043 986 alienos
1079 930 1359 996 declarant,
1395 932 1551 984 fuisse
1585 943 1912 1002 conquestOS‚
1948 951 2008 985 eo

193 1021 321 1089 quod
347 1019 439 1073 hac
463 1019 692 1073 methodo
716 1037 930 1090 paucae,
968 1017 1117 1069 immo
1143 1018 1308 1071 nullae
1333 1017 1436 1070 sint
1459 1037 1611 1072 verae
1637 1029 1687 1071 et
1711 1019 1911 1091 proprie
1937 1019 2010 1070 di-

186 1115 304 1161 ctae
328 1106 665 1168 definitioneS‚
700 1122 827 1174 quae
851 1103 1062 1172 aliquem
1088 1113 1279 1156 certum
1311 1104 1425 1157 fidei
1451 1123 1674 1157 errorem
1701 1105 2008 1170 contineant,

190 1191 318 1243 unde
357 1191 584 1244 absoluta
619 1189 719 1242 illis
755 1189 1080 1242 infallibilitas
1116 1189 1269 1242 tribui
1303 1208 1404 1242 non
1442 1191 1616 1263 possit.
1667 1189 1788 1243 Non
1828 1191 2007 1242 abnuo.

189 1275 343 1329 Immo
368 1277 439 1329 ita
464 1276 540 1329 his
566 1275 685 1328 solis
711 1275 1074 1329 definitionibus
1106 1276 1504 1330 infallibilitatem
1531 1278 1849 1330 asserendam
1877 1277 2010 1328 affir-

190 1381 297 1427 mo,
323 1373 378 1415 ut
403 1363 446 1415 si
470 1362 626 1415 velint
638 1361 722 1429 *),
755 1362 807 1414 in
833 1362 1015 1416 ceteris
1041 1381 1168 1431 quae
1203 1381 1305 1414 non
1338 1373 1453 1415 sunt
1477 1363 1678 1435 proprie
1704 1363 1866 1415 dictae
1893 1364 1984 1415 defi

190 1449 406 1502 nitiones
441 1449 577 1514 fidei,
628 1467 719 1502 nec
752 1449 952 1502 omnino
990 1448 1205 1519 exigunt
1239 1449 1482 1503 unitatem
1517 1460 1567 1503 et
1604 1468 1863 1502 assensum
1899 1450 2009 1502 fidei

189 1537 541 1607 praestandum
567 1554 636 1589 ex
661 1537 758 1589 line
784 1545 834 1588 et
860 1535 1019 1589 officio
1047 1535 1288 1606 primatus
1304 1575 1318 1600 ,
1362 1535 1637 1589 Pontifices
1663 1555 1835 1590 errare
1861 1555 2008 1607 posse

189 1641 290 1675 non
317 1641 493 1693 negem
509 1661 522 1687 ‚
560 1623 633 1674 uti
658 1641 818 1691 neque
843 1622 926 1674 alii
950 1620 1246 1674 Pontificiae
1279 1622 1645 1676 infallibilitatis
1670 1633 2008 1695 propugnato-

189 1728 272 1762 res
307 1709 618 1762 inficiantur:
654 1717 704 1761 et
740 1708 979 1778 siquidem
1016 1708 1107 1760 hac
1131 1707 1329 1761 ratione
1365 1729 1474 1762 ciun
1500 1709 1801 1763 adversariis
1828 1729 2008 1763 conve·
2039 1722 2043 1726 ”

190 1798 414 1860 niamus,
453 1795 588 1847 nulla
620 1795 673 1847 in
698 1794 789 1848 hoc
814 1795 913 1848 erit
939 1794 1148 1866 amplius
1172 1794 1428 1847 nobiscum
1467 1796 1711 1864 quaestio,
1763 1793 1904 1848 Satis
1932 1798 2009 1848 ni,

308 1993 352 2044 *)
382 1994 427 2033 In
443 1993 674 2035 Pontificiis
695 1994 892 2040 decretis,
926 2006 1030 2045 quae
1063 2007 1188 2035 verae
1221 1999 1442 2046 certaeque
1472 1993 1734 2035 definitiones
1763 1995 1862 2034 fidei
1894 2000 2004 2039 sunt,

189 2064 271 2092 non
300 2053 433 2092 minus
474 2065 594 2104 quam
636 2054 678 2092 in
718 2054 830 2092 veris
859 2055 1067 2105 certisque
1098 2055 1408 2094 definitionibus
1439 2055 1707 2094 conciliorum
1738 2056 2004 2106 generalium,

191 2112 336 2163 quibus
365 2112 694 2152 infallibilitatem
733 2124 874 2152 omnes
919 2113 1110 2152 catholici
1142 2114 1374 2152 adversarii
1403 2119 1614 2162 asserunt,
1647 2114 1780 2153 nullus
1812 2113 1907 2153 fidei
1941 2127 2005 2153 er-

189 2183 262 2212 ror
291 2171 541 2210 invenietur.
601 2173 717 2214 Quae
747 2183 846 2211 vero
878 2172 1101 2212 Pontificia
1131 2173 1314 2221 decreta,
1346 2173 1396 2212 ab
1428 2173 1575 2212 iisdem
1602 2174 1807 2223 opposita,
1840 2173 2005 2223 aliquod

190 2231 346 2269 erroris
387 2230 552 2270 dubium
593 2231 857 2282 inspergunt,
898 2243 980 2271 non
1020 2233 1074 2271 ad
1115 2236 1254 2273 certas
1295 2235 1340 2272 et
1370 2234 1538 2284 proprie
1575 2233 1707 2271 dictas
1742 2231 2004 2271 definitiones

190 2290 418 2340 pertinent,
460 2290 533 2328 sed
566 2290 651 2328 fere
683 2290 735 2328 ad
768 2291 1004 2341 opiniones,
1049 2304 1154 2343 quae
1186 2293 1391 2332 contineri
1430 2293 1565 2331 solent
1603 2293 1644 2330 in
1678 2291 1910 2330 Pontificiis
1940 2303 2005 2331 re-

189 2349 356 2399 scriptis
386 2352 509 2398 atque
541 2349 767 2400 responsis,
808 2351 1053 2400 praesertim
1085 2352 1197 2391 circa
1229 2363 1350 2390 casus
1388 2353 1623 2402 practices,
1666 2352 1706 2389 in
1740 2351 1888 2401 quibus
1918 2351 2003 2390 Ro-

188 2419 330 2447 manos
369 2407 595 2447 Pontifices
633 2409 847 2448 consulere
886 2410 1081 2460 antiquus
1120 2423 1207 2450 mos
1248 2412 1336 2454 fuit.
1409 2412 1509 2451 Cum
1550 2412 1655 2449 enim
1693 2407 1753 2449 illi
1792 2411 1846 2450 ad
1887 2411 2001 2450 Petri

188 2467 338 2506 Sedem
368 2468 554 2518 provecti
587 2479 660 2506 nec
690 2466 903 2508 humanam
936 2470 1212 2509 conditionem
1245 2470 1524 2521 deposuerint,
1558 2482 1632 2508 nec
1655 2469 1890 2509 facultatem
1916 2470 2004 2520 opi-

188 2525 338 2574 nandi;
376 2526 415 2564 in
449 2526 612 2565 casibus
643 2531 779 2565 autem
811 2527 1030 2577 practicis,
1072 2529 1112 2566 in
1146 2529 1292 2579 quibus
1322 2532 1411 2568 tuta
1442 2529 1651 2568 sententia
1682 2530 1915 2578 quaeritur,
1949 2529 2002 2567 ad

188 2585 302 2624 licite
332 2597 381 2624 ac
411 2589 502 2624 tute
533 2586 735 2636 agendum
765 2597 845 2624 non
877 2587 932 2625 sit
961 2589 1198 2627 necessaria
1227 2588 1434 2627 certitudo
1469 2588 1578 2634 fidei,
1610 2599 1686 2627 nec
1703 2587 1999 2639 metaphysica,

188 2645 307 2684 immo
339 2656 416 2683 nec
446 2644 638 2695 physica,
685 2644 760 2683 sed
790 2646 957 2684 moralis
989 2646 1190 2693 sufficiat,
1234 2651 1279 2687 ut
1310 2649 1448 2687 multis
1480 2648 1652 2698 probavi
1693 2647 1733 2685 in
1766 2648 1869 2686 libro
1905 2647 1999 2687 Mo-

188 2704 346 2743 ralium
389 2704 602 2743 actionum
644 2704 797 2753 regula
839 2704 887 2742 in
927 2705 1217 2756 opinabilibus
1249 2720 1283 2744 c.
1315 2707 1357 2744 2.
1401 2707 1574 2745 Romani
1607 2705 1832 2745 Pontifices
1865 2707 1905 2745 in
1938 2719 2001 2746 re-

186 2763 353 2813 scriptis
374 2762 571 2812 eJusmodi
591 2762 840 2813 respondere
860 2770 1176 2811 consueverunt,
1207 2765 1315 2814 quod
1335 2765 1542 2815 opinando
1575 2777 1625 2803 ex
1657 2765 1904 2816 prudentiae
1936 2778 2002 2804 re-

186 2822 294 2873 gulis
325 2833 399 2873 pro
432 2822 828 2862 circumstantiarum
859 2823 1064 2864 varietate
1094 2824 1306 2863 moraliter
1325 2828 1492 2871 certum,
1524 2834 1597 2862 sen
1629 2825 1882 2874 probabilius
1913 2837 1999 2864 cre-

187 2881 394 2927 diderunt,
428 2881 490 2920 vel
510 2882 660 2927 tutius;
694 2881 816 2932 idque
841 2882 1028 2922 fecerunt
1057 2883 1216 2932 pariter
1245 2883 1286 2921 in
1318 2883 1475 2934 aliquot
1505 2883 1772 2934 speculativis
1792 2886 2004 2934 quaestio-

186 2941 305 2981 nibus
335 2941 447 2979 circa
485 2941 697 2980 materiam
726 2939 849 2986 fidei,
898 2941 939 2979 in
972 2941 1118 2992 quibus
1157 2946 1309 2981 certum
1351 2943 1499 2992 dogma
1529 2943 1742 2982 declarare
1774 2947 1817 2981 et
1847 2944 2001 2982 eonsti-

185 3004 305 3040 tuere
346 3000 398 3038 ob
442 3000 730 3040 vindicandam
770 2999 867 3039 fidei
906 3001 1108 3040 unitatem
1152 3002 1427 3041 necessarium
1468 3013 1547 3040 non
1576 3002 1830 3052 judicabant.
1891 3003 2001 3042 Hinc

187 3060 282 3098 illae
310 3059 424 3097 solae
457 3059 720 3099 definitiones
751 3059 847 3099 fidei
877 3063 994 3105 sunt,
1038 3060 1079 3098 in
1120 3061 1265 3112 quibus
1309 3061 1539 3100 doctrinam
1579 3060 1675 3099 fidei
1707 3074 1752 3100 se
1785 3061 1999 3100 declarare

186 3122 229 3157 et
261 3117 482 3157 decernere
512 3119 641 3158 certis
673 3130 819 3158 vocum
849 3122 920 3158 aut
949 3119 1210 3159 formularum
1251 3120 1528 3160 caracteribus
1566 3119 1826 3170 significant,
1870 3125 1915 3159 ut
1946 3133 1997 3160 ex

187 3176 324 3216 officio
355 3189 406 3216 ac
435 3176 517 3216 tine
547 3178 746 3230 primatus
775 3177 872 3218 fidei
905 3179 1103 3218 unitatem
1134 3180 1371 3219 custodiant
1402 3184 1444 3218 et
1474 3180 1695 3218 vindicent.
1750 3180 1850 3218 Cum
1882 3180 1925 3219 id
1956 3182 1997 3220 in

187 3236 408 3275 rarissimis
439 3236 600 3276 casibus
631 3237 944 3289 praestiterint;
977 3238 1033 3276 nil
1063 3239 1229 3285 mirum,
1263 3239 1300 3277 si
1331 3251 1456 3277 verae
1489 3242 1531 3278 et
1564 3244 1702 3278 certae
1733 3238 1996 3278 definitiones

185 3294 451 3342 pontificiae,
484 3296 627 3345 quibus
658 3296 848 3336 absoluta
878 3297 1146 3336 infallibilitas
1177 3299 1395 3349 competit,
1424 3298 1658 3337 rarissimae
1688 3298 1795 3344 sinn
1827 3310 1996 3348 cumque

186 3355 228 3394 in
258 3355 470 3405 rescriptis
498 3367 550 3393 ac
579 3355 780 3402 decretis,
813 3368 919 3407 quae
950 3357 1074 3407 objici
1101 3357 1259 3408 solent,
1301 3369 1418 3396 omne
1448 3357 1611 3397 dubium
1641 3369 1722 3396 nou
1753 3358 1866 3399 circa
1897 3358 1995 3396 defi-

186 3414 380 3459 nitiones,
411 3412 485 3452 sed
517 3414 628 3453 circa
659 3415 874 3466 opiniones
908 3418 1062 3456 versari
1093 3417 1318 3467 praemissa
1347 3428 1533 3456 verarum
1563 3416 1847 3456 definitionum
1879 3418 1993 3455 notio

186 3472 429 3523 patefaciat3
472 3472 576 3513 haec
615 3474 799 3526 (etiamsi
842 3485 1021 3515 errorem
1061 3475 1236 3528 aliquem
1276 3475 1561 3529 continerent)
1593 3480 1709 3517 extra
1739 3476 1994 3529 propositum

188 3531 337 3583 opponi
368 3531 622 3574 manifestum
651 3534 727 3576 est.
