2320 3990
989 161 1609 220 *94*-

374 329 598 383 Petrum.
623 327 903 399 Apostolis
933 332 1276 398 ‘conferataem
1297 328 1619 387 *Praeclare
1669 332 1824 386 etiam
1858 330 2142 386 Bossuetus
2176 332 2229 386 in

373 418 588 473 laudatis
623 414 1045 470 Meditationibus
1062 415 1158 470 die
1195 415 1288 471 70.
1338 417 1966 492 ‘Qbaeoeidnn‚(Christus)
1991 423 2050 472 in
2085 421 2229 473 eoln‘-
2316 490 2320 500 Ι

370 509 545 560 benda
581 523 803 558 suorum
829 501 1220 574 Apostolorum
1257 505 1550 558 ambitione
1581 510 1665 563 ἐκ
1698 516 1820 563 erat
1853 511 2136 578 loquutus,
2174 516 2232 561 ut
2311 509 2320 575 1

371 596 436 648 ab
464 597 548 656 iis,
575 596 671 664 qui
696 598 810 666 ejus
836 593 1000 646 verba
1025 611 1134 645 non
1163 596 1294 646 satis
1313 594 1742 663 ponderas-cent,
1785 599 1941 649 credi
1968 599 2232 664 potuerit,
2315 578 2320 599 ⁵

369 683 580 736 nullum
607 683 908 751 primatum
927 683 1105 749 fuisse
1141 683 1419 743 relictum,
1461 685 1592 751 quin
1631 689 1686 736 et
1707 685 2026 738 diminutum
2056 686 2230 752 fuisse

371 771 552 832 illum,
593 787 750 839 quem
778 768 950 820 Petro
989 771 1324 834 tradiderat3
1374 771 1477 823 lzoo
1504 772 1624 824 loco
1644 773 1878 840 perinde
1905 776 2138 842 affatur,
2173 778 2235 824 ut

371 860 678 928 oppositum
703 858 898 926 palam
922 858 1262 912 demonstret.
1311 856 1568 923 SatanaS‚
1605 861 1812 928 inquit,
1836 857 2092 930 expetivit
2116 875 2229 921 VOS,

371 956 425 998 ut
452 945 704 999 cribraret
729 963 926 1012 omneS,
953 942 1068 1017 Ego
1097 956 1264 1000 autem
1281 986 1294 1012 ‚
1322 944 1512 1012 Petre‚
1539 946 1722 1018 rogavi
1749 964 1842 1018 pro
1869 955 1940 1011 te,
1961 965 2072 1016 pro
2098 953 2150 998 te
2175 949 2231 998 in

366 1035 730 1104 particulari,
762 1053 871 1103 pro
899 1041 950 1086 te
975 1037 1258 1098 destincte,-
1296 1055 1404 1088 non
1433 1037 1582 1106 quod
1605 1037 1745 1088 alios
1771 1035 2095 1104 neyleccerit,
2122 1035 2234 1094 sed,

373 1131 430 1176 ut
458 1123 658 1176 Patres
685 1130 996 1192 exponunt,
1025 1126 1174 1194 quod
1192 1127 1412 1194 firmato
1441 1127 1620 1194 capite
1647 1125 1912 1193 impedire
1937 1124 2137 1182 voluit,
2164 1141 2231 1174 ne

373 1213 608 1264 membra
632 1218 903 1264 nutarent.
956 1209 1052 1264 Ait
1075 1215 1271 1282 igitur,
1308 1212 1488 1284 rogavi
1514 1231 1606 1284 pro
1633 1221 1686 1265 te
1702 1251 1716 1277 ,
1753 1230 1863 1263 non
1890 1230 2018 1264 vero
2042 1213 2235 1281 royavi

369 1318 478 1367 pro
505 1301 668 1352 vobis.
720 1295 1048 1370 Quapropter
1076 1299 1161 1369 qui
1185 1300 1316 1354 hune
1342 1301 1508 1353 locum
1526 1298 1896 1370 Evangelieum
1913 1299 1973 1352 de
2000 1298 2233 1351 oratione

374 1383 569 1439 Christi
596 1404 689 1458 pro
717 1383 880 1439 Petro
908 1404 938 1438 a
964 1384 1126 1440 Petro
1154 1387 1217 1439 ad
1244 1396 1445 1440 ceteros
1471 1386 1753 1459 Apostolos
1787 1386 2136 1452 transferunt,
2176 1404 2234 1439 ae

373 1473 416 1526 si
443 1491 547 1526 non
574 1473 866 1546 specialiter
904 1494 996 1547 pro
1023 1473 1175 1529 Petri
1209 1474 1304 1528 fide
1332 1472 1570 1528 Christus
1607 1472 1865 1539 oraverit,
1915 1474 2005 1528 sed
2043 1492 2234 1545 aequae

373 1580 464 1633 pro
491 1561 585 1615 fide
612 1571 928 1629 ceterorum,
966 1582 1235 1636 perperam
1261 1564 1609 1628 transferunt3
1656 1561 1707 1614 id
1744 1571 1925 1615 contra
1963 1561 2234 1615 litteralem

374 1650 682 1704 sententiam
710 1661 806 1704 est.
873 1648 1006 1719 Quid
1045 1651 1179 1705 enim
1207 1649 1444 1705 Christus
1473 1652 1532 1703 de
1559 1649 1789 1703 omnibus
1815 1648 1962 1701 initio
2002 1649 2235 1719 loquutus

374 1756 485 1791 cum
508 1737 568 1790 de
592 1738 815 1790 omnitun
838 1738 1061 1810 periculo
1086 1757 1176 1792 seu
1196 1738 1480 1793 tentatione
1501 1736 1838 1811 praemonuit,
1854 1755 1958 1789 non
1985 1755 2040 1789 se
2056 1754 2236 1790 orasse

374 1825 508 1878 dixit
541 1844 633 1898 pro
668 1826 928 1892 omnibus,
969 1845 1033 1879 ne
1072 1846 1246 1881 eorum
1281 1827 1402 1880 fides
1442 1827 1709 1892 deficeret3
1747 1824 1836 1878 sed
1862 1842 2150 1877 sermonem
2177 1824 2235 1877 de

375 1913 606 1967 omnibus
642 1914 931 1968 inchoatum
964 1915 1120 1969 veluti
1158 1917 1490 1987 abrulnpenS‚
1531 1924 1583 1968 et
1611 1915 1672 1967 ad
1698 1931 1850 1965 unum
1876 1911 2089 1966 Petrum
2117 1931 2237 1965 con-

375 2012 603 2069 vertenS‚
632 2021 688 2056 se
715 2022 807 2075 pro
835 2003 945 2075 ipso
974 2022 1154 2058 orasse
1182 2003 1483 2070 affirmavit3
1524 2003 1568 2056 si
1593 2021 1697 2056 non
1723 2001 2014 2074 specialiter
2041 2010 2093 2053 et
2119 2019 2237 2072 pro-

374 2091 483 2163 prie
519 2101 723 2144 orasset
760 2110 853 2163 pro
894 2093 1003 2164 ejus
1038 2091 1170 2143 fide?
1222 2090 1504 2161 Sequentia
1550 2091 1708 2144 multo
1746 2089 1912 2160 magis
1950 2097 2238 2160 repugnant

374 2178 828 2251 interpretantibus
854 2178 985 2232 hunc
1011 2179 1175 2232 locum
1202 2177 1408 2250 proprie
1434 2177 1494 2231 de
1523 2174 1719 2230 Christi
1758 2176 1990 2229 oratione
2026 2194 2118 2247 pro
2146 2175 2238 2228 fide

376 2266 616 2320 omnium.
665 2264 886 2321 sienim
915 2286 1074 2338 aeque
1100 2285 1192 2339 pro
1230 2277 1517 2320 ceterorum
1556 2264 1777 2318 omnium
1814 2264 1908 2317 fide
1948 2263 2239 2336 specialiter

375 2364 579 2409 orasset
606 2352 846 2409 Christus
873 2373 933 2409 ac
959 2374 1052 2427 pro
1079 2355 1173 2408 fide
1198 2352 1376 2420 Petri3
1414 2353 1713 2406 confirmata
1740 2371 1898 2423 aeque
1923 2352 2104 2406 fuisset
2130 2351 2241 2424 ipsa

376 2443 611 2497 oratione
638 2442 860 2495 omnium
887 2452 940 2496 et
961 2443 1275 2514 singulorum
1294 2442 1435 2506 fides,
1463 2441 1683 2511 nihilque
1709 2440 1890 2493 suisset
1920 2459 2123 2506 causae,
2153 2458 2242 2493 cur

378 2530 593 2583 istorum
642 2530 764 2583 fides
813 2528 1022 2600 speciali
1073 2529 1187 2584 fidei
1237 2528 1384 2584 Petri
1433 2528 1778 2583 confirmanda
1817 2527 2237 2581 connnitteretur.

376 2617 667 2688 Numquam
696 2636 821 2671 sane
846 2618 1068 2670 futurum
1096 2628 1238 2684 erat,
1263 2629 1322 2672 ut
1347 2617 1400 2671 in
1426 2618 1520 2671 fide
1547 2617 1820 2670 delicerent
1844 2614 2117 2687 Apostoli,
2159 2615 2242 2685 qui

378 2707 421 2759 si
443 2725 546 2759 nou
566 2706 658 2759 hac
685 2705 892 2778 speciali
918 2706 1152 2761 oratione
1174 2704 1388 2772 Christi,
1417 2714 1558 2759 certe
1579 2702 1800 2777 Spiritus
1816 2701 1998 2756 Sancti
2025 2702 2242 2756 adventu

378 2794 705 2847 confi1·nuu1di
732 2803 898 2858 erant,
929 2803 982 2845 ut
1002 2813 1066 2847 ne
1094 2793 1241 2847 Petri
1267 2793 1653 2847 confirmatione
1674 2791 1980 2864 indigerent.
2033 2789 2108 2842 At
2132 2809 2241 2843 cum

380 2879 617 2937 Christus
643 2881 738 2935 hoe
763 2882 907 2947 loco⁷
945 2880 1000 2934 in
1025 2901 1124 2952 quo
1161 2900 1265 2935 non
1301 2882 1361 2935 de
1385 2880 1757 2953 Apostoloriun
1790 2888 2015 2942 tantmn,
2057 2877 2144 2930 sed
2180 2876 2241 2928 de

380 2970 746 3043 Episcoporum
785 2969 1037 3035 omnium,
1077 2969 1163 3040 qui
1187 2968 1456 3040 Apostolis
1482 2968 1734 3021 debebant
1761 2965 2061 3030 succedere,
2101 2974 2155 3017 et
2182 2966 2241 3017 de

379 3059 602 3112 omnium
642 3055 1055 3113 Christianorum
1100 3055 1487 3112 confirmatione
1531 3054 1733 3126 agitur,
1769 3052 1918 3107 Petri
1970 3052 2240 3125 primatum

381 3146 691 3214 institueret,
719 3156 771 3200 et
795 3145 849 3199 in
876 3145 969 3200 hoc
994 3145 1214 3219 primatu
1239 3143 1548 3198 instituendo
1576 3142 1733 3194 totius
1760 3140 2024 3195 Ecclesiae
2051 3140 2164 3194 fidei
2192 3150 2243 3194 et

379 3233 565 3287 unitati
610 3235 762 3290 vellet
798 3235 1092 3308 provide‘re3
1144 3234 1326 3288 docere
1360 3232 1523 3305 ipsam
1559 3228 1846 3285 Ecclesiam
1896 3229 2085 3295 voluit,
2126 3228 2243 3300 quid

381 3321 532 3375 officii
559 3332 610 3375 et
629 3324 761 3394 juris
786 3325 920 3377 bono
947 3321 1159 3376 unitatis
1185 3320 1344 3375 eidem
1371 3317 1532 3373 Petro
1557 3320 1765 3391 ejusque
1802 3319 1915 3372 fidei
1953 3317 2243 3390 specialiter

379 3409 625 3463 traderet.
689 3409 760 3463 Et
798 3412 928 3466 sicut
966 3413 1099 3466 bono
1140 3407 1351 3463 unitatis
1387 3406 1536 3462 Petri
1563 3407 1707 3460 fidem
1735 3425 1791 3461 se
1817 3406 2096 3479 positurum
2126 3423 2243 3476 spo-

381 3498 628 3569 ponderat
654 3508 910 3569 tamquam
939 3500 1133 3553 firmam
1160 3506 1374 3572 petram,
1402 3495 1484 3548 eui
1512 3513 1689 3548 omnes
1715 3494 1768 3546 in
1794 3493 1991 3547 unitate
2019 3493 2238 3564 ejusdem
