2320 3990
705 225 1312 282 ...ξι-7....-

99 397 444 452 Discussionc
471 394 741 446 Rivetiani
765 391 1132 462 Αροῐοῃείίοί,
1158 391 1241 443 ubi
1265 392 1324 444 de
1348 389 1491 447 Petri
1517 390 1734 463 primatu
1759 391 1917 444 disse-

99 499 233 547 rens,
258 489 472 534 testatur
494 490 604 532 cum
631 477 943 550 Hieronymo
969 494 1117 530 unum
1143 477 1298 531 fuisse
1322 479 1643 549 praefectum,
1670 478 1743 530 uti
1768 468 1917 549 opor-

44 620 48 626 „
98 569 258 632 tebat‚
294 568 356 620 ob
394 564 632 618 unitatem
669 565 994 627 servandam,
1034 573 1089 616 ut
1126 563 1477 616 schismatibus
1510 574 1915 636 praecaveretur.

96 653 228 708 Nam
254 657 366 706 sine
391 655 491 705 tali
507 655 774 720 primata,
811 649 998 719 inquit,
1037 652 1184 701 exiri
1219 669 1253 701 a
1278 656 1655 704 controversiis
1693 671 1801 704 non
1821 671 1917 720 po-

95 748 262 800 terat,
300 742 434 791 sicut
462 741 619 790 hodie
646 738 795 805 apud
820 737 1186 788 protestantes
1213 737 1365 788 nulla
1392 744 1471 788 est
1494 741 1665 798 ratio,
1704 757 1810 806 qua
1836 757 1918 810 or-

96 835 267 878 tar-um
294 828 430 877 inter
458 828 600 892 ipsos
626 826 1110 875 controversiarum
1147 827 1454 890 reperiatur
1485 827 1626 893 finis.
1678 820 1915 875 Eanudem

96 931 244 984 porro
271 910 619 964 necessitatem
654 907 893 979 primatus
921 908 1182 961 confirmat
1221 926 1290 961 ex
1319 906 1580 980 Cypriano
1598 950 1611 974 ,
1654 928 1684 962 a
1722 927 1817 978 quo
1844 910 1917 960 fa-

98 1008 228 1051 tetur
252 999 303 1050 in
341 997 546 1049 unitatis
584 997 764 1048 bonum
803 998 1025 1065 aynosci
1052 995 1208 1046 Petri
1223 999 1515 1063 primatum
1549 1015 1663 1048 cum
1690 1000 1917 1048 auctori-

95 1094 218 1138 tate.
247 1117 250 1120 ·
284 1084 443 1136 Unius
479 1082 672 1152 quidem
710 1082 886 1134 summi
923 1080 1214 1134 Sacerdotis
1264 1081 1618 1134 necessitatem
1658 1081 1914 1150 quamdam

95 1191 200 1224 cum
231 1169 527 1223 auctoritate
553 1170 683 1221 bono
711 1168 918 1221 unitatis
946 1167 996 1219 in
1023 1177 1197 1221 vetere
1226 1166 1557 1221 Testamento
1584 1167 1744 1221 Deum
1771 1186 1917 1238 prae-

94 1267 401 1311 monstrasse
426 1256 657 1328 pernovit
684 1252 925 1309 Calvinus
943 1295 955 1319 ‚
993 1254 1113 1306 haec
1151 1255 1379 1308 scribens
1406 1255 1488 1307 lib.
1516 1255 1568 1307 4.
1598 1254 1760 1307 Instit.
1791 1273 1833 1306 c.
1862 1255 1912 1307 6.

96 1346 140 1412 ᾗ.
170 1346 219 1396 ’2.
282 1345 420 1403 Quia
446 1346 677 1412 undique
706 1344 770 1394 ab
799 1345 1047 1394 idolatris
1085 1346 1224 1409 septi
1261 1351 1416 1394 erant
1442 1342 1666 1402 Judaei,
1706 1361 1770 1393 ne
1797 1343 1916 1392 reli-

92 1435 306 1499 9ionum
342 1433 594 1481 varietate
633 1430 1090 1486 distraherentur,
1129 1430 1299 1480 cultus
1339 1433 1422 1480 sui
1447 1427 1620 1480 sedem
1664 1432 1715 1479 in
1742 1429 1915 1478 medio

96 1526 272 1569 terrae
299 1519 415 1567 sinu
440 1516 590 1567 Deus
617 1517 928 1575 collocavit,
955 1516 1038 1566 illi
1076 1514 1308 1566 UNUM
1326 1518 1610 1566 antistitem
1630 1517 1917 1583 pracfecit,

95 1621 243 1671 quem
269 1620 444 1652 omnes
471 1604 814 1667 respicerent,
843 1621 946 1668 quo
977 1602 1159 1652 melius
1187 1604 1240 1652 in
1268 1605 1469 1653 unitate
1495 1604 1912 1652 continerentur.

94 1686 328 1738 Eamdem
366 1685 510 1736 unius
550 1685 724 1736 summi
760 1684 1020 1737 Pontificis
1073 1686 1420 1738 auctoritatem
1457 1686 1507 1737 in
1552 1705 1685 1739 nova
1723 1703 1915 1753 quoque

62 1795 65 1798 ·
92 1772 323 1826 Ecclesia
371 1771 711 1824 necessariam
764 1771 1073 1823 affirmarunt
1125 1770 1210 1822 alii
1260 1770 1616 1824 protestantes
1640 1812 1653 1836 ,
1708 1790 1913 1840 quorum

94 1869 264 1912 textus
293 1859 435 1911 affert
461 1856 522 1909 P.
550 1857 775 1928 Ignatius
802 1857 844 1909 F
848 1858 977 1910 iume
1004 1857 1191 1910 ordinis
1219 1855 1649 1922 Praedicatorum,
1679 1857 1755 1911 cui
1781 1858 1914 1909 lucu-

92 1946 258 1998 brauti
285 1945 520 1998 adversus
547 1954 818 1997 novatores
857 1963 978 2016 opus
1014 1943 1303 2016 inscriptum
1337 1946 1539 1997 Schola
1566 1948 1804 1997 veritatis
1832 1965 1913 1995 or—

92 2034 364 2084 thodoxae
391 2041 590 2102 praesto
618 2031 710 2082 fuit
736 2049 835 2083 non
863 2031 1052 2101 exigua
1079 2031 1317 2101 ejusmodi
1359 2041 1613 2084 auctorum
1631 2072 1643 2096 ,
1685 2041 1734 2084 et
1761 2030 1913 2082 libro-

93 2137 200 2168 rum
239 2118 387 2169 etiam
428 2115 796 2167 rarissimorum
835 2117 1111 2186 suppellex.
1177 2115 1364 2185 Aliqua
1399 2127 1590 2170 tantum
1627 2117 1910 2171 testimonia

95 2203 166 2255 rei
192 2201 446 2273 praesenti
472 2201 690 2252 maxime
718 2219 941 2270 congrua
979 2201 1192 2253 recitare
1232 2201 1456 2253 sufficiet.
1512 2202 1766 2256 Cowcllus
1796 2201 1912 2255 Cal-

92 2289 277 2342 vinista
301 2288 352 2340 in
369 2289 783 2339 Examinatione
809 2290 1086 2340 doctrinae
1113 2295 1301 2340 contra
1329 2293 1589 2342 actionem
1616 2310 1810 2342 ‹tetusae
1837 2293 1910 2340 in-

91 2382 365 2426 nocentum
384 2373 629 2444 impressa
654 2391 734 2424 au.
754 2373 930 2438 1564„
946 2383 1206 2444 postquam
1226 2374 1342 2426 folio
1362 2374 1482 2427 106.
1497 2376 1555 2427 de
1571 2375 1728 2429 Petro
1755 2386 1804 2429 et
1830 2394 1910 2428 ce-

89 2459 210 2513 teris
237 2459 497 2531 Apostolis
524 2459 746 2523 dixerat,
787 2459 954 2511 Unum
980 2463 1168 2512 ceteris
1190 2466 1463 2528 praeponi
1498 2482 1708 2514 necesse
1737 2471 1814 2513 est
1840 2466 1914 2513 ad

90 2549 334 2599 evitanda
359 2547 641 2599 schismata
659 2554 710 2598 et
734 2549 1086 2598 dissensiones
1113 2549 1397 2607 tollendas,
1423 2548 1540 2600 folio
1560 2548 1680 2602 107.
1705 2549 1793 2600 sub
1814 2548 1910 2599 ini-

89 2632 208 2683 tium
236 2631 442 2684 addidit:
485 2634 605 2684 Hoc
631 2640 754 2683 tunc
780 2637 1030 2700 optimum
1051 2636 1161 2700 fuit
1184 2637 1408 2685 medium
1435 2638 1488 2685 in
1506 2639 1784 2703 primitiva
1815 2637 1909 2687 Ec-

89 2720 280 2778 clesia,
305 2737 420 2770 cum
447 2719 555 2770 Dei
575 2722 755 2786 qratia
780 2725 983 2790 major,
1022 2727 1072 2771 et
1096 2723 1367 2786 copiosior
1396 2728 1537 2781 erat,
1577 2742 1732 2790 quam
1771 2739 1910 2773 nunc

89 2807 329 2872 conferri
354 2806 600 2855 videmus.
655 2805 812 2855 Immo
841 2807 946 2871 ipsi
971 2806 1247 2854 duodecim
1274 2803 1524 2870 Apostoli
1558 2811 1651 2858 vix
1677 2811 1807 2858 satis
1835 2812 1908 2858 in-

87 2899 167 2942 ter
194 2910 247 2942 se
274 2893 662 2948 convenissent,
702 2892 807 2940 nisi
843 2890 1052 2940 UNUS
1089 2886 1332 2958 (Petrus)
1373 2894 1562 2942 ceteris
1591 2897 1907 2960 praefectus

82 2980 289 3044 fuisset.
344 2977 472 3026 Inde
513 2982 589 3027 est
627 2977 767 3026 ¹illud
808 2977 865 3027 S.
898 2977 1237 3046 Hieronymi:
1284 2976 1427 3026 Inter
1454 2978 1732 3030 duodecim
1774 2998 1906 3030 unus

87 3065 328 3131 eliqitur,
390 3069 447 3112 ut
496 3063 668 3128 capite
719 3066 1002 3114 constituto
1054 3062 1348 3114 schismatis
1399 3064 1622 3115 tollatur
1673 3069 1903 3117 occasio-

90 3145 475 3217 Cartuvrightus
510 3147 559 3198 in
588 3148 918 3215 Defensione
946 3147 1182 3217 Wirgisti
1207 3166 1322 3218 pag.
1350 3147 1473 3200 390.
1506 3149 1599 3201 ait:
1646 3152 1708 3202 Si
1731 3170 1903 3203 neces-

86 3237 283 3286 sarium
321 3241 398 3284 est
435 3236 507 3287 ad
542 3237 794 3286 unitatem
833 3239 885 3286 in
926 3237 1170 3287 Ecclesia
1208 3237 1455 3285 tuendam
1494 3256 1650 3288 unum
1686 3236 1902 3289 Arcltie-

79 3323 358 3388 pisi-opum
385 3321 505 3371 aliis
525 3339 803 3387 praeesse3
843 3342 938 3374 cur
965 3342 1070 3373 non
1090 3324 1223 3389 pari
1258 3324 1464 3374 ratione
1503 3327 1602 3374 toti
1627 3323 1902 3376 Ecclesiae

88 3406 195 3457 Dei
219 3425 350 3457 unus
370 3409 617 3474 praeerit
629 3404 1078 3476 Archiepiscopus
1095 3412 1117 3459 ,9
1137 3404 1204 3457 Et
1231 3406 1280 3457 in
1303 3408 1518 3460 secunda
1535 3409 1691 3477 Repe.
1708 3419 1837 3480 part.
1853 3409 1872 3459 1
1889 3448 1899 3459 .

91 3508 203 3558 pag.
234 3491 354 3544 582.
384 3491 432 3542 in
461 3491 649 3544 medio:
692 3492 780 3546 Ad
810 3514 997 3563 pacem
1029 3495 1579 3547 Ecclesiae‘tuendam
1618 3514 1783 3564 aeque
1820 3513 1902 3545 ne-
