2320 3990
958 171 1623 236 ----m2-—--

476 359 478 362 ’
511 347 566 404 3.
607 345 734 406 Illud
757 344 962 398 tandem
987 344 1544 417 praemittendm'3ffle
1581 346 1694 418 quis
1733 347 1869 399 forte
1906 347 2042 401 inter
2067 346 2226 400 tradi—

364 435 520 488 tionis
553 430 850 488 testimonia
885 430 1165 486 omittenda
1197 431 1359 487 fuisse
1395 432 1660 489 existimet
1695 452 1857 508 pauca
1883 434 2126 504 quaedam
2153 452 2225 489 ex

367 521 590 592 antiquis
619 518 956 575 Pontificibus
984 529 1170 589 sumta,
1199 538 1258 576 ac
1285 519 1330 574 si
1354 518 1470 574 istis
1497 529 1621 575 sua‘e
1645 522 1808 588 sediS‚
1835 521 2011 593 suique
2037 521 2225 595 prima-

365 620 449 662 tus
471 609 859 683 praerogativas
879 609 1411 676 commemorantibus,
1437 607 1492 662 in
1509 607 1716 681 propria
1740 624 1895 664 causa
1921 610 2224 665 credendum

364 715 468 750 non
495 698 581 751 sit.
615 700 731 752 Sed
749 699 892 751 absit
911 695 1033 771 (pro
1051 717 1132 753 me
1151 694 1723 770 respondetssossuetus
1735 695 1947 752 Defens.
1963 696 2223 753 Declarat.

363 785 398 838 l.
431 785 517 840 10.
559 786 625 838 al.
657 785 743 838 15.
784 804 830 840 c.
858 785 975 859 6.)=
1011 791 1149 857 pari
1187 789 1326 841 enim
1347 791 1484 860 jure
1521 787 1794 848 cliwerint,
1827 805 1896 840 ne
1932 788 2224 857 Episcopis

364 875 580 943 quidem
606 881 702 928 aut
716 876 1056 947 presbyteris
1084 895 1198 929 esse
1226 876 1587 929 adhibendam
1610 875 1805 944 fide-m,
1831 886 1949 928 cum
1975 876 2224 927 sacerdo·

362 963 429 1012 tii
463 964 549 1015 sui
581 962 843 1016 honorem
872 965 1224 1033 praedicant.
1297 965 1460 1025 Quod
1495 969 1688 1016 contra
1731 969 1833 1015 est:
1875 981 2000 1015 nam
2037 963 2226 1032 quibus

364 1049 545 1102 Deum
570 1052 866 1120 sinyularis
893 1052 1120 1104 honoris
1145 1054 1533 1122 dignitatisque
1560 1053 2007 1121 praeroyativam
2045 1058 2226 1104 contu-

366 1139 455 1190 lit.-
494 1140 684 1191 iisdem
709 1142 949 1208 inspirat
980 1157 1164 1192 verum
1189 1142 1256 1192 de
1283 1159 1383 1192 sua
1413 1145 1684 1208 potestate
1722 1157 1959 1201 sensum3
1994 1145 2055 1192 ut
2080 1158 2143 1191 ea
2170 1141 2225 1190 in

364 1226 635 1287 Domin0,
662 1245 794 1298 'cum
832 1246 920 1280 res
939 1230 1288 1297 poposcerit,
1326 1228 1492 1280 libere
1533 1234 1586 1279 et
1620 1228 1952 1297 confidenter
1987 1233 2227 1288 utantur,

361 1316 567 1382 fiatque
593 1315 764 1375 illud,
791 1317 1046 1383 quocl‘ait
1073 1315 1282 1367 Paulus
1311 1314 1392 1385 (l.
1423 1310 1548 1366 Cor.
1578 1315 1630 1366 2.
1658 1331 1798 1367 vers·
1830 1312 1958 1382 12)=
2009 1313 2226 1386 Accepi-

363 1418 476 1453 mus
503 1400 765 1472 spiritum‚
810 1399 895 1470 qui
935 1417 967 1453 a
987 1397 1105 1453 ‘Deo
1133 1408 1243 1466 est,
1279 1408 1338 1452 ut
1377 1398 1622 1465 sciamuS‚
1674 1417 1800 1471 quae
1841 1400 1903 1453 ab
1941 1418 2000 1454 eo
2041 1401 2228 1454 donata

366 1497 485 1542 sunt
510 1489 677 1542 nobis,
741 1489 905 1550 Quod
928 1490 1144 1559 quidem
1182 1489 1272 1542 liic
1298 1489 1464 1542 semel
1488 1490 1672 1541 dicere
1693 1490 1941 1558 placuit,
1977 1497 2038 1543 ut
2073 1497 2226 1543 teme-

363 1579 572 1629 rariam
611 1597 676 1631 ac
695 1580 989 1647 pessimam
1014 1579 1422 1647 responsionem
1447 1579 1818 1645 confutarem3
1849 1581 2227 1649 profiteor-que

366 1683 448 1716 me
474 1666 542 1716 de
581 1668 724 1718 seclis
753 1664 1107 1734 Apostolicae
1145 1670 1455 1737 majestate,
1497 1665 1872 1717 Romanorum
1900 1665 2228 1736 Pontificum

364 1753 648 1805 doctrinae
677 1760 730 1806 et
752 1755 1042 1806 traditioni
1064 1754 1414 1806 crediturum.
1477 1752 1811 1822 Quamquam
1839 1771 2023 1805 eorum
2049 1755 2224 1806 sedem

362 1858 472 1892 non
498 1843 609 1909 ipsi
630 1843 827 1911 mayis,
867 1860 1027 1911 quam
1050 1842 1253 1911 reliqui
1277 1860 1343 1893 ac
1368 1847 1483 1893 tota
1510 1841 1761 1895 Ecclesia
1788 1848 1947 1911 atque
1982 1840 2226 1894 Orienta-

367 1929 445 1981 les
484 1928 638 1983 haud
666 1933 870 1992 minuS,
909 1947 1070 2000 qua-m
1112 1929 1490 1982 Occidentales
1522 1931 1882 1998 praedicant.-
1933 1929 2063 1998 quod
2103 1947 2226 1983 sane

365 2017 629 2086 sequentia
656 2017 1001 2071 declarabunt.

1233 2164 1279 2231 ἕ.
1320 2161 1359 2213 1.

868 2270 880 2286 Ι
1781 2272 1802 2289 0

368 2298 563 2350 Insignis
606 2302 726 2341 locus
772 2302 816 2340 S.
852 2300 1048 2349 Irenaei‚
1096 2312 1178 2353 quo
1217 2300 1432 2340 unitatem
1454 2296 1568 2349 fidei
1606 2311 1703 2340 cum
1745 2297 1970 2340 Romanae
2011 2300 2228 2353 ecclesiae,

363 2371 437 2400 sen
482 2360 781 2403 Romanorum
814 2359 1076 2412 Pontificum
1111 2358 1206 2410 fide
1247 2372 1299 2400 ex
1340 2360 1562 2412 primatus
1595 2357 1696 2408 jure
1741 2360 1910 2401 cunctis
1962 2359 2228 2402 Christianis

916 2422 1207 2462 necessariam
1239 2431 1438 2472 expresse
1471 2418 1680 2471 affirmat.

513 2536 566 2589 4.
609 2536 963 2591 Traditionem
990 2536 1235 2590 exordiar
1263 2537 1324 2590 ab
1353 2535 1706 2607 antiquissimo
1732 2533 1923 2601 Patre,
1963 2534 2224 2609 Martyre‚

366 2634 416 2677 et
442 2623 777 2696 Lugdunensi
810 2623 1062 2697 Episcopo
1090 2623 1148 2678 S.
1177 2623 1390 2678 Irenaeo
1407 2663 1421 2690 9
1459 2624 1545 2695 qui
1570 2623 1983 2696 Apostolicorum
2010 2623 2226 2678 Patrum
2299 2689 2305 2691 ‚

369 2731 556 2785 suppar
595 2722 646 2766 et
686 2713 884 2767 auditor
919 2713 1030 2766 fuit.
1084 2712 1134 2766 Is
1171 2712 1225 2765 in
1260 2713 1430 2778 libris,
1472 2731 1598 2783 quos
1639 2722 1820 2766 contra
1854 2711 2096 2766 haereses
2134 2731 2225 2785 pro

366 2801 615 2855 catholica
640 2801 735 2854 fide
761 2800 994 2873 scripsit,
1023 2800 1267 2854 eximium
1293 2801 1353 2854 de
1379 2800 1599 2873 primatu
1627 2799 1894 2870 Romanae
1921 2800 2055 2854 sedis
2082 2799 2227 2854 testi-

365 2888 587 2942 monium
612 2906 834 2961 ponens,
875 2888 1022 2960 hujus
1047 2887 1295 2960 primatus
1323 2888 1426 2943 vim
1461 2888 1514 2942 in
1541 2888 1851 2942 necessitate
1876 2888 2088 2940 unitatis
2114 2887 2227 2940 fidei

367 2976 599 3030 omnibus
628 2974 940 3032 Christianis
977 2975 1214 3047 imposita
1248 2975 1403 3030 veluti
1441 2975 1763 3046 praecipuam
1803 2974 2040 3028 inculcat.
2095 2973 2226 3028 Per-

366 3064 538 3137 spicue
564 3065 802 3118 nimirum
829 3066 891 3119 de
917 3063 1032 3118 fidei
1057 3063 1315 3128 doctrina,
1357 3080 1486 3132 quae
1523 3061 1576 3114 in
1602 3060 1838 3116 Ecclesia
1864 3061 2102 3115 Romana
2118 3064 2225 3134 jam

365 3153 481 3207 inde
508 3154 568 3208 ab
595 3153 865 3227 Apostolis
891 3171 982 3226 per
1009 3169 1230 3206 summos
1257 3149 1536 3204 Pontifices
1571 3149 1667 3203 sihi
1701 3149 1918 3205 invicem
1954 3155 2226 3204 succeden-

369 3250 447 3293 tes
474 3242 721 3309 traditur,
763 3260 1050 3297 sermonem
1075 3239 1298 3306 faciens,
1336 3238 1556 3292 affirmat
1581 3237 1633 3291 in
1659 3238 1836 3310 primis
1876 3239 1970 3292 hac
1997 3237 2226 3293 doctrina

369 3327 653 3382 haereticos
682 3340 833 3401 atque
873 3331 1116 3385 haereses
1151 3326 1318 3400 detegi
1346 3336 1497 3398 atque
1524 3327 1756 3381 refutari.
1787 3325 1936 3399 (Lib.
1963 3326 2019 3381 3.
2050 3335 2227 3381 contra

369 3415 568 3468 haeres.
598 3433 642 3469 c.
672 3415 758 3487 3.)
813 3421 1095 3473 Maximae
1123 3425 1176 3473 et
1199 3419 1604 3487 antiquissimae
1631 3422 1684 3468 et
1710 3417 1952 3469 omnibus
1978 3417 2227 3484 coqnitae

368 3523 402 3554 a
425 3504 832 3572 qloriosissimis
859 3507 1067 3562 duobus
1087 3505 1362 3578 Apostolis
1382 3505 1550 3557 Petro
1582 3510 1629 3555 et
1660 3502 1840 3556 Paulo
1872 3504 2078 3556 Romae
2101 3506 2224 3570 fun-
