2314 3984
692 1038 739 1146 I
827 1036 932 1146 N
1019 1036 1109 1144 D
1203 1036 1288 1146 E
1380 1037 1488 1146 X

434 1219 824 1296 RERUM
860 1220 1748 1298 MEMORABILIUM.

182 1566 361 1628 Aeacii
391 1588 474 1628 ΟΡ.
508 1587 696 1629 Schisma
725 1587 834 1628 unde
866 1592 1001 1628 ortum
1030 1601 1072 1640 p.
1104 1587 1208 1627 339.
1268 1587 1402 1640 Hujus
1430 1586 1663 1628 schismatis
1694 1591 1879 1639 tempore
1910 1601 2004 1630 num

241 1651 284 1686 et
313 1651 514 1698 quatenus
545 1648 728 1687 nonnulli
769 1651 994 1700 potuerunt
1025 1659 1118 1687 esse
1148 1647 1318 1695 Sancti,
1357 1647 1457 1687 licet
1495 1650 1688 1698 expertes
1720 1649 2004 1689 communione

238 1706 361 1746 Sedis
401 1707 664 1758 Apostolicae
694 1708 768 1747 59.
798 1707 901 1747 339.
961 1707 1094 1758 Hujus
1133 1706 1429 1748 communionis
1468 1709 1696 1748 necessitas
1734 1707 1910 1758 probata
1953 1720 2004 1750 ex

239 1765 383 1805 eodem
414 1765 646 1806 schismate.
678 1766 782 1806 209.

182 1823 463 1864 Africanorum
495 1824 798 1876 Episcoporum
828 1825 976 1865 relatio
999 1825 1251 1875 Pelagianae
1284 1835 1434 1864 causae
1463 1824 1519 1864 ad
1547 1823 1833 1866 Innocentium
1850 1827 1882 1867 Ι.
1915 1827 2005 1865 uni-

240 1886 368 1923 tatem
399 1882 497 1922 fidei
529 1895 619 1923 cum
649 1884 836 1923 Romana
866 1883 948 1924 fide
979 1883 1222 1924 servandam
1253 1881 1458 1925 declarat.
1491 1884 1593 1924 158.
1628 1884 1728 1924 159.

182 1943 408 1993 Agathonis
449 1943 589 1994 Papae
637 1943 918 1984 testimonium
958 1943 1011 1983 de
1048 1944 1212 1983 unitate
1262 1955 1314 1984 ex
1351 1943 1506 1983 litteris
1555 1943 1599 1982 in
1641 1942 1797 1993 synodo
1831 1944 1896 1986 VI.
1941 1956 2006 1984 re·

242 2001 388 2053 ceptis.
418 2001 523 2041 215.

182 2060 424 2110 Agobardus
455 2072 533 2111 quo
564 2072 689 2100 sensu
722 2060 876 2102 dixerit
914 2072 1054 2102 omnes
1085 2060 1228 2100 fideles
1269 2072 1362 2100 esse
1391 2061 1470 2100 Sub
1500 2071 1662 2100 mammo
1696 2062 1840 2112 capite
1869 2074 2004 2102 unum

242 2119 512 2159 sacerdotem.
547 2120 648 2160 116.

183 2179 342 2218 Alcuini
373 2179 663 2219 testimonium.
694 2178 799 2220 218.

181 2237 243 2277 De
275 2238 430 2278 Alliaco
450 2238 565 2278 Petri
598 2238 877 2278 testimonium
907 2239 1072 2278 nomine
1103 2237 1401 2279 Universitatis
1432 2235 1680 2276 Parisiensis
1711 2237 1885 2289 Collegii
1918 2239 2003 2279 Na-

243 2297 411 2336 varrici.
444 2297 546 2336 177.

183 2358 227 2395 S.
260 2355 465 2397 Ambrosii
495 2356 586 2395 loca
617 2355 837 2407 explicata.
871 2357 972 2396 129.
1007 2357 1108 2397 130.

181 2415 363 2454 Anatolii
392 2415 473 2454 CP.
508 2415 801 2454 testimonium.
834 2415 934 2455 194.

183 2475 228 2514 S.
260 2473 435 2513 Anselmi
465 2474 669 2513 Lucensis
701 2475 832 2513 locus.
865 2474 966 2517 153.
998 2476 1038 2514 in
1071 2477 1183 2514 nota.

181 2532 462 2572 Antiochenae
493 2531 637 2582 synodi
670 2536 791 2582 gesta
819 2532 893 2571 sub
926 2534 971 2572 S.
1003 2533 1176 2572 Meletio
1208 2531 1388 2570 laudata.
1419 2530 1523 2570 334.

181 2591 477 2630 Antiocheuum
507 2590 703 2637 schisma,
747 2603 827 2642 quo
858 2595 944 2631 tres
975 2591 1178 2644 Episcopi
1223 2602 1311 2630 eam
1344 2590 1481 2630 sedem
1521 2588 1602 2628 sibi
1634 2588 1925 2638 vindicabant,
1960 2595 2003 2630 et

242 2650 413 2700 Saporis
437 2649 651 2699 Judicium.
683 2650 784 2691 134.

184 2708 368 2760 Apostoli
399 2708 524 2747 Petro
557 2707 750 2757 aequales
783 2707 825 2747 in
856 2708 1116 2759 Apostolatu,
1148 2720 1218 2747 seu
1252 2709 1293 2747 in
1326 2706 1587 2746 facultatibus
1607 2706 1887 2756 Apostolatus‚
1922 2719 2003 2747 non

240 2769 282 2806 in
308 2766 600 2817 jurisdictione
629 2766 799 2818 propria
829 2768 1027 2817 primatus
1058 2767 1128 2806 10.
1162 2767 1234 2805 11.
1266 2766 1336 2805 13.
1373 2765 1441 2804 14.
1475 2765 1544 2805 68.
1590 2776 1721 2814 neque
1752 2766 1793 2803 in
1824 2766 2002 2816 primatu

244 2826 507 2877 Apostolatus
542 2825 612 2864 14.
645 2829 687 2864 et
715 2838 831 2877 seqq.
865 2826 1071 2864 Suberant
1102 2827 1227 2865 Petro
1261 2825 1302 2864 in
1327 2820 1623 2875 Jurisdictione
1654 2825 1822 2874 propria
1853 2826 2002 2875 prima-

244 2889 309 2924 tus
336 2885 408 2922 88.
444 2885 514 2925 89.
564 2884 780 2924 Debebant
809 2897 977 2924 servare
1009 2885 1209 2923 unitatem
1237 2895 1323 2924 cum
1343 2883 1459 2922 Petri
1477 2881 1695 2928 cathedra3
1733 2883 1828 2922 123.
1849 2888 1936 2922 not.
1956 2883 2000 2925 2.

244 2947 286 2984 et
315 2943 536 2982 aedificare
568 2943 781 2983 Ecclesias
811 2944 852 2982 in
886 2943 1030 2983 eadem
1059 2944 1234 2991 unitate,
1267 2955 1316 2982 ac
1347 2942 1399 2981 de
1430 2941 1572 2981 eadem
1602 2941 1766 2980 unitate
1797 2942 2003 2982 servanda

245 3003 406 3042 easdem
438 3003 649 3042 Ecclesias
681 3003 886 3042 instruere
917 3003 1020 3044 230.
1054 3002 1156 3044 231.
1199 3003 1242 3041 in
1272 3005 1385 3041 nota.
1447 3001 1543 3040 Non
1576 3000 1714 3039 omnia
1743 3000 2000 3051 Evangelica

242 3062 480 3101 testimonia
510 3061 561 3100 de
593 3063 719 3101 Petro
750 3074 884 3113 aeque
914 3062 1009 3100 aliis
1040 3062 1250 3113 Apostolis
1281 3065 1352 3100 aut
1374 3059 1595 3112 Episcopis
1626 3060 1892 3098 conveniunt.
1923 3060 2000 3100 28.

184 3179 386 3229 Aquensis
417 3178 575 3229 Synodi
607 3179 900 3220 testimonium.
932 3178 1037 3218 233.

184 3237 456 3288 AquileJensis
496 3238 660 3276 concilii
689 3241 828 3278 textus
860 3237 911 3277 de
934 3238 1028 3287 jure
1063 3235 1357 3276 communionis
1388 3247 1438 3274 ex
1469 3235 1656 3274 Romana
1698 3233 1797 3274 sede
1830 3237 1871 3274 et
1903 3233 1997 3274 fide.

246 3296 347 3335 130.
381 3295 482 3335 131.

187 3354 414 3404 Aruulphus
443 3353 667 3394 historicus
695 3353 1020 3395 Mediolanensis
1050 3354 1268 3404 allegatus.
1301 3352 1401 3391 130.

187 3414 326 3452 Asiani
356 3413 555 3463 Episcopi
596 3424 688 3452 num
729 3413 878 3452 fuerint
910 3413 1248 3453 excommunicati
1280 3424 1305 3450 a
1334 3412 1501 3452 Victore
1532 3411 1646 3462 Papa
1686 3412 1726 3451 in
1758 3412 2001 3462 quaestione

246 3472 296 3510 de
328 3471 547 3510 Paschate.
579 3473 650 3511 60.
693 3471 779 3511 Eos
811 3472 1046 3524 Stephanus
1085 3483 1167 3511 non
1194 3468 1563 3511 excommunicavit
1595 3472 1636 3509 in
1670 3472 1912 3522 quaestione
1945 3469 1996 3509 de

244 3531 446 3581 baptismo
470 3535 589 3570 extra
618 3530 849 3570 Ecclesiam
879 3536 1095 3584 percepto.
1128 3530 1229 3571 167.

245 3605 292 3641 Ρ.
323 3605 474 3641 Bauer.
511 3605 559 3641 de
590 3603 766 3640 Primatu
798 3606 875 3640 etc.
1551 3598 1618 3650 Ξῖ)
