2314 3984
746 238 1388 299 ...yn-

162 410 399 465 Patribus
419 418 658 480 suscepta
672 417 741 462 et·
756 409 1028 479 approbata
1051 408 1161 474 fuit,
1181 406 1244 461 S.
1270 406 1381 461 Leo
1405 404 1502 459 IX.
1529 404 1583 458 in
1606 403 1751 477 epist.
1776 405 1839 458 ad
1862 403 1963 459 Pe·

162 507 289 548 trum
313 493 677 548 Antiochenum
703 494 851 564 (tom.
873 494 926 548 4.
955 493 1081 548 Rer.
1109 493 1217 547 Ital.
1243 493 1339 547 col.
1365 492 1454 547 43.
1482 491 1580 563 a.),
1605 490 1848 545 Amulfus
1870 488 1965 542 ffi-

161 581 347 633 storiae
371 579 763 633 Mediolanensis
791 580 876 633 lib.
904 581 956 632 5.
983 598 1027 632 c.
1056 579 1107 634 7.
1133 577 1480 632 Paschalis'll.
1506 577 1560 630 in
1597 574 1821 631 Concilio
1859 574 1964 629 La-

160 667 413 719 teranensi
437 669 585 737 (tom.
617 667 700 719 1⁶2.
732 663 926 720 Concil.
953 662 1087 719 Ven.
1115 663 1232 717 edit.
1259 665 1353 718 col.
1383 663 1571 731 1227.)
1597 663 1724 735 apud
1747 661 1964 734 Ursper-

158 770 390 823 gensem3
419 762 469 805 et
492 751 808 804 Innocentius
833 749 917 803 111.
944 751 996 804 in
1029 749 1211 804 litteris
1235 751 1296 802 ad
1319 749 1672 803 Patriarcham
1697 746 1808 802 CP.
1836 750 1963 820 apud

156 837 455 907 Bosquetum
494 838 547 890 in
586 839 758 892 Gestis
793 837 1018 909 ejusdem.
1041 833 1304 889 Pontificis
1339 855 1455 907 pag.
1492 837 1582 888 41.
1644 832 1964 888 Concordant

156 923 330 977 Sancti
354 922 613 977 Ecclesiae
638 923 851 989 Patre3‚
877 921 960 991 qui
985 939 1093 974 cum
1119 921 1439 974 confirmandi
1462 931 1778 993 praeceptum
1801 919 1961 974 Petro

154 1011 431 1082 impositum
458 1012 519 1063 ad
545 1011 804 1063 Romanos
829 1008 981 1063 etiam
1006 1005 1279 1060 Pontifices
1304 1014 1411 1079 ejus
1436 1025 1753 1060 successores
1779 1017 1961 1060 exten-

155 1097 358 1162 derunt3
385 1096 660 1148 orationem
685 1113 876 1164 quoque
903 1091 1093 1148 Christi
1116 1112 1206 1164 pro
1231 1094 1324 1146 fide
1349 1091 1520 1159 Petri,
1559 1110 1623 1145 ne
1648 1092 1870 1156 deficiat,
1909 1103 1963 1144 ut

153 1184 334 1235 fratres
359 1192 463 1235 tute
499 1181 841 1245 confirmaret,
879 1181 940 1232 ad
976 1180 1170 1232 illorum
1207 1179 1397 1251 pariter
1432 1179 1604 1243 fidem,
1642 1187 1745 1230 tum
1783 1178 1961 1230 confir-

154 1268 315 1320 mandi
352 1268 511 1321 officio
538 1276 588 1319 et
612 1276 875 1338 praecepto
903 1265 1214 1318 satisfaciunt
1238 1266 1416 1318 referri
1439 1273 1862 1336 praesumserunt,
1887 1263 1961 1316 uti

155 1368 223 1401 cx
247 1351 569 1403 vetustiorum
594 1352 760 1421 utique
786 1351 994 1404 Patrum
1032 1351 1299 1403 traditione
1343 1369 1586 1421 expresse
1610 1351 1741 1402 inter
1766 1359 1961 1402 ceteros

155 1436 422 1488 declaravit
456 1435 512 1488 S.
554 1437 840 1489 Bernardus
875 1438 1019 1508 epist.
1062 1438 1180 1490 190.
1209 1437 1273 1487 al.
1314 1455 1482 1507 opusc.
1510 1434 1605 1486 XI.
1634 1436 1694 1488 ad
1718 1434 1960 1489 Innocen-

155 1520 274 1571 tium
301 1520 360 1571 Il.
419 1522 668 1589 Oportet,
705 1523 801 1588 ait,
841 1526 916 1576 ad
946 1532 1171 1576 vestrum
1195 1528 1404 1592 referre
1430 1523 1798 1591 Apostolatam
1814 1528 1958 1591 peri-

156 1610 278 1658 cula
303 1627 538 1676 quaeque
571 1616 623 1660 et
656 1612 915 1662 scandala
951 1614 1270 1680 emerqentia
1294 1614 1348 1662 in
1373 1629 1537 1678 reyno
1564 1610 1698 1669 Dei,
1734 1616 1786 1660 et
1798 1628 1957 1677 prae-

155 1695 306 1759 cipue
332 1711 465 1760 quae
491 1696 556 1744 de
577 1697 685 1762 fide
718 1700 1038 1764 eontinyunt.
1093 1698 1326 1764 Diymcm
1353 1715 1578 1763 namque
1616 1697 1850 1747 arbitror
1886 1698 1959 1747 ibi

146 1781 472 1845 potissimum
495 1784 752 1832 resarciri
776 1783 968 1832 damna
986 1784 1145 1850 fidei,
1169 1782 1260 1833 ubi
1282 1799 1388 1832 non
1406 1784 1583 1848 possit
1602 1783 1735 1849 fides
1761 1785 1956 1834 sentire

151 1866 422 1930 defectum.
477 1865 626 1916 Haec
653 1868 861 1935 quidem
886 1868 1039 1938 hujus
1057 1870 1441 1936 praeroyativa
1468 1869 1621 1918 sedis.
1695 1868 1796 1919 Cui
1821 1872 1956 1920 enim

150 1951 307 2000 alteri
331 1951 619 2018 aliquando
647 1955 842 2004 dictam
868 1961 974 2014 est,
998 1952 1109 2024 Ego
1136 1972 1226 2024 pro
1252 1962 1303 2005 te
1328 1952 1505 2022 rogavi
1522 1991 1536 2017 ,
1563 1951 1718 2006 Petre
1734 1993 1747 2018 ,
1774 1963 1828 2005 ut
1853 1973 1953 2007 non

151 2035 341 2087 deficiat
366 2035 483 2087 fides
509 2038 625 2089 tua?
653 2040 801 2107 Eryo
827 2042 973 2108 quod
995 2043 1261 2108 sequitur,
1288 2060 1322 2092 a
1338 2040 1493 2091 Petri
1515 2060 1817 2093 successore
1844 2046 1952 2093 exi-

145 2124 312 2189 9iturz
341 2118 408 2172 Et
434 2131 486 2172 tu
512 2124 769 2192 aliquando
797 2142 1067 2177 conversus
1106 2125 1341 2176 confirma
1366 2127 1549 2178 fratres
1575 2136 1705 2178 tuos.
1759 2125 1952 2190 „Vides

152 2207 471 2258 confirmandi
495 2209 703 2262 officium
739 2210 790 2262 in
816 2209 959 2263 Petri
983 2229 1199 2282 persona
1225 2210 1468 2264 Romanis
1505 2210 1829 2264 Pontificibus
1862 2212 1952 2263 im-

148 2292 385 2362 positum,
421 2311 519 2346 non
555 2295 766 2366 disjungi
803 2314 833 2347 a
860 2294 1049 2350 Christi
1083 2297 1439 2368 promissione,
1483 2300 1544 2350 ob
1579 2317 1724 2367 quam
1762 2308 1949 2352 certum

149 2379 502 2449 praemiserat,
543 2380 595 2431 in
629 2379 861 2434 Romana
899 2384 1014 2435 sede
1050 2403 1155 2436 non
1189 2403 1347 2451 posse
1378 2386 1538 2453 fidem
1577 2389 1773 2437 sentire
1807 2387 1948 2453 defe-

146 2472 282 2516 ctum
294 2469 348 2516 ?“
376 2461 517 2531 Quod
543 2476 801 2535 utrumque
826 2468 994 2539 paucis
1021 2470 1307 2540 complexus
1333 2471 1632 2523 venerabilis
1653 2469 1815 2540 Guigo
1834 2470 1948 2522 Ma-

138 2550 266 2619 joris
293 2548 555 2605 Cartusiae
581 2551 731 2606 Prior
763 2554 813 2604 in
840 2554 1020 2606 litteris
1059 2556 1120 2606 ad
1156 2556 1376 2608 eumdem
1414 2555 1708 2610 Pontificem
1745 2566 1866 2608 tom.
1893 2557 1945 2610 3.

148 2634 362 2704 Operiun
388 2636 443 2688 S.
471 2637 716 2689 Bernardi
741 2639 960 2703 insertiS‚
988 2641 1116 2692 sedis
1142 2641 1463 2711 Apostolicae
1488 2643 1629 2695 fidem
1656 2653 1803 2712 atque
1829 2662 1947 2696 con-

149 2720 410 2780 stantiam,
435 2725 570 2789 ipso,
596 2727 686 2792 qui
711 2743 822 2774 eam
848 2726 997 2776 dedit
1011 2730 1375 2793 praedicente,
1402 2735 1454 2778 et
1470 2732 1835 2794 praedicendo
1863 2750 1945 2781 ro-

147 2807 363 2856 borante
377 2804 594 2875 (Christi
618 2808 992 2878 promissionem
1012 2808 1167 2862 Petro
1193 2812 1372 2862 factam
1398 2812 1627 2881 respicit)
1648 2834 1752 2865 non
1779 2817 1946 2866 solum

145 2912 250 2942 uon
277 2895 619 2959 defecturam,
644 2897 741 2946 sed
765 2902 815 2946 et
839 2898 973 2947 alios
1000 2901 1426 2964 confirmaturam
1439 2897 1653 2968 scripsit.
1680 2897 1749 2950 Et
1764 2898 1818 2951 S.
1835 2899 1944 2952 An—

146 2978 324 3030 selmus
336 2977 607 3050 Episcopus
622 2978 868 3032 Lucensis
895 2981 945 3032 in
971 2982 1199 3052 opusculo
1226 2983 1464 3035 adversus
1477 2981 1784 3036 Guibertum:
1818 2987 1943 3038 Cam

141 3083 243 3130 pro
265 3067 371 3132 fide
400 3066 578 3126 Petri,
603 3086 667 3118 ne
694 3070 932 3136 deficiat,
968 3088 1000 3119 a
1047 3070 1255 3121 Christo
1282 3077 1488 3121 oratum
1525 3074 1618 3131 sit,·
1656 3075 1809 3124 unius
1837 3073 1942 3124 Ro-

146 3153 286 3199 mani
314 3150 664 3205 Patriarcltae
686 3157 849 3223 fides,
888 3157 941 3204 in
981 3174 1084 3223 qua
1106 3159 1311 3222 fratres
1338 3175 1459 3207 suos
1485 3161 1777 3226 confirmet,
1801 3178 1940 3212 num-

146 3253 300 3302 quam
325 3237 544 3303 deficiet.

289 3320 371 3371 ll.
404 3319 544 3373 Hanc
571 3322 883 3377 traditionem
909 3324 1119 3377 Pati-um
1144 3338 1447 3398 exceperunt
1472 3326 1782 3393 Scholastici,
1808 3329 1939 3382 inter

144 3423 264 3472 quos
289 3406 413 3457 satis
439 3405 532 3458 erit
559 3407 725 3460 audire
753 3411 1084 3464 testimonium
1111 3412 1342 3482 Angelici
1380 3415 1594 3467 doctoris
1630 3412 1684 3467 S.
1712 3414 1936 3468 Thomae

143 3491 437 3559 Aquinafis,
476 3492 558 3561 qui
604 3493 652 3545 in
690 3513 796 3566 cap.
832 3497 883 3550 6.
925 3496 1169 3552 Matthaei
1197 3496 1385 3552 Christi
1411 3501 1685 3554 orationem
1711 3500 1767 3554 S.
1795 3501 1938 3555 Petri
