2314 3984
987 253 1118 314 805

730 290 899 302 d
1205 285 1372 294 —-—'-

154 428 727 498 swam-&bium
765 414 1127 479 contessionem
1141 443 1164 488 3·
1173 446 1183 465 ε
1195 439 1299 475 non
1309 428 1321 458 ³
1331 428 1510 474 mitem
1525 421 1676 490 falsa
1688 447 1694 456 »
1706 416 1959 489 deffinire:

153 517 278 588 quod
293 511 729 585 -tanhnffiKLib
757 513 809 566 9.
837 531 880 566 c.
907 510 1033 582 34.)
1050 509 1346 565 Bossuetus
1366 505 1884 579 perperamvimputat.
1949 517 1955 523 ·

267 603 380 656 031.
398 600 591 653 =fflulto
628 610 793 652 autem
828 598 988 650 minus
1008 595 1141 648 dici·
1157 597 1559 666 potest-errasse
1589 592 1650 644 in=
1677 590 1960 644 definitione

153 690 276 755 fidei,
301 689 383 759 qui
408 689 469 740 ad
494 705 601 740 eam
628 681 1325 755 subscriptionemet‘lapsum
1349 695 1462 730 non·
1472 678 1600 731 liber
1625 677 1958 742 omnino,“·sed

151 795 238 848 per
263 786 445 828 metum
471 782 736 826 externum
761 769 1103 838 notoriumque
1129 767 1361 823 deductus
1386 764 1495 816 fuit.
1522 762 1700 832 Neque
1720 763 1850 816 enim
1875 763 1961 815 de-

153 862 308 914 linitio
334 861 442 914 fidei
469 870 545 912 est
571 858 717 930 (vid.
745 858 930 927 sup.'n.
959 852 1077 921 24.)
1093 891 1107 916 ‚
1134 861 1218 903 aut
1243 850 1338 903 dici
1362 859 1528 921 potest
1554 849 1634 901 illa
1647 868 1665 914 ,·
1703 848 1831 919 quae
1856 866 1956 901 non

154 949 307 1001 libera
331 949 566 1019 planeque
591 941 890 1004 voluntaria.
905 939 1002 991 sed
1024 956 1114 1009 per
1137 937 1238 991 vim
1260 936 1570 989 manifestam
1594 946 1727 988 metu
1753 946 1959 988 extorta

154 1043 247 1085 est.
298 1031 398 1084 Ubi
422 1033 481 1084 de
503 1024 1117 1084 solemnibusPontificum
1144 1033 1196 1076 et
1220 1021 1535 1075 conciliorum
1562 1021 1851 1090 dogmaticis
1877 1022 1961 1073 de-

153 1118 303 1170 cretis
327 1116 497 1186 agitur
509 1142 527 1180 ‚·
543 1132 731 1168 ¹eorum
750 1112 852 1166 &vis
883 1120 935 1163 et
959 1108 1232 1162 auctoritas
1257 1126 1285 1160 e
1310 1125 1463 1160 sensu
1482 1125 1545 1158 ac
1571 1106 1961 1178 sententiaSpi-

154 1204 251 1254 ritu
285 1211 457 1254 sancto
480 1200 771 1272 -inspirante
807 1196 942 1251 edita
979 1193 1341 1267 proficiscitur=
1403 1194 1579 1244 Visum
1618 1201 1695 1244 est
1731 1195 1964 1261 Spiritui

151 1297 328 1341 sancto
364 1295 416 1340 et
446 1288 595 1338 nobis
634 1283 780 1355 (Act.
807 1283 988 1354 Apost.
1034 1300 1077 1334 c.
1110 1283 1189 1334 15.
1223 1300 1273 1334 v.
1301 1280 1448 1350 2803
1487 1298 1543 1330 ac
1578 1290 1842 1350 propterea
1878 1278 1960 1330 ubi

153 1383 346 1426 constet
379 1374 625 1425 decrettun
660 1370 711 1422 vi
745 1387 802 1421 ac
822 1379 972 1420 'metu
1012 1378 1227 1420 externo
1254 1366 1405 1418 fuisse
1433 1383 1727 1436 expressum
1744 1405 1757 1430 ,
1786 1376 1836 1417 et
1861 1384 1960 1416 non

154 1479 221 1512 ex
245 1460 416 1512 intima
442 1455 751 1510 decernentis
777 1454 1056 1519 sententia3
1082 1454 1209 1505 idem
1236 1453 1486 1504 decretum
1511 1451 1692 1522 potiori
1730 1470 1787 1504 ac
1817 1471 1962 1523 pror-

154 1564 236 1597 sus
262 1543 546 1598 necessaria
570 1552 620 1595 et
645 1541 898 1594 essentiali
923 1539 1205 1594 conditione
1236 1540 1391 1590 caret.
1443 1538 1640 1609 Aperta
1663 1538 1714 1589 in
1734 1556 1791 1590 re
1816 1556 1962 1609 prae-

155 1632 283 1683 senti
310 1641 360 1684 et
385 1631 567 1682 efficax
590 1626 791 1680 omnino
819 1637 896 1679 est
921 1624 978 1679 S.
1006 1624 1272 1677 Athanasii
1297 1624 1455 1688 ratio,
1484 1633 1632 1693 atque
1648 1624 1883 1694 judicium
1910 1625 1963 1676 in

156 1717 378 1769 Historia
402 1715 708 1766 Arianorum
745 1714 806 1764 ad
829 1712 1107 1765 Monachos
1143 1729 1277 1762 num.
1305 1711 1392 1762 42.
1434 1712 1562 1779 quod
1596 1720 1646 1762 et
1682 1729 1710 1762 a
1735 1709 1799 1761 P.
1829 1708 1963 1763 Cou-

154 1804 338 1855 stantio
362 1803 586 1855 laudatur
613 1797 696 1869 (In
716 1799 926 1869 praefat.
947 1797 1008 1849 ad
1026 1795 1190 1868 Epist.
1206 1794 1354 1848 R.1P.
1376 1815 1490 1867 pag.
1508 1795 1746 1849 XXXV.
1763 1814 1813 1847 n.
1827 1796 1964 1868 35.;)

160 1891 335 1941 Porro
363 1889 631 1946 Liberius,
669 1885 828 1954 lnquit
851 1882 908 1936 S.
935 1882 1152 1947 Doctor‚
1192 1888 1427 1935 extorris
1447 1889 1656 1951 factus,
1678 1892 1803 1951 post
1827 1885 1964 1935 bien-

155 1978 294 2026 nium
319 1977 542 2042 (lenique
563 1977 772 2040 fractus
802 1978 894 2031 est,
918 1974 1170 2038 minisque
1194 1974 1378 2022 mortis
1395 1974 1719 2038 perterritus
1746 1972 1966 2022 subscri·

153 2063 277 2127 psit.
343 2058 529 2109 Verum
564 2078 626 2109 ea
661 2061 780 2125 ipsa
815 2075 874 2107 re
911 2058 1286 2123 comprobatur
1322 2075 1439 2107 eum
1477 2059 1728 2107 violentia
1767 2076 1964 2117 eorum,

160 2152 264 2194 tum
289 2144 490 2194 Libera·
514 2147 566 2193 in
594 2145 851 2194 haeresim
874 2143 1021 2191 illam
1049 2142 1251 2201 odium,
1291 2147 1503 2212 ejusque
1537 2162 1643 2209 pro
1671 2141 1966 2198 Athanasio

160 2233 494 2299 suffr-aglium,
521 2231 770 2297 quamdiu
796 2228 1000 2278 scilicet
1023 2227 1186 2277 libere
1226 2228 1553 2296 arbitrioque
1590 2247 1684 2278 suo
1723 2248 1882 2296 affere
1910 2232 1966 2280 li-

159 2319 277 2366 cuit.
323 2316 462 2366 Nam
488 2333 622 2383 quae
647 2321 1021 2365 tormentorum
1045 2318 1096 2365 vi
1126 2319 1348 2381 praeter
1381 2316 1620 2379 priorem
1659 2318 1967 2366 sententiam

161 2403 465 2460 eliciuntur,
506 2419 569 2451 ea
603 2419 709 2450 non
734 2402 1225 2467 reformidantium,
1262 2401 1358 2450 sed
1381 2403 1688 2451 veoeantium
1712 2408 1833 2451 sunt
1849 2403 1967 2466 pla-

158 2490 280 2538 cita.
332 2485 413 2538 Ne
449 2485 667 2556 pluribus
700 2484 751 2535 in
789 2503 845 2536 re
883 2494 932 2536 et
969 2485 1163 2536 ratione
1198 2484 1460 2536 manifesta
1495 2484 1756 2548 immorer,
1796 2487 1964 2538 addam

160 2571 516 2623 confessionem
542 2570 848 2623 celeberrimi
883 2569 1144 2635 Bossueti,
1182 2570 1263 2639 qui
1293 2570 1347 2621 in
1384 2570 1599 2621 secunda
1635 2569 1967 2623 instructione

160 2656 218 2706 de
242 2653 701 2725 promissis'Christi
723 2655 868 2707 factis
879 2653 1138 2708 Ecclesiae
1163 2666 1340 2707 contra
1364 2655 1640 2708 haereticos
1668 2675 1840 2726 agens,
1869 2676 1968 2709 non

164 2739 448 2791 absimiliter
472 2738 667 2792 Liberii
690 2741 878 2810 lapsum
905 2740 964 2791 ab
988 2739 1163 2791 iisdem
1202 2758 1394 2808 quoque
1431 2741 1679 2809 ingestum
1716 2742 1786 2793 ita
1813 2762 1967 2795 excu—

166 2825 368 2876 sandum
395 2825 614 2896 putavit,
640 2834 695 2876 ut
721 2822 911 2878 Christi
934 2825 1193 2895 promissis
1218 2824 1340 2876 nihil
1362 2825 1692 2895 praejudicet,
1730 2846 1837 2879 cum
1862 2849 1968 2881 cer-

163 2919 267 2962 tum
291 2915 360 2962 sit
382 2915 496 2979 ipso
517 2916 686 2978 facto,
712 2910 783 2962 ait
809 2928 937 2962 num.
963 2911 1103 2974 105„
1129 2929 1245 2963 eum
1268 2930 1375 2962 non
1399 2915 1505 2962 nisi
1526 2916 1839 2979 manifestae
1865 2919 1968 2966 vio-

163 2998 354 3048 lentiae
387 3001 626 3057 cessisse,
663 3004 714 3048 et
746 3016 872 3047 mox
908 3016 979 3048 ex
1014 3000 1290 3064 semetipso
1349 2999 1423 3048 ad
1453 3001 1686 3065 officium
1732 3001 1967 3052 rediisse.

166 3078 290 3133 Cum
328 3091 487 3134 autem
526 3081 763 3135 Minister
800 3082 1138 3134 heterodoxus
1173 3083 1508 3153 opposuisset,
1553 3082 1838 3135 violentiam
1875 3085 1969 3155 ipsi

165 3165 395 3235 injectam
419 3167 570 3220 fuisse
595 3169 780 3231 levem,
823 3177 871 3220 et
907 3178 1272 3237 exaggerasset
1290 3179 1540 3237 tamquam
1575 3180 1970 3222 veram'causam

167 3252 487 3321 recuperandi
520 3251 847 3323 Episcopatus
886 3253 1187 3324 cupidinen13
1227 3254 1421 3324 reponit
1455 3253 1760 3306 Bossuetus:
1801 3256 1874 3308 At
1894 3266 1966 3310 ta-

167 3339 334 3388 cenda
359 3356 464 3387 non
490 3346 607 3388 erat
623 3341 854 3392 crudelis
875 3342 1219 3408 Imperatoris
1237 3342 1473 3399 saevitia,
1499 3346 1645 3412 czq’us
1658 3345 1835 3394 minae
1860 3363 1964 3395 non

169 3424 386 3473 exilium
410 3430 637 3483 tantum,
662 3426 758 3475 sed
780 3433 1036 3478 tormenta
1062 3430 1219 3477 etiam
1244 3433 1399 3493 atque
1425 3434 1640 3478 mortem
1665 3447 1837 3480 secum
1863 3437 1965 3481 tra-

169 3507 372 3559 hebant.
445 3509 623 3560 Scitur
667 3512 912 3564 nimirum
958 3515 1254 3564 testimonio
1285 3516 1548 3564 constanti
1589 3515 1642 3565 S.
1686 3512 1969 3567 Athanasii

228 3613 273 3647 P.
292 3612 438 3647 Baller.
458 3613 506 3648 de
523 3613 697 3650 Primatu
717 3618 790 3650 etc.
1555 3613 1623 3664 20
