2314 3984
923 182 1577 242 —258—

334 352 452 406 tatis
491 352 708 406 debitum
746 351 1013 421 ingerunt,
1047 351 1166 420 quia
1188 349 1452 409 Ecden'nc
1490 355 1708 410 accessit
1745 370 2052 418 consensuS,
2093 351 2179 406 sed

333 441 415 495 vel
450 439 567 509 quia
607 439 787 506 Super
826 438 970 492 hanc
1000 446 1220 509 petram
1254 442 1595 510 aedificatum
1621 445 1922 497 Ecclesiam
1945 423 2085 503 :mim
2123 449 2178 492 ut

333 526 390 581 S.
418 525 762 598 Hieronymus
787 525 1020 599 scripsitt,
1045 527 1129 583 vel
1152 527 1272 599 quia
1298 529 1406 581 Illa
1429 536 1512 582 est
1525 537 1720 598 petra,
1754 548 1913 603 quam
1936 548 2046 584 non
2071 531 2177 581 vin-

332 621 458 668 cunt
481 614 747 684 superbae
783 616 1087 683 inferorum
1111 624 1342 687 portae,
1379 625 1435 668 ut
1471 614 1530 670 S.
1557 617 1906 688 Augustinus3
1942 617 2023 672 vel
2060 615 2176 686 quia

334 711 413 755 est
433 703 571 773 fides
597 703 699 756 illa
714 700 1033 772 Apostolico
1061 723 1156 758 ore
1183 706 1425 766 laudata,
1451 706 1528 758 ad
1551 709 1960 778 quamperfidia
1981 705 2178 758 habere

329 792 516 860 nequit
552 809 851 852 accessum,
886 800 942 844 ut
978 789 1037 845 S.
1063 788 1389 865 Cyprianus3
1433 793 1517 847 vel
1551 793 1668 863 quia
1690 791 1751 848 S.
1778 792 1967 847 Petrus
2002 810 2094 864 per
2119 808 2178 843 os

333 895 679 932 successorum
714 878 959 949 loquitur,
995 889 1052 933 ut
1075 877 1263 935 Patres
1294 878 1766 948 Calchedonenses3
1803 879 1887 935 vel
1922 878 2040 950 quia
2077 875 2179 931 Pe-

330 976 442 1020 trus
468 966 520 1019 in
547 967 651 1020 suis
678 966 1056 1022 successoribus
1079 968 1258 1026 vivens
1274 1010 1288 1037 ,
1321 979 1379 1023 ιιι
1404 969 1571 1042 ajebat
1595 967 1654 1023 S.
1682 967 1872 1023 Petrus
1897 965 2179 1039 Chrysolo-

332 1073 453 1126 gUS,
489 1062 739 1126 praestat
771 1058 1149 1125 quaerentibus
1182 1062 1315 1131 fidei
1349 1061 1656 1120 veritatem;
1697 1073 1755 1111 ac
1780 1066 2051 1130 propterea
2074 1073 2181 1108 om-

332 1143 465 1196 nium
493 1141 852 1196 catholicorum
878 1144 1213 1199 obedientiam
1240 1156 1292 1201 et
1316 1164 1581 1201 assensum
1605 1144 1772 1217 exigit
1795 1163 1887 1217 per
1913 1162 1969 1198 se
1989 1161 2064 1209 se,
2092 1161 2183 1195 an-

331 1242 534 1301 tequam
572 1230 784 1284 aliarum
808 1229 1154 1286 Ecclesiarmn
1193 1244 1278 1287 aut
1301 1233 1665 1308 Episcoporum
1698 1233 1978 1288 catholicae
2003 1229 2183 1284 Eccle-

335 1319 442 1372 siae
490 1318 779 1371 innotescat
821 1332 1127 1384 consensus,
1178 1339 1279 1390 quo
1317 1323 1521 1376 nomine
1558 1322 1810 1375 sinceram
1845 1317 2178 1372 obedientiam

333 1404 613 1460 definitioni
647 1403 708 1458 S.
748 1401 943 1458 Leonis
982 1406 1043 1459 ab
1076 1404 1314 1479 Eutyche
1347 1409 1704 1481 praestandam
1740 1405 1920 1478 exegit
1954 1405 2181 1458 laudatus

333 1494 388 1549 S.
420 1493 609 1549 Petrus
637 1490 1021 1566 Chrysologus,
1048 1505 1106 1548 ut
1131 1514 1239 1568 cap.
1271 1495 1358 1550 13.
1386 1496 1434 1566 ἕ.
1466 1496 1552 1550 14.
1581 1495 1908 1550 ostendimus.

478 1582 569 1638 33.
613 1580 856 1636 Ceterum
893 1583 1141 1638 catholica
1179 1582 1376 1638 Christi
1409 1583 1644 1639 Ecclesia
1690 1581 1917 1637 adhaesit
1954 1599 2180 1652 semper,

336 1681 632 1743 semperque
671 1670 965 1724 adhaerebit
999 1672 1268 1726 cathedrae
1303 1670 1361 1726 S.
1402 1672 1580 1740 Petri,
1628 1691 1718 1726 seu
1751 1669 2013 1725 doctrinae
2049 1668 2181 1733 fidei,

334 1779 481 1831 quam
508 1759 700 1813 Petrus
738 1768 789 1811 et
826 1777 1148 1814 successores
1183 1762 1291 1832 ejus
1330 1771 1644 1833 proponunt,
1681 1777 1741 1814 ac
1777 1760 1982 1812 docent:
2022 1775 2183 1827 neque

336 1849 437 1903 alia
476 1847 575 1902 erit
613 1856 700 1901 aut
738 1865 853 1900 esse
888 1849 1077 1920 poterit
1110 1867 1236 1904 vera
1261 1846 1457 1902 Christi
1482 1847 1743 1914 Ecclesia,
1781 1847 1881 1900 nisi
1918 1833 2046 1916 quae
2071 1845 2184 1898 huic

337 1935 604 1989 cathedrae
639 1934 850 1988 unitatis
886 1937 1164 1991 catholicae
1200 1946 1375 1991 centro
1403 1936 1746 2002 adhaerescit,
1785 1945 1837 1989 et
1863 1932 2182 1988 adhaerebit:

338 2025 399 2077 ob
427 2041 576 2094 quam
603 2022 798 2094 quidem
826 2024 938 2078 fidei
964 2025 1210 2078 unitatem
1227 2066 1241 2091 ,
1264 2025 1417 2079 sicuti
1442 2044 1641 2098 semper
1666 2024 1720 2077 in
1746 2022 1983 2077 Romana
2006 2022 2100 2076 fide
2126 2039 2186 2076 ac

337 2112 609 2165 traditione
643 2122 998 2166 conservatam
1029 2112 1186 2166 fuisse
1213 2113 1563 2186 Apostolicam
1599 2112 1923 2165 traditionem
1956 2129 2017 2164 ac
2042 2110 2186 2163 fidem

338 2199 506 2254 docuit
531 2197 589 2253 S.
617 2199 887 2267 Irenaeus3
926 2200 1000 2254 ita
1026 2210 1079 2255 et
1104 2219 1304 2274 semper
1328 2201 1382 2254 in
1409 2220 1471 2256 ea
1496 2219 1612 2255 esse
1637 2200 2038 2255 conservandam
2063 2197 2187 2251 nihil

338 2299 419 2342 est
453 2288 791 2341 dubitandum.
846 2287 978 2343 Vide
1016 2299 1194 2343 notata
1227 2290 1461 2363 superius
1497 2308 1548 2343 n.
1577 2290 1666 2345 27.
1727 2287 1893 2361 Igitur
1927 2285 2189 2360 proposita

338 2378 399 2431 ab
425 2376 600 2431 iisdem
627 2375 775 2430 Petri
800 2378 1178 2432 successoribus
1205 2378 1436 2432 doctrina
1460 2378 1603 2445 fidei,
1638 2375 1902 2432 Ecclesiae
1929 2391 2186 2438 assensus,

340 2465 470 2519 sicut
497 2483 695 2536 semper
723 2465 908 2531 adfuit,
946 2475 1000 2518 ut
1034 2465 1227 2537 (Epist.
1258 2467 1320 2519 ad
1347 2464 1553 2519 Clermn
1580 2463 1724 2536 CP.)
1758 2464 2002 2518 Nicolaus
2028 2462 2067 2514 1.
2096 2481 2186 2514 no-

340 2552 494 2617 tavit,
535 2551 607 2603 ita
633 2561 684 2605 et
722 2551 886 2605 aderit
923 2569 1151 2624 semper,
1188 2571 1485 2625 semperque
1522 2551 1621 2606 erit
1657 2551 2082 2624 p1·aesumendu3‚
2109 2550 2185 2603 ni-

341 2640 508 2710 hilque
543 2639 794 2692 morosius
830 2641 1199 2712 expectandum
1234 2641 1317 2695 vel
1354 2641 1735 2712 requirendum,
1772 2648 1830 2692 ut
1862 2656 1919 2692 se
1955 2637 2067 2708 quis
2093 2637 2186 2690 hoc

340 2737 615 2801 praetextu
640 2729 702 2780 ab
728 2746 945 2781 assensu
970 2737 1022 2781 et
1047 2729 1315 2800 obsequio,
1356 2737 1507 2801 atque
1547 2729 1608 2782 ab
1647 2727 1842 2781 unitate
1879 2726 2047 2780 dehita
2072 2724 2187 2779 exi·
2219 2781 2223 2786 ,

341 2826 464 2873 mat.
529 2814 792 2870 Ecclesiae
832 2834 1133 2870 consensum
1171 2835 1471 2891 expressum
1508 2817 1605 2890 ipsi
1644 2814 1927 2871 adversarii
1963 2833 2067 2868 non
2103 2831 2185 2867 re-

343 2905 577 2976 quirunt,
605 2904 678 2957 uti
702 2905 847 2977 paulo
875 2916 994 2959 ante
1020 2907 1433 2974 observavimus,
1471 2907 1559 2961 sed
1584 2905 1792 2959 tacitum
1817 2903 2046 2957 sulficere
2073 2901 2186 2956 exi-

345 2994 569 3060 stimant,
597 3012 745 3064 quem
771 2993 950 3047 adesse
974 2995 1146 3065 ajunt,
1173 2995 1219 3047 si
1242 3007 1359 3067 post
1385 2995 1567 3050 editam
1593 2991 1914 3046 Pontificiam
1939 2989 2185 3043 definitio-

344 3101 458 3136 nem
483 3081 636 3147 nulli,
674 3081 755 3136 vel
788 3081 934 3153 pauci
970 3083 1310 3154 refragentur.
1361 3081 1491 3155 Ipsis
1527 3089 1694 3134 ¹autem
1733 3078 2075 3132 definitionum
2099 3077 2185 3130 de-

346 3170 500 3224 cretis
534 3188 625 3242 per
659 3188 717 3224 se
755 3179 875 3223 ante
910 3189 1110 3224 omnem
1134 3168 1398 3224 Ecclesiae
1438 3186 1738 3224 consensum
1774 3166 2111 3221 obedientiam
2137 3175 2187 3219 et

346 3257 637 3328 obsequium
662 3258 833 3312 deberi
860 3277 963 3312 non
988 3258 1299 3325 inficiantur,
1336 3268 1388 3312 et
1426 3256 1719 3327 obsequium
1754 3255 1961 3326 quidem·
1974 3273 2076 3308 non
2102 3271 2185 3306 so-

347 3346 446 3398 lum
473 3356 774 3413 externum,
801 3347 889 3401 sed
915 3347 1067 3401 etiam
1090 3346 1521 3417 internum,·quod
1546 3345 1675 3399 idem
1705 3354 1785 3398 est
1811 3361 1870 3397 ac
1892 3341 2077 3403 mentis
2105 3358 2186 3394 as-

350 3451 548 3486 sensus.
601 3434 731 3489 Vide
757 3453 885 3505 quae
910 3435 961 3489 in
990 3436 1118 3489 hanc
1145 3455 1249 3490 rem
1277 3453 1345 3488 ex
1373 3433 1648 3487 Gallicanis
1675 3431 1931 3485 attulimus
1958 3448 2067 3502 cap.
2099 3428 2184 3483 13.
