<?xml version="1.0" encoding="UTF-8"?>
<!DOCTYPE html PUBLIC "-//W3C//DTD XHTML 1.0 Transitional//EN"
    "http://www.w3.org/TR/xhtml1/DTD/xhtml1-transitional.dtd">
<html xmlns="http://www.w3.org/1999/xhtml" xml:lang="en" lang="en">
 <head>
  <title>
</title>
<meta http-equiv="Content-Type" content="text/html;charset=utf-8" />
  <meta name='ocr-system' content='tesseract 3.04.00' />
  <meta name='ocr-capabilities' content='ocr_page ocr_carea ocr_par ocr_line ocrx_word'/>
</head>
<body>
  <div class='ocr_page' id='page_1' title='image "a546178500balluoft_0063.png"; bbox 0 0 2320 3990; ppageno 0'>
   <div class='ocr_carea' id='block_1_1' title="bbox 699 222 1306 280">
    <p class='ocr_par' dir='ltr' id='par_1_1' title="bbox 699 222 1306 280">
     <span class='ocr_line' id='line_1_1' title="bbox 699 222 1306 280; baseline -0.012 -12"><span class='ocrx_word' id='word_1_1' title='bbox 699 222 1306 280; x_wconf 46' lang='grc'><strong>*31*-</strong></span> 
     </span>
    </p>
   </div>
   <div class='ocr_carea' id='block_1_2' title="bbox 91 386 1925 2270">
    <p class='ocr_par' dir='ltr' id='par_1_2' title="bbox 91 386 1919 640">
     <span class='ocr_line' id='line_1_2' title="bbox 91 386 1919 461; baseline -0.008 -9"><span class='ocrx_word' id='word_1_2' title='bbox 91 414 210 452; x_wconf 70' lang='lat' dir='ltr'><strong>core</strong></span> <span class='ocrx_word' id='word_1_3' title='bbox 230 393 601 456; x_wconf 69' lang='lat' dir='ltr'><strong>existimentur,</strong></span> <span class='ocrx_word' id='word_1_4' title='bbox 627 390 798 461; x_wconf 81' lang='lat' dir='ltr'><strong>sicque</strong></span> <span class='ocrx_word' id='word_1_5' title='bbox 824 408 967 444; x_wconf 83' lang='lat' dir='ltr'><strong>arma</strong></span> <span class='ocrx_word' id='word_1_6' title='bbox 989 387 1223 443; x_wconf 83' lang='lat' dir='ltr'><strong>sectariis</strong></span> <span class='ocrx_word' id='word_1_7' title='bbox 1243 387 1534 459; x_wconf 80' lang='lat' dir='ltr'><strong>praebeant,</strong></span> <span class='ocrx_word' id='word_1_8' title='bbox 1557 386 1734 457; x_wconf 84' lang='lat' dir='ltr'><strong>quibus</strong></span> <span class='ocrx_word' id='word_1_9' title='bbox 1755 387 1919 439; x_wconf 84' lang='lat' dir='ltr'><strong>insur-</strong></span> 
     </span>
     <span class='ocr_line' id='line_1_3' title="bbox 95 473 1918 554; baseline -0.004 -20"><span class='ocrx_word' id='word_1_10' title='bbox 95 490 218 554; x_wconf 72' lang='lat' dir='ltr'><strong>gant</strong></span> <span class='ocrx_word' id='word_1_11' title='bbox 240 489 418 534; x_wconf 81' lang='lat' dir='ltr'><strong>contra</strong></span> <span class='ocrx_word' id='word_1_12' title='bbox 439 497 551 543; x_wconf 73' lang='lat' dir='ltr'><strong>nos,</strong></span> <span class='ocrx_word' id='word_1_13' title='bbox 579 477 970 547; x_wconf 81' lang='lat' dir='ltr'><strong>catholicumque</strong></span> <span class='ocrx_word' id='word_1_14' title='bbox 995 477 1177 547; x_wconf 83' lang='lat' dir='ltr'><strong>dogma</strong></span> <span class='ocrx_word' id='word_1_15' title='bbox 1202 476 1262 528; x_wconf 82' lang='lat' dir='ltr'><strong>de</strong></span> <span class='ocrx_word' id='word_1_16' title='bbox 1287 474 1502 546; x_wconf 79' lang='lat' dir='ltr'><strong>primatu</strong></span> <span class='ocrx_word' id='word_1_17' title='bbox 1526 491 1599 527; x_wconf 83' lang='lat' dir='ltr'><strong>ex</strong></span> <span class='ocrx_word' id='word_1_18' title='bbox 1619 473 1770 527; x_wconf 78' lang='lat' dir='ltr'><strong>nobis</strong></span> <span class='ocrx_word' id='word_1_19' title='bbox 1793 473 1918 545; x_wconf 85' lang='lat' dir='ltr'><strong>ipsis</strong></span> 
     </span>
     <span class='ocr_line' id='line_1_4' title="bbox 94 576 970 640; baseline -0.007 -19"><span class='ocrx_word' id='word_1_20' title='bbox 94 576 398 640; x_wconf 74' lang='lat' dir='ltr'><strong>oppugnent.</strong></span> <span class='ocrx_word' id='word_1_21' title='bbox 967 614 970 615; x_wconf 8' lang='lat' dir='ltr'><strong>a</strong></span> 
     </span>
    </p>

    <p class='ocr_par' dir='ltr' id='par_1_3' title="bbox 91 644 1925 2270">
     <span class='ocr_line' id='line_1_5' title="bbox 165 644 1918 723; baseline -0.003 -18"><span class='ocrx_word' id='word_1_22' title='bbox 165 653 214 705; x_wconf 80' lang='lat'><strong>4.</strong></span> <span class='ocrx_word' id='word_1_23' title='bbox 262 651 384 704; x_wconf 87' lang='lat' dir='ltr'><strong>Alia</strong></span> <span class='ocrx_word' id='word_1_24' title='bbox 406 651 561 723; x_wconf 84' lang='lat' dir='ltr'><strong>igitur</strong></span> <span class='ocrx_word' id='word_1_25' title='bbox 586 652 734 706; x_wconf 83' lang='lat' dir='ltr'><strong>nohis</strong></span> <span class='ocrx_word' id='word_1_26' title='bbox 753 649 970 704; x_wconf 77' lang='lat' dir='ltr'><strong>incunda</strong></span> <span class='ocrx_word' id='word_1_27' title='bbox 990 657 1074 702; x_wconf 74' lang='lat' dir='ltr'><strong>est</strong></span> <span class='ocrx_word' id='word_1_28' title='bbox 1096 647 1197 711; x_wconf 76' lang='lat' dir='ltr'><strong>via,</strong></span> <span class='ocrx_word' id='word_1_29' title='bbox 1225 664 1323 716; x_wconf 89' lang='lat' dir='ltr'><strong>qua</strong></span> <span class='ocrx_word' id='word_1_30' title='bbox 1346 646 1400 698; x_wconf 92' lang='lat' dir='ltr'><strong>in</strong></span> <span class='ocrx_word' id='word_1_31' title='bbox 1423 647 1718 699; x_wconf 77' lang='lat' dir='ltr'><strong>memoratis</strong></span> <span class='ocrx_word' id='word_1_32' title='bbox 1743 644 1918 701; x_wconf 78' lang='lat' dir='ltr'><strong>Evan-</strong></span> 
     </span>
     <span class='ocr_line' id='line_1_6' title="bbox 95 731 1921 811; baseline -0.003 -19"><span class='ocrx_word' id='word_1_33' title='bbox 95 738 270 811; x_wconf 82' lang='lat' dir='ltr'><strong>gelicis</strong></span> <span class='ocrx_word' id='word_1_34' title='bbox 296 738 615 803; x_wconf 76' lang='lat' dir='ltr'><strong>testimoniis,</strong></span> <span class='ocrx_word' id='word_1_35' title='bbox 639 745 843 809; x_wconf 85' lang='lat' dir='ltr'><strong>praeter</strong></span> <span class='ocrx_word' id='word_1_36' title='bbox 867 741 1146 806; x_wconf 77' lang='lat' dir='ltr'><strong>potestates</strong></span> <span class='ocrx_word' id='word_1_37' title='bbox 1172 733 1284 785; x_wconf 89' lang='lat' dir='ltr'><strong>aliis</strong></span> <span class='ocrx_word' id='word_1_38' title='bbox 1299 752 1494 802; x_wconf 86' lang='lat' dir='ltr'><strong>quoquc</strong></span> <span class='ocrx_word' id='word_1_39' title='bbox 1507 731 1772 804; x_wconf 84' lang='lat' dir='ltr'><strong>Apostolis</strong></span> <span class='ocrx_word' id='word_1_40' title='bbox 1787 752 1921 786; x_wconf 74' lang='lat' dir='ltr'><strong>co·-</strong></span> 
     </span>
     <span class='ocr_line' id='line_1_7' title="bbox 97 819 1922 895; baseline -0.003 -18"><span class='ocrx_word' id='word_1_41' title='bbox 97 826 391 890; x_wconf 76' lang='lat' dir='ltr'><strong>municataS,</strong></span> <span class='ocrx_word' id='word_1_42' title='bbox 419 824 603 894; x_wconf 87' lang='lat' dir='ltr'><strong>aliquid</strong></span> <span class='ocrx_word' id='word_1_43' title='bbox 617 823 747 895; x_wconf 85' lang='lat' dir='ltr'><strong>juris</strong></span> <span class='ocrx_word' id='word_1_44' title='bbox 770 822 926 875; x_wconf 85' lang='lat' dir='ltr'><strong>soli-us</strong></span> <span class='ocrx_word' id='word_1_45' title='bbox 949 819 1094 873; x_wconf 81' lang='lat' dir='ltr'><strong>Petri</strong></span> <span class='ocrx_word' id='word_1_46' title='bbox 1119 820 1374 892; x_wconf 89' lang='lat' dir='ltr'><strong>proprium</strong></span> <span class='ocrx_word' id='word_1_47' title='bbox 1399 820 1766 885; x_wconf 78' lang='lat' dir='ltr'><strong>nanciscamur,</strong></span> <span class='ocrx_word' id='word_1_48' title='bbox 1793 821 1922 890; x_wconf 88' lang='lat' dir='ltr'><strong>quod</strong></span> 
     </span>
     <span class='ocr_line' id='line_1_8' title="bbox 98 907 1920 983; baseline -0.003 -18"><span class='ocrx_word' id='word_1_49' title='bbox 98 913 276 966; x_wconf 87' lang='lat' dir='ltr'><strong>ceteris</strong></span> <span class='ocrx_word' id='word_1_50' title='bbox 301 912 563 983; x_wconf 84' lang='lat' dir='ltr'><strong>Apostolis</strong></span> <span class='ocrx_word' id='word_1_51' title='bbox 601 909 803 963; x_wconf 83' lang='lat' dir='ltr'><strong>minime</strong></span> <span class='ocrx_word' id='word_1_52' title='bbox 838 917 1154 979; x_wconf 82' lang='lat' dir='ltr'><strong>competenS‚</strong></span> <span class='ocrx_word' id='word_1_53' title='bbox 1193 907 1458 979; x_wconf 88' lang='lat' dir='ltr'><strong>primatum</strong></span> <span class='ocrx_word' id='word_1_54' title='bbox 1483 907 1535 959; x_wconf 89' lang='lat' dir='ltr'><strong>in</strong></span> <span class='ocrx_word' id='word_1_55' title='bbox 1562 926 1621 960; x_wconf 91' lang='lat' dir='ltr'><strong>eo</strong></span> <span class='ocrx_word' id='word_1_56' title='bbox 1650 908 1920 961; x_wconf 88' lang='lat' dir='ltr'><strong>constituat</strong></span> 
     </span>
     <span class='ocr_line' id='line_1_9' title="bbox 100 994 1920 1067; baseline -0.002 -17"><span class='ocrx_word' id='word_1_57' title='bbox 100 1017 199 1051; x_wconf 80' lang='lat' dir='ltr'><strong>non</strong></span> <span class='ocrx_word' id='word_1_58' title='bbox 223 1000 348 1052; x_wconf 82' lang='lat' dir='ltr'><strong>meri</strong></span> <span class='ocrx_word' id='word_1_59' title='bbox 373 998 590 1061; x_wconf 55' lang='lat' dir='ltr'><strong>ordinm,</strong></span> <span class='ocrx_word' id='word_1_60' title='bbox 628 996 715 1048; x_wconf 91' lang='lat' dir='ltr'><strong>sed</strong></span> <span class='ocrx_word' id='word_1_61' title='bbox 739 994 1004 1067; x_wconf 88' lang='lat' dir='ltr'><strong>peculiaris</strong></span> <span class='ocrx_word' id='word_1_62' title='bbox 1025 994 1416 1064; x_wconf 76' lang='lat' dir='ltr'><strong>j11risdictioni8‚</strong></span> <span class='ocrx_word' id='word_1_63' title='bbox 1456 1012 1582 1063; x_wconf 85' lang='lat' dir='ltr'><strong>quae</strong></span> <span class='ocrx_word' id='word_1_64' title='bbox 1611 997 1727 1066; x_wconf 88' lang='lat' dir='ltr'><strong>jure</strong></span> <span class='ocrx_word' id='word_1_65' title='bbox 1752 995 1920 1049; x_wconf 77' lang='lat' dir='ltr'><strong>divino</strong></span> 
     </span>
     <span class='ocr_line' id='line_1_10' title="bbox 98 1079 1922 1152; baseline -0.002 -17"><span class='ocrx_word' id='word_1_66' title='bbox 98 1084 327 1136; x_wconf 88' lang='lat' dir='ltr'><strong>instituta</strong></span> <span class='ocrx_word' id='word_1_67' title='bbox 353 1102 422 1137; x_wconf 85' lang='lat' dir='ltr'><strong>ex</strong></span> <span class='ocrx_word' id='word_1_68' title='bbox 446 1083 619 1135; x_wconf 88' lang='lat' dir='ltr'><strong>iisdem</strong></span> <span class='ocrx_word' id='word_1_69' title='bbox 644 1080 972 1152; x_wconf 83' lang='lat' dir='ltr'><strong>Evangelicis</strong></span> <span class='ocrx_word' id='word_1_70' title='bbox 1012 1081 1136 1134; x_wconf 90' lang='lat' dir='ltr'><strong>locis</strong></span> <span class='ocrx_word' id='word_1_71' title='bbox 1164 1081 1438 1151; x_wconf 87' lang='lat' dir='ltr'><strong>colligenda</strong></span> <span class='ocrx_word' id='word_1_72' title='bbox 1463 1091 1560 1133; x_wconf 88' lang='lat' dir='ltr'><strong>est.</strong></span> <span class='ocrx_word' id='word_1_73' title='bbox 1626 1079 1790 1134; x_wconf 90' lang='lat' dir='ltr'><strong>Pares</strong></span> <span class='ocrx_word' id='word_1_74' title='bbox 1817 1080 1922 1150; x_wconf 87' lang='lat' dir='ltr'><strong>qni-</strong></span> 
     </span>
     <span class='ocr_line' id='line_1_11' title="bbox 97 1166 1919 1239; baseline -0.001 -19"><span class='ocrx_word' id='word_1_75' title='bbox 97 1170 204 1222; x_wconf 90' lang='lat' dir='ltr'><strong>dem</strong></span> <span class='ocrx_word' id='word_1_76' title='bbox 230 1167 386 1221; x_wconf 91' lang='lat' dir='ltr'><strong>Petro</strong></span> <span class='ocrx_word' id='word_1_77' title='bbox 424 1170 576 1222; x_wconf 85' lang='lat' dir='ltr'><strong>fuisse</strong></span> <span class='ocrx_word' id='word_1_78' title='bbox 615 1187 786 1221; x_wconf 91' lang='lat' dir='ltr'><strong>omnes</strong></span> <span class='ocrx_word' id='word_1_79' title='bbox 812 1168 1089 1239; x_wconf 77' lang='lat' dir='ltr'><strong>Apostolos</strong></span> <span class='ocrx_word' id='word_1_80' title='bbox 1130 1166 1183 1218; x_wconf 92' lang='lat' dir='ltr'><strong>in</strong></span> <span class='ocrx_word' id='word_1_81' title='bbox 1219 1167 1550 1239; x_wconf 89' lang='lat' dir='ltr'><strong>Apostolatus</strong></span> <span class='ocrx_word' id='word_1_82' title='bbox 1584 1168 1919 1227; x_wconf 71' lang='lat' dir='ltr'><strong>facultatibus,</strong></span> 
     </span>
     <span class='ocr_line' id='line_1_12' title="bbox 99 1253 1922 1327; baseline -0.001 -20"><span class='ocrx_word' id='word_1_83' title='bbox 99 1265 149 1307; x_wconf 91' lang='lat' dir='ltr'><strong>at</strong></span> <span class='ocrx_word' id='word_1_84' title='bbox 174 1274 273 1308; x_wconf 89' lang='lat' dir='ltr'><strong>non</strong></span> <span class='ocrx_word' id='word_1_85' title='bbox 299 1256 349 1307; x_wconf 89' lang='lat' dir='ltr'><strong>in</strong></span> <span class='ocrx_word' id='word_1_86' title='bbox 375 1255 589 1327; x_wconf 87' lang='lat' dir='ltr'><strong>primatu</strong></span> <span class='ocrx_word' id='word_1_87' title='bbox 613 1255 823 1309; x_wconf 85' lang='lat' dir='ltr'><strong>vidimus</strong></span> <span class='ocrx_word' id='word_1_88' title='bbox 851 1274 958 1326; x_wconf 90' lang='lat' dir='ltr'><strong>cap.</strong></span> <span class='ocrx_word' id='word_1_89' title='bbox 986 1255 1037 1308; x_wconf 85' lang='lat'><strong>3.</strong></span> <span class='ocrx_word' id='word_1_90' title='bbox 1069 1254 1248 1307; x_wconf 91' lang='lat' dir='ltr'><strong>adeout</strong></span> <span class='ocrx_word' id='word_1_91' title='bbox 1273 1255 1380 1325; x_wconf 90' lang='lat' dir='ltr'><strong>ipse</strong></span> <span class='ocrx_word' id='word_1_92' title='bbox 1421 1254 1556 1306; x_wconf 91' lang='lat' dir='ltr'><strong>solus</strong></span> <span class='ocrx_word' id='word_1_93' title='bbox 1591 1253 1922 1325; x_wconf 85' lang='lat' dir='ltr'><strong>Apostolatus</strong></span> 
     </span>
     <span class='ocr_line' id='line_1_13' title="bbox 99 1338 1921 1412; baseline -0.001 -19"><span class='ocrx_word' id='word_1_94' title='bbox 99 1342 358 1412; x_wconf 87' lang='lat' dir='ltr'><strong>primatum</strong></span> <span class='ocrx_word' id='word_1_95' title='bbox 386 1342 671 1394; x_wconf 81' lang='lat' dir='ltr'><strong>obtinuerit.</strong></span> <span class='ocrx_word' id='word_1_96' title='bbox 725 1338 824 1408; x_wconf 86' lang='lat' dir='ltr'><strong>Qui</strong></span> <span class='ocrx_word' id='word_1_97' title='bbox 846 1361 958 1394; x_wconf 91' lang='lat' dir='ltr'><strong>cum</strong></span> <span class='ocrx_word' id='word_1_98' title='bbox 981 1359 1082 1393; x_wconf 91' lang='lat' dir='ltr'><strong>non</strong></span> <span class='ocrx_word' id='word_1_99' title='bbox 1105 1341 1252 1392; x_wconf 84' lang='lat' dir='ltr'><strong>fuerit</strong></span> <span class='ocrx_word' id='word_1_100' title='bbox 1278 1341 1404 1393; x_wconf 87' lang='lat' dir='ltr'><strong>meri</strong></span> <span class='ocrx_word' id='word_1_101' title='bbox 1430 1341 1635 1393; x_wconf 84' lang='lat' dir='ltr'><strong>honoris</strong></span> <span class='ocrx_word' id='word_1_102' title='bbox 1661 1341 1921 1411; x_wconf 74' lang='lat' dir='ltr'><strong>primatus,</strong></span> 
     </span>
     <span class='ocr_line' id='line_1_14' title="bbox 101 1427 1923 1498; baseline 0.001 -20"><span class='ocrx_word' id='word_1_103' title='bbox 101 1428 186 1479; x_wconf 93' lang='lat' dir='ltr'><strong>sed</strong></span> <span class='ocrx_word' id='word_1_104' title='bbox 204 1428 563 1498; x_wconf 85' lang='lat' dir='ltr'><strong>jurisdictionis</strong></span> <span class='ocrx_word' id='word_1_105' title='bbox 590 1428 884 1498; x_wconf 81' lang='lat' dir='ltr'><strong>praecipuae</strong></span> <span class='ocrx_word' id='word_1_106' title='bbox 911 1446 968 1479; x_wconf 89' lang='lat' dir='ltr'><strong>ac</strong></span> <span class='ocrx_word' id='word_1_107' title='bbox 994 1427 1300 1498; x_wconf 81' lang='lat' dir='ltr'><strong>personalis,</strong></span> <span class='ocrx_word' id='word_1_108' title='bbox 1341 1427 1402 1478; x_wconf 92' lang='lat' dir='ltr'><strong>ob</strong></span> <span class='ocrx_word' id='word_1_109' title='bbox 1432 1444 1579 1495; x_wconf 89' lang='lat' dir='ltr'><strong>quam</strong></span> <span class='ocrx_word' id='word_1_110' title='bbox 1618 1428 1810 1478; x_wconf 83' lang='lat' dir='ltr'><strong>admitti</strong></span> <span class='ocrx_word' id='word_1_111' title='bbox 1835 1447 1923 1480; x_wconf 91' lang='lat' dir='ltr'><strong>ne-</strong></span> 
     </span>
     <span class='ocr_line' id='line_1_15' title="bbox 102 1510 1922 1582; baseline 0.001 -19"><span class='ocrx_word' id='word_1_112' title='bbox 102 1513 205 1582; x_wconf 88' lang='lat' dir='ltr'><strong>quit</strong></span> <span class='ocrx_word' id='word_1_113' title='bbox 243 1516 540 1565; x_wconf 78' lang='lat' dir='ltr'><strong>omnimoda</strong></span> <span class='ocrx_word' id='word_1_114' title='bbox 578 1515 873 1582; x_wconf 75' lang='lat' dir='ltr'><strong>aequalitas</strong></span> <span class='ocrx_word' id='word_1_115' title='bbox 910 1513 1043 1564; x_wconf 87' lang='lat' dir='ltr'><strong>inter</strong></span> <span class='ocrx_word' id='word_1_116' title='bbox 1068 1510 1124 1564; x_wconf 91' lang='lat' dir='ltr'><strong>S.</strong></span> <span class='ocrx_word' id='word_1_117' title='bbox 1152 1510 1359 1565; x_wconf 87' lang='lat' dir='ltr'><strong>Petrum</strong></span> <span class='ocrx_word' id='word_1_118' title='bbox 1397 1523 1446 1565; x_wconf 90' lang='lat' dir='ltr'><strong>et</strong></span> <span class='ocrx_word' id='word_1_119' title='bbox 1471 1511 1526 1565; x_wconf 88' lang='lat' dir='ltr'><strong>S.</strong></span> <span class='ocrx_word' id='word_1_120' title='bbox 1556 1511 1796 1579; x_wconf 80' lang='lat' dir='ltr'><strong>Paulum3</strong></span> <span class='ocrx_word' id='word_1_121' title='bbox 1834 1515 1922 1567; x_wconf 91' lang='lat' dir='ltr'><strong>sed</strong></span> 
     </span>
     <span class='ocr_line' id='line_1_16' title="bbox 99 1597 1923 1670; baseline 0.001 -19"><span class='ocrx_word' id='word_1_122' title='bbox 99 1599 142 1651; x_wconf 91' lang='lat' dir='ltr'><strong>is</strong></span> <span class='ocrx_word' id='word_1_123' title='bbox 170 1608 219 1651; x_wconf 90' lang='lat' dir='ltr'><strong>et</strong></span> <span class='ocrx_word' id='word_1_124' title='bbox 243 1599 471 1650; x_wconf 88' lang='lat' dir='ltr'><strong>similiter</strong></span> <span class='ocrx_word' id='word_1_125' title='bbox 497 1599 649 1652; x_wconf 85' lang='lat' dir='ltr'><strong>ceteri</strong></span> <span class='ocrx_word' id='word_1_126' title='bbox 673 1599 907 1670; x_wconf 88' lang='lat' dir='ltr'><strong>Apostoli</strong></span> <span class='ocrx_word' id='word_1_127' title='bbox 933 1597 989 1651; x_wconf 89' lang='lat' dir='ltr'><strong>S.</strong></span> <span class='ocrx_word' id='word_1_128' title='bbox 1006 1598 1163 1652; x_wconf 87' lang='lat' dir='ltr'><strong>Petro</strong></span> <span class='ocrx_word' id='word_1_129' title='bbox 1190 1598 1374 1651; x_wconf 88' lang='lat' dir='ltr'><strong>suerint</strong></span> <span class='ocrx_word' id='word_1_130' title='bbox 1401 1599 1566 1668; x_wconf 87' lang='lat' dir='ltr'><strong>aliqua</strong></span> <span class='ocrx_word' id='word_1_131' title='bbox 1590 1600 1786 1653; x_wconf 88' lang='lat' dir='ltr'><strong>ratione</strong></span> <span class='ocrx_word' id='word_1_132' title='bbox 1809 1603 1923 1653; x_wconf 91' lang='lat' dir='ltr'><strong>sub—</strong></span> 
     </span>
     <span class='ocr_line' id='line_1_17' title="bbox 91 1683 1925 1759; baseline 0.002 -23"><span class='ocrx_word' id='word_1_133' title='bbox 91 1683 214 1754; x_wconf 90' lang='lat' dir='ltr'><strong>jecti</strong></span> <span class='ocrx_word' id='word_1_134' title='bbox 239 1693 386 1753; x_wconf 88' lang='lat' dir='ltr'><strong>atque</strong></span> <span class='ocrx_word' id='word_1_135' title='bbox 405 1684 730 1748; x_wconf 87' lang='lat' dir='ltr'><strong>subordinati,</strong></span> <span class='ocrx_word' id='word_1_136' title='bbox 754 1695 808 1736; x_wconf 90' lang='lat' dir='ltr'><strong>ut</strong></span> <span class='ocrx_word' id='word_1_137' title='bbox 834 1685 1166 1736; x_wconf 87' lang='lat' dir='ltr'><strong>annuentibus</strong></span> <span class='ocrx_word' id='word_1_138' title='bbox 1193 1703 1385 1753; x_wconf 89' lang='lat' dir='ltr'><strong>quoque</strong></span> <span class='ocrx_word' id='word_1_139' title='bbox 1399 1683 1664 1756; x_wconf 89' lang='lat' dir='ltr'><strong>Episcopis</strong></span> <span class='ocrx_word' id='word_1_140' title='bbox 1691 1697 1740 1739; x_wconf 90' lang='lat' dir='ltr'><strong>et</strong></span> <span class='ocrx_word' id='word_1_141' title='bbox 1753 1685 1925 1759; x_wconf 89' lang='lat' dir='ltr'><strong>Scrip-</strong></span> 
     </span>
     <span class='ocr_line' id='line_1_18' title="bbox 98 1767 1925 1841; baseline 0.003 -21"><span class='ocrx_word' id='word_1_142' title='bbox 98 1769 288 1821; x_wconf 88' lang='lat' dir='ltr'><strong>toribus</strong></span> <span class='ocrx_word' id='word_1_143' title='bbox 325 1767 483 1822; x_wconf 89' lang='lat' dir='ltr'><strong>Gallis</strong></span> <span class='ocrx_word' id='word_1_144' title='bbox 525 1770 827 1823; x_wconf 82' lang='lat' dir='ltr'><strong>ostendimus</strong></span> <span class='ocrx_word' id='word_1_145' title='bbox 863 1770 1031 1822; x_wconf 88' lang='lat' dir='ltr'><strong>eodem</strong></span> <span class='ocrx_word' id='word_1_146' title='bbox 1074 1770 1234 1841; x_wconf 88' lang='lat' dir='ltr'><strong>capite</strong></span> <span class='ocrx_word' id='word_1_147' title='bbox 1269 1770 1451 1836; x_wconf 73' lang='lat' dir='ltr'><strong>terti03</strong></span> <span class='ocrx_word' id='word_1_148' title='bbox 1489 1773 1735 1839; x_wconf 89' lang='lat' dir='ltr'><strong>quodnam</strong></span> <span class='ocrx_word' id='word_1_149' title='bbox 1775 1774 1925 1826; x_wconf 87' lang='lat' dir='ltr'><strong>fuerit</strong></span> 
     </span>
     <span class='ocr_line' id='line_1_19' title="bbox 99 1855 1925 1927; baseline 0.003 -21"><span class='ocrx_word' id='word_1_150' title='bbox 99 1855 188 1908; x_wconf 90' lang='lat' dir='ltr'><strong>hoc</strong></span> <span class='ocrx_word' id='word_1_151' title='bbox 222 1855 470 1927; x_wconf 85' lang='lat' dir='ltr'><strong>peculiare</strong></span> <span class='ocrx_word' id='word_1_152' title='bbox 508 1866 557 1909; x_wconf 89' lang='lat' dir='ltr'><strong>et</strong></span> <span class='ocrx_word' id='word_1_153' title='bbox 595 1858 858 1927; x_wconf 90' lang='lat' dir='ltr'><strong>personale</strong></span> <span class='ocrx_word' id='word_1_154' title='bbox 906 1856 1059 1908; x_wconf 91' lang='lat' dir='ltr'><strong>solius</strong></span> <span class='ocrx_word' id='word_1_155' title='bbox 1097 1855 1152 1909; x_wconf 92' lang='lat' dir='ltr'><strong>S.</strong></span> <span class='ocrx_word' id='word_1_156' title='bbox 1181 1856 1325 1910; x_wconf 89' lang='lat' dir='ltr'><strong>Petri</strong></span> <span class='ocrx_word' id='word_1_157' title='bbox 1354 1858 1438 1927; x_wconf 88' lang='lat' dir='ltr'><strong>jus</strong></span> <span class='ocrx_word' id='word_1_158' title='bbox 1489 1857 1541 1909; x_wconf 93' lang='lat' dir='ltr'><strong>in</strong></span> <span class='ocrx_word' id='word_1_159' title='bbox 1593 1860 1802 1912; x_wconf 89' lang='lat' dir='ltr'><strong>aliarum</strong></span> <span class='ocrx_word' id='word_1_160' title='bbox 1850 1863 1925 1912; x_wconf 89' lang='lat' dir='ltr'><strong>fa-</strong></span> 
     </span>
     <span class='ocr_line' id='line_1_20' title="bbox 101 1942 1924 2016; baseline 0.002 -21"><span class='ocrx_word' id='word_1_161' title='bbox 101 1943 332 1995; x_wconf 89' lang='lat' dir='ltr'><strong>cultatum</strong></span> <span class='ocrx_word' id='word_1_162' title='bbox 370 1942 775 2014; x_wconf 83' lang='lat' dir='ltr'><strong>Apostolicarum</strong></span> <span class='ocrx_word' id='word_1_163' title='bbox 811 1943 1142 2013; x_wconf 75' lang='lat' dir='ltr'><strong>aequalitate,</strong></span> <span class='ocrx_word' id='word_1_164' title='bbox 1181 1954 1232 1996; x_wconf 79' lang='lat' dir='ltr'><strong>et</strong></span> <span class='ocrx_word' id='word_1_165' title='bbox 1250 1946 1332 2014; x_wconf 87' lang='lat' dir='ltr'><strong>jus</strong></span> <span class='ocrx_word' id='word_1_166' title='bbox 1372 1944 1565 2013; x_wconf 90' lang='lat' dir='ltr'><strong>quidem</strong></span> <span class='ocrx_word' id='word_1_167' title='bbox 1601 1943 1924 2016; x_wconf 87' lang='lat' dir='ltr'><strong>Evangelicis</strong></span> 
     </span>
     <span class='ocr_line' id='line_1_21' title="bbox 99 2028 1925 2105; baseline 0.003 -26"><span class='ocrx_word' id='word_1_168' title='bbox 99 2028 326 2082; x_wconf 88' lang='lat' dir='ltr'><strong>indicatis</strong></span> <span class='ocrx_word' id='word_1_169' title='bbox 351 2029 650 2081; x_wconf 88' lang='lat' dir='ltr'><strong>testimoniis</strong></span> <span class='ocrx_word' id='word_1_170' title='bbox 675 2029 984 2101; x_wconf 79' lang='lat' dir='ltr'><strong>potissimum</strong></span> <span class='ocrx_word' id='word_1_171' title='bbox 1010 2030 1269 2095; x_wconf 66' lang='lat' dir='ltr'><strong>innixum,</strong></span> <span class='ocrx_word' id='word_1_172' title='bbox 1299 2048 1366 2083; x_wconf 84' lang='lat' dir='ltr'><strong>ex</strong></span> <span class='ocrx_word' id='word_1_173' title='bbox 1393 2049 1487 2100; x_wconf 89' lang='lat' dir='ltr'><strong>quo</strong></span> <span class='ocrx_word' id='word_1_174' title='bbox 1513 2032 1753 2102; x_wconf 81' lang='lat' dir='ltr'><strong>primatus</strong></span> <span class='ocrx_word' id='word_1_175' title='bbox 1778 2052 1925 2105; x_wconf 87' lang='lat' dir='ltr'><strong>pecu-</strong></span> 
     </span>
     <span class='ocr_line' id='line_1_22' title="bbox 102 2113 1924 2187; baseline 0.003 -23"><span class='ocrx_word' id='word_1_176' title='bbox 102 2113 240 2166; x_wconf 87' lang='lat' dir='ltr'><strong>liaris</strong></span> <span class='ocrx_word' id='word_1_177' title='bbox 257 2115 619 2184; x_wconf 87' lang='lat' dir='ltr'><strong>jurisdictionis</strong></span> <span class='ocrx_word' id='word_1_178' title='bbox 646 2126 860 2179; x_wconf 72' lang='lat' dir='ltr'><strong>constat,</strong></span> <span class='ocrx_word' id='word_1_179' title='bbox 886 2116 939 2166; x_wconf 84' lang='lat' dir='ltr'><strong>in</strong></span> <span class='ocrx_word' id='word_1_180' title='bbox 966 2118 1286 2184; x_wconf 69' lang='lat' dir='ltr'><strong>sequentibus</strong></span> <span class='ocrx_word' id='word_1_181' title='bbox 1314 2117 1554 2187; x_wconf 87' lang='lat' dir='ltr'><strong>capitibus</strong></span> <span class='ocrx_word' id='word_1_182' title='bbox 1581 2118 1924 2187; x_wconf 84' lang='lat' dir='ltr'><strong>inquirendum</strong></span> 
     </span>
     <span class='ocr_line' id='line_1_23' title="bbox 103 2199 668 2270; baseline 0 -20"><span class='ocrx_word' id='word_1_183' title='bbox 103 2208 152 2250; x_wconf 84' lang='lat' dir='ltr'><strong>et</strong></span> <span class='ocrx_word' id='word_1_184' title='bbox 179 2199 526 2270; x_wconf 84' lang='lat' dir='ltr'><strong>explicandum</strong></span> <span class='ocrx_word' id='word_1_185' title='bbox 555 2200 668 2252; x_wconf 81' lang='lat' dir='ltr'><strong>erit..</strong></span> 
     </span>
    </p>
   </div>
   <div class='ocr_carea' id='block_1_3' title="bbox 675 2474 1344 2548">
    <p class='ocr_par' dir='ltr' id='par_1_4' title="bbox 675 2474 1344 2548">
     <span class='ocr_line' id='line_1_24' title="bbox 675 2474 1344 2548; baseline 0.003 -2"><span class='ocrx_word' id='word_1_186' title='bbox 675 2474 1098 2548; x_wconf 83' lang='lat' dir='ltr'><strong>CAPUT</strong></span> <span class='ocrx_word' id='word_1_187' title='bbox 1171 2475 1344 2548; x_wconf 86' lang='lat' dir='ltr'><strong>VII.</strong></span> 
     </span>
    </p>
   </div>
   <div class='ocr_carea' id='block_1_4' title="bbox 532 2632 1485 2679">
    <p class='ocr_par' dir='ltr' id='par_1_5' title="bbox 532 2632 1485 2679">
     <span class='ocr_line' id='line_1_25' title="bbox 532 2632 1485 2679; baseline 0.003 -4"><span class='ocrx_word' id='word_1_188' title='bbox 532 2632 1056 2678; x_wconf 78' lang='lat' dir='ltr'>PROPOSITIO</span> <span class='ocrx_word' id='word_1_189' title='bbox 1110 2634 1485 2679; x_wconf 85' lang='lat' dir='ltr'>SEPTIMA.</span> 
     </span>
    </p>
   </div>
   <div class='ocr_carea' id='block_1_5' title="bbox 103 2741 1928 2970">
    <p class='ocr_par' dir='ltr' id='par_1_6' title="bbox 107 2741 1924 2820">
     <span class='ocr_line' id='line_1_26' title="bbox 107 2741 1924 2820; baseline 0.006 -33"><span class='ocrx_word' id='word_1_190' title='bbox 107 2741 211 2788; x_wconf 85' lang='lat' dir='ltr'><strong>Hoc</strong></span> <span class='ocrx_word' id='word_1_191' title='bbox 279 2750 576 2806; x_wconf 81' lang='lat' dir='ltr'><strong>raecipuum</strong></span> <span class='ocrx_word' id='word_1_192' title='bbox 609 2754 658 2791; x_wconf 82' lang='lat' dir='ltr'><strong>et</strong></span> <span class='ocrx_word' id='word_1_193' title='bbox 678 2749 952 2820; x_wconf 66' lang='lat' dir='ltr'><strong>personale</strong></span> <span class='ocrx_word' id='word_1_194' title='bbox 984 2747 1036 2793; x_wconf 76' lang='lat' dir='ltr'><strong>S.</strong></span> <span class='ocrx_word' id='word_1_195' title='bbox 1066 2748 1215 2794; x_wconf 82' lang='lat' dir='ltr'><strong>Petri</strong></span> <span class='ocrx_word' id='word_1_196' title='bbox 1229 2751 1320 2806; x_wconf 63' lang='lat' dir='ltr'><strong>,jus</strong></span> <span class='ocrx_word' id='word_1_197' title='bbox 1343 2755 1608 2810; x_wconf 77' lang='lat' dir='ltr'><strong>primatus</strong></span> <span class='ocrx_word' id='word_1_198' title='bbox 1635 2756 1924 2812; x_wconf 79' lang='lat' dir='ltr'><strong>propriu-m,</strong></span> 
     </span>
    </p>

    <p class='ocr_par' dir='ltr' id='par_1_7' title="bbox 103 2805 1928 2869">
     <span class='ocr_line' id='line_1_27' title="bbox 103 2805 1928 2869; baseline 0.004 -22"><span class='ocrx_word' id='word_1_199' title='bbox 103 2818 199 2861; x_wconf 83' lang='lat' dir='ltr'><strong>quo</strong></span> <span class='ocrx_word' id='word_1_200' title='bbox 286 2808 340 2848; x_wconf 82' lang='lat' dir='ltr'><strong>in</strong></span> <span class='ocrx_word' id='word_1_201' title='bbox 378 2805 604 2850; x_wconf 81' lang='lat' dir='ltr'><strong>laudatis</strong></span> <span class='ocrx_word' id='word_1_202' title='bbox 646 2806 963 2866; x_wconf 68' lang='lat' dir='ltr'><strong>Evanqelicis</strong></span> <span class='ocrx_word' id='word_1_203' title='bbox 1004 2813 1301 2852; x_wconf 76' lang='lat' dir='ltr'><strong>testimoniis</strong></span> <span class='ocrx_word' id='word_1_204' title='bbox 1344 2814 1630 2853; x_wconf 74' lang='lat' dir='ltr'><strong>continetur</strong></span> <span class='ocrx_word' id='word_1_205' title='bbox 1679 2812 1765 2864; x_wconf 81' lang='lat' dir='ltr'><strong>(ne</strong></span> <span class='ocrx_word' id='word_1_206' title='bbox 1805 2814 1928 2869; x_wconf 80' lang='lat' dir='ltr'><strong>quid</strong></span> 
     </span>
    </p>

    <p class='ocr_par' dir='ltr' id='par_1_8' title="bbox 105 2862 1924 2970">
     <span class='ocr_line' id='line_1_28' title="bbox 105 2862 1924 2923; baseline 0.006 -19"><span class='ocrx_word' id='word_1_207' title='bbox 105 2862 449 2923; x_wconf 73' lang='lat' dir='ltr'><strong>eonfinqamus</strong></span> <span class='ocrx_word' id='word_1_208' title='bbox 482 2880 544 2909; x_wconf 74' lang='lat' dir='ltr'><strong>ea:</strong></span> <span class='ocrx_word' id='word_1_209' title='bbox 576 2864 839 2920; x_wconf 81' lang='lat' dir='ltr'><strong>arbitrio),</strong></span> <span class='ocrx_word' id='word_1_210' title='bbox 891 2882 951 2910; x_wconf 71' lang='lat' dir='ltr'><strong>ex</strong></span> <span class='ocrx_word' id='word_1_211' title='bbox 985 2867 1260 2910; x_wconf 79' lang='lat' dir='ltr'><strong>traditione</strong></span> <span class='ocrx_word' id='word_1_212' title='bbox 1302 2867 1479 2910; x_wconf 80' lang='lat' dir='ltr'><strong>iisdem</strong></span> <span class='ocrx_word' id='word_1_213' title='bbox 1523 2872 1818 2916; x_wconf 73' lang='lat' dir='ltr'><strong>testimoniis</strong></span> <span class='ocrx_word' id='word_1_214' title='bbox 1849 2887 1924 2915; x_wconf 80' lang='lat' dir='ltr'><strong>co-</strong></span> 
     </span>
     <span class='ocr_line' id='line_1_29' title="bbox 678 2924 1349 2970; baseline 0.003 -2"><span class='ocrx_word' id='word_1_215' title='bbox 678 2924 915 2970; x_wconf 77' lang='lat' dir='ltr'><strong>haerente</strong></span> <span class='ocrx_word' id='word_1_216' title='bbox 954 2926 1231 2970; x_wconf 81' lang='lat' dir='ltr'><strong>eruendum</strong></span> <span class='ocrx_word' id='word_1_217' title='bbox 1265 2931 1349 2970; x_wconf 78' lang='lat' dir='ltr'><strong>est.</strong></span> 
     </span>
    </p>
   </div>
   <div class='ocr_carea' id='block_1_6' title="bbox 102 3051 1927 3561">
    <p class='ocr_par' dir='ltr' id='par_1_9' title="bbox 102 3051 1927 3561">
     <span class='ocr_line' id='line_1_30' title="bbox 248 3051 1926 3130; baseline 0.005 -26"><span class='ocrx_word' id='word_1_218' title='bbox 248 3051 297 3104; x_wconf 88' lang='lat' dir='ltr'><strong>l.</strong></span> <span class='ocrx_word' id='word_1_219' title='bbox 346 3051 500 3106; x_wconf 90' lang='lat' dir='ltr'><strong>Nulla</strong></span> <span class='ocrx_word' id='word_1_220' title='bbox 523 3055 818 3126; x_wconf 87' lang='lat' dir='ltr'><strong>probatione</strong></span> <span class='ocrx_word' id='word_1_221' title='bbox 843 3055 1034 3127; x_wconf 83' lang='lat' dir='ltr'><strong>indiget</strong></span> <span class='ocrx_word' id='word_1_222' title='bbox 1061 3056 1181 3110; x_wconf 87' lang='lat' dir='ltr'><strong>haec</strong></span> <span class='ocrx_word' id='word_1_223' title='bbox 1206 3056 1479 3128; x_wconf 88' lang='lat' dir='ltr'><strong>propositio</strong></span> <span class='ocrx_word' id='word_1_224' title='bbox 1495 3096 1509 3121; x_wconf 89' lang='lat'>‚</span> <span class='ocrx_word' id='word_1_225' title='bbox 1537 3076 1664 3126; x_wconf 87' lang='lat' dir='ltr'><strong>quae</strong></span> <span class='ocrx_word' id='word_1_226' title='bbox 1691 3060 1926 3130; x_wconf 83' lang='lat' dir='ltr'><strong>explora-</strong></span> 
     </span>
     <span class='ocr_line' id='line_1_31' title="bbox 104 3135 1926 3214; baseline 0.007 -28"><span class='ocrx_word' id='word_1_227' title='bbox 104 3135 307 3190; x_wconf 87' lang='lat' dir='ltr'><strong>tissimis</strong></span> <span class='ocrx_word' id='word_1_228' title='bbox 331 3138 623 3211; x_wconf 86' lang='lat' dir='ltr'><strong>theologicis</strong></span> <span class='ocrx_word' id='word_1_229' title='bbox 649 3142 901 3214; x_wconf 89' lang='lat' dir='ltr'><strong>principiis</strong></span> <span class='ocrx_word' id='word_1_230' title='bbox 935 3143 1155 3196; x_wconf 85' lang='lat' dir='ltr'><strong>maxime</strong></span> <span class='ocrx_word' id='word_1_231' title='bbox 1183 3161 1491 3213; x_wconf 84' lang='lat' dir='ltr'><strong>congruenS‚</strong></span> <span class='ocrx_word' id='word_1_232' title='bbox 1528 3145 1587 3196; x_wconf 87' lang='lat' dir='ltr'><strong>ab</strong></span> <span class='ocrx_word' id='word_1_233' title='bbox 1624 3146 1926 3199; x_wconf 84' lang='lat' dir='ltr'><strong>adversariis</strong></span> 
     </span>
     <span class='ocr_line' id='line_1_32' title="bbox 104 3222 1927 3300; baseline 0.007 -28"><span class='ocrx_word' id='word_1_234' title='bbox 104 3222 356 3276; x_wconf 85' lang='lat' dir='ltr'><strong>catholicis</strong></span> <span class='ocrx_word' id='word_1_235' title='bbox 375 3244 476 3278; x_wconf 90' lang='lat' dir='ltr'><strong>non</strong></span> <span class='ocrx_word' id='word_1_236' title='bbox 497 3229 780 3300; x_wconf 88' lang='lat' dir='ltr'><strong>negabitur.</strong></span> <span class='ocrx_word' id='word_1_237' title='bbox 817 3228 1010 3282; x_wconf 90' lang='lat' dir='ltr'><strong>Notum</strong></span> <span class='ocrx_word' id='word_1_238' title='bbox 1026 3240 1103 3282; x_wconf 87' lang='lat' dir='ltr'><strong>est</strong></span> <span class='ocrx_word' id='word_1_239' title='bbox 1117 3229 1246 3282; x_wconf 87' lang='lat' dir='ltr'><strong>enim</strong></span> <span class='ocrx_word' id='word_1_240' title='bbox 1270 3229 1496 3281; x_wconf 91' lang='lat' dir='ltr'><strong>omnibus</strong></span> <span class='ocrx_word' id='word_1_241' title='bbox 1509 3229 1796 3284; x_wconf 85' lang='lat' dir='ltr'><strong>catholicam</strong></span> <span class='ocrx_word' id='word_1_242' title='bbox 1809 3233 1927 3285; x_wconf 87' lang='lat' dir='ltr'><strong>reli-</strong></span> 
     </span>
     <span class='ocr_line' id='line_1_33' title="bbox 102 3308 1925 3380; baseline 0.006 -20"><span class='ocrx_word' id='word_1_243' title='bbox 102 3308 300 3377; x_wconf 82' lang='lat' dir='ltr'><strong>gionem</strong></span> <span class='ocrx_word' id='word_1_244' title='bbox 324 3312 643 3380; x_wconf 85' lang='lat' dir='ltr'><strong>callentibuS,</strong></span> <span class='ocrx_word' id='word_1_245' title='bbox 680 3315 998 3370; x_wconf 86' lang='lat' dir='ltr'><strong>traditionem</strong></span> <span class='ocrx_word' id='word_1_246' title='bbox 1023 3315 1232 3369; x_wconf 87' lang='lat' dir='ltr'><strong>Patrum</strong></span> <span class='ocrx_word' id='word_1_247' title='bbox 1270 3315 1572 3369; x_wconf 87' lang='lat' dir='ltr'><strong>tutissimum</strong></span> <span class='ocrx_word' id='word_1_248' title='bbox 1609 3335 1722 3370; x_wconf 88' lang='lat' dir='ltr'><strong>esse</strong></span> <span class='ocrx_word' id='word_1_249' title='bbox 1748 3337 1925 3371; x_wconf 85' lang='lat' dir='ltr'><strong>sacrae</strong></span> 
     </span>
     <span class='ocr_line' id='line_1_34' title="bbox 102 3391 1924 3474; baseline 0.005 -28"><span class='ocrx_word' id='word_1_250' title='bbox 102 3393 394 3467; x_wconf 81' lang='lat' dir='ltr'><strong>Scripturae</strong></span> <span class='ocrx_word' id='word_1_251' title='bbox 420 3398 772 3469; x_wconf 81' lang='lat' dir='ltr'><strong>interpretem3</strong></span> <span class='ocrx_word' id='word_1_252' title='bbox 800 3391 858 3455; x_wconf 85' lang='lat' dir='ltr'><strong>ac</strong></span> <span class='ocrx_word' id='word_1_253' title='bbox 882 3403 1087 3474; x_wconf 88' lang='lat' dir='ltr'><strong>proinde</strong></span> <span class='ocrx_word' id='word_1_254' title='bbox 1111 3422 1169 3455; x_wconf 90' lang='lat' dir='ltr'><strong>ea</strong></span> <span class='ocrx_word' id='word_1_255' title='bbox 1189 3403 1498 3456; x_wconf 84' lang='lat' dir='ltr'><strong>laudatorum</strong></span> <span class='ocrx_word' id='word_1_256' title='bbox 1522 3403 1924 3457; x_wconf 86' lang='lat' dir='ltr'><strong>testimoniorum</strong></span> 
     </span>
     <span class='ocr_line' id='line_1_35' title="bbox 104 3481 1926 3561; baseline 0.006 -31"><span class='ocrx_word' id='word_1_257' title='bbox 104 3482 264 3534; x_wconf 83' lang='lat' dir='ltr'><strong>sancti</strong></span> <span class='ocrx_word' id='word_1_258' title='bbox 301 3481 564 3556; x_wconf 85' lang='lat' dir='ltr'><strong>Evangelii</strong></span> <span class='ocrx_word' id='word_1_259' title='bbox 597 3484 944 3558; x_wconf 87' lang='lat' dir='ltr'><strong>interpretatio</strong></span> <span class='ocrx_word' id='word_1_260' title='bbox 974 3488 1229 3542; x_wconf 89' lang='lat' dir='ltr'><strong>catholicis</strong></span> <span class='ocrx_word' id='word_1_261' title='bbox 1260 3489 1566 3547; x_wconf 80' lang='lat' dir='ltr'><strong>adversa-riis</strong></span> <span class='ocrx_word' id='word_1_262' title='bbox 1605 3508 1706 3542; x_wconf 87' lang='lat' dir='ltr'><strong>non</strong></span> <span class='ocrx_word' id='word_1_263' title='bbox 1739 3491 1926 3561; x_wconf 84' lang='lat' dir='ltr'><strong>poterit</strong></span> 
     </span>
    </p>
   </div>
  </div>
 </body>
</html>
