2314 3984
940 186 1604 254 -Sflssffl

349 353 622 409 municatio
647 352 771 410 ferri
789 353 859 407 ,ab
883 354 1846 426 praesumptionemrsshobedientiam,
1871 377 2001 430 quae
2026 377 2201 432 paoem

350 443 547 507 turbet,
573 450 628 494 et
653 439 893 501 scandala
914 441 1356 508 fovea132ta1netsi
1379 441 1813 505 circam-ticulum
1837 446 2056 501 nondum
2083 447 2202 500 defi-

348 529 508 582 nitum
545 544 615 583 ex
654 525 902 583 catholica
934 528 1028 585 fide
1065 529 1255 585 nullum
1289 530 1460 587 laesae
1491 531 1606 590 fidoi
1641 533 1918 606 periculum
1953 533 2036 587 sit.
2089 533 2202 587 Hoc

348 635 448 668 uno
487 613 735 688 principio
784 631 935 686 quam
978 618 1165 674 multae
1199 616 1506 677 Pontificum
1550 619 1940 682 constitutiones
1984 621 2200 692 aliquem

347 705 697 758 characterem
741 704 1059 760 auctoritatis
1105 705 1440 779 Apostolicae
1490 709 1838 780 praeferentes
1853 751 1868 775 ‚
1924 727 1956 762 a
1998 710 2203 782 proprie

345 793 508 847 dictae
534 790 838 847 definitioni-s
865 792 978 847 fidei
1003 795 1235 868 catalogo
1268 797 1609 850 excluduntur
1624 835 1641 862 ,
1667 813 1738 850 ex
1772 795 1952 867 quibus
1972 797 2203 868 objectae

347 880 685 946 difficultates,
712 880 757 934 si
782 900 879 951 quo
906 901 1028 936 casu
1052 883 1277 939 maxime
1303 886 1601 957 probarent,
1629 901 1734 938 non
1754 884 2034 956 probarent
2060 901 2204 937 erro-

347 987 430 1023 res
456 969 509 1022 in
536 967 824 1023 definitione
850 969 980 1023 fidei.

491 1058 581 1112 41.
632 1054 724 1110 Ex
760 1057 1002 1112 hactenus
1041 1060 1186 1115 dictis
1223 1060 1397 1133 inepta
1446 1062 1508 1115 ad
1545 1060 1860 1134 propositum
1905 1057 2205 1129 detegentur

350 1145 502 1199 etiam
528 1164 688 1218 pauca
713 1147 956 1217 quaedam
982 1149 1179 1220 objecta
1205 1167 1276 1202 ex
1301 1149 1559 1204 nonnullis
1586 1149 1806 1219 antiquis
1835 1145 2095 1211 Patribus,
2122 1145 2206 1215 qui

346 1235 459 1287 dum
505 1233 786 1304 aliquorum
822 1232 1127 1290 Pontificum
1176 1238 1459 1293 sententias
1476 1277 1491 1303 ,
1544 1247 1632 1291 aut
1668 1236 1911 1310 epistolas
1948 1235 2206 1299 vellicant,

347 1320 661 1392 dogmaticas
698 1320 1016 1375 definitiones
1053 1341 1158 1376 non
1195 1325 1506 1396 respiciunt,
1525 1326 1630 1381 ‘scd
1653 1326 1788 1379 facta
1807 1364 1822 1389 ,
1861 1332 1913 1376 et
1939 1322 2131 1393 scripta
2154 1321 2208 1373 in

345 1409 513 1463 causis
550 1427 581 1461 a
606 1408 899 1462 definitione
933 1409 1047 1464 fidei
1087 1408 1444 1476 alienissimiS,
1484 1411 1559 1464 uti
1585 1429 1674 1465 ex,
1703 1430 1783 1483 gr.
1813 1411 1906 1465 duo
1933 1410 2050 1475 illa,
2079 1427 2207 1478 quae

344 1497 628 1551 Bossuetus
666 1496 885 1569 ingerit,
923 1497 1284 1567 testimonia*)
1319 1497 1377 1552 S.
1405 1498 1591 1552 Basilii
1616 1498 1872 1571 pertinent
1915 1498 1978 1551 ad
2003 1515 2209 1553 causam

346 1589 481 1642 inter
507 1586 808 1651 Paulinum,
845 1596 896 1639 et
921 1584 1185 1639 Meletium
1222 1588 1282 1641 de
1308 1585 1621 1660 Episcopatu
1646 1586 1971 1640 Antiocheno
2000 1595 2207 1639 conten-

347 1679 542 1743 dentes,
570 1676 624 1729 in
651 1695 748 1746 qua
773 1684 885 1727 tota
911 1675 1139 1745 quaestio
1169 1686 1278 1728 erat
1304 1675 1609 1748 personaliS,
1638 1685 1688 1729 et
1714 1674 1851 1729 facti.
1904 1672 1957 1726 N
1961 1693 2018 1727 ec
2043 1673 2208 1726 minus

346 1767 518 1839 inepta
538 1775 616 1820 est
637 1764 853 1837 objectio
871 1781 941 1817 ex
962 1762 1191 1816 textibus
1213 1765 1542 1832 quorumdam
1560 1764 1756 1817 mediae
1777 1763 1962 1816 aetatis
1977 1759 2208 1834 Scripto-

347 1875 475 1921 rum,
502 1854 556 1908 in
582 1853 761 1925 quibus
790 1851 918 1924 (vid.
948 1870 1087 1923 supr.
1117 1869 1161 1903 c.
1194 1850 1313 1924 13.)
1343 1851 1684 1906 obedientiam
1711 1849 2045 1904 Pontificibus
2073 1849 2209 1903 debi-

346 1954 451 1998 tam
488 1961 549 1997 ea
583 1941 872 1996 conditione
911 1949 1178 2005 coercent,
1214 1940 1314 1993 nisi
1352 1941 1469 2012 quid
1505 1941 1858 2013 praeciperent
1894 1937 2203 1992 contrarium

346 2030 632 2102 Evangelio
649 2070 662 2095 ,
693 2039 778 2084 aut
803 2028 987 2083 divinis
1013 2028 1297 2094 mandatis,
1335 2028 1418 2083 vel
1443 2038 1624 2082 contra
1648 2028 1812 2082 fidem.
1865 2024 2044 2080 Primo
2072 2026 2205 2079 enim

348 2120 410 2172 ad
449 2137 673 2172 errorem
713 2117 1025 2190 probandum
1063 2135 1168 2170 non
1204 2117 1458 2171 sufficiunt
1494 2115 1870 2189 propositiones
1913 2133 2107 2186 vagae,
2159 2123 2209 2167 et

350 2207 755 2273 conditionatae3
797 2205 950 2260 sicuti
983 2206 1070 2258 illa
1106 2206 1265 2259 verba
1291 2204 1532 2278 Apostoli
1556 2203 1707 2258 Pauli
1744 2203 1807 2257 ad
1834 2201 2046 2256 Galatas
2081 2221 2125 2256 c.
2158 2203 2205 2255 1.

347 2313 398 2349 v.
427 2296 479 2350 8.
534 2297 689 2350 Licet
711 2315 838 2357 nos,
865 2301 960 2346 aut
985 2296 1210 2364 anyelus
1237 2297 1304 2347 de
1330 2297 1485 2349 caelo
1515 2295 1842 2364 evanyelizet
1863 2294 2027 2353 vobis,
2045 2311 2208 2362 prae-

348 2393 595 2455 terquam
634 2386 782 2456 quod
817 2384 1294 2453 evanyelizavimus
1333 2385 1479 2436 vobis
1517 2393 1648 2448 etc.,
1689 2400 1816 2452 quae
1855 2379 2209 2453 hypotheticae

348 2473 686 2544 propositioni
713 2470 1034 2539 aequivalent
1050 2510 1064 2534 ,
1093 2489 1196 2523 non
1222 2472 1470 2542 probant,
1505 2471 1668 2542 ipsum
1695 2469 1911 2523 Paulum
1938 2479 2024 2520 aut
2047 2469 2209 2520 bonos

351 2560 562 2631 angelos
590 2559 649 2612 de
677 2558 817 2612 caelo
846 2556 1094 2628 quidpiam
1121 2557 1223 2610 tale
1249 2556 1583 2629 Apostolicae
1610 2557 1873 2611 doctrinae
1900 2556 2209 2609 contrarium

350 2647 735 2719 evangelizasse
763 2654 849 2699 aut
873 2662 1024 2716 posse
1052 2644 1430 2715 evangelizare.
1483 2645 1618 2699 Dein
1654 2645 1728 2698 illi
1764 2655 1942 2699 textus
1970 2654 2127 2715 agunt
2153 2645 2211 2698 de

351 2735 633 2809 praeceptis
670 2732 1091 2807 particularibuS,
1142 2732 1195 2785 in
1234 2733 1411 2802 quibus
1452 2734 1583 2789 sicut
1618 2732 1794 2806 Papae
1829 2752 1932 2786 non
1970 2733 2044 2786 ita
2070 2742 2208 2787 certo

351 2834 469 2877 sunt
494 2823 781 2877 infallibiles
797 2863 812 2888 ,
839 2832 893 2874 ut
917 2821 969 2874 in
995 2820 1368 2876 definitionibus
1395 2820 1722 2895 dogmaticis3
1750 2821 1823 2874 ita
1848 2821 1894 2875 si
1919 2821 2035 2892 quid
2059 2822 2211 2875 forsi-

350 2922 440 2965 tan
466 2910 819 2983 praeciperent
845 2919 1024 2965 contra
1047 2910 1211 2974 fidem,
1241 2920 1326 2963 aut
1348 2908 1707 2983 Evangelium,
1736 2920 1970 2964 errarent
1995 2910 2206 2980 quidem,

472 3152 513 3202 Ἴ
548 3152 613 3191 Ex
647 3151 792 3192 Basilii
826 3151 950 3202 epist.
984 3149 1087 3189 314.
1129 3147 1184 3188 ad
1230 3148 1471 3188 Terentium
1503 3149 1729 3197 Comitem,
1773 3153 1817 3191 et
1862 3149 1987 3201 epist.
2019 3149 2123 3188 239.
2156 3148 2210 3187 ad

350 3212 578 3253 Eusebium
620 3212 938 3251 Samosatenum
986 3209 1233 3250 testimonia
1272 3211 1505 3253 Bossuetus
1547 3209 1730 3261 profert,
1782 3211 1824 3249 in
1880 3210 2030 3260 quibus
2069 3221 2207 3248 rerum

354 3274 651 3320 Orientalium,
692 3285 766 3315 seu
807 3276 1022 3324 gestorum
1061 3274 1103 3312 et
1132 3282 1323 3314 sensuum
1364 3270 1608 3322 ignorantia
1639 3274 1849 3322 tamquam
1881 3270 2045 3311 dissidii
2079 3281 2207 3311 causa

354 3338 538 3375 notatur.
599 3334 691 3375 Nec
734 3333 879 3374 mirum
925 3333 962 3372 si
1001 3331 1207 3379 Basilius,
1254 3331 1323 3383 qui
1365 3343 1455 3371 cum
1488 3331 1775 3372 Orientalibus
1805 3331 1975 3371 Meletio
2019 3331 2207 3377 favebat,

353 3393 493 3434 acrius
536 3395 746 3445 aliquanto
791 3397 938 3434 contra
981 3393 1193 3433 Romanos
1236 3384 1475 3445 scripserit,
1531 3393 1599 3444 qui
1644 3404 1734 3432 cum
1777 3391 2122 3433 Occidentalibus
2166 3395 2207 3428 et

358 3454 646 3497 Alexandrinis
676 3455 850 3498 Paulino
884 3454 1274 3506 patrocinabantur.
