2320 3990
334 353 433 389 non
454 335 679 408 probari,
701 351 828 405 quae
849 350 920 387 ex
941 334 1090 388 obvio
1109 334 1388 388 verborum-
1402 352 1558 390 sensu
1581 336 1700 389 illud
1720 337 1848 391 idem
1869 338 2120 410 peculiare
2135 356 2193 391 ac

334 423 600 495 personale
625 420 683 476 S.
712 419 860 475 Petri
877 423 964 493 jus
991 421 1242 494 explicet,
1289 422 1421 492 quod
1456 439 1567 477 cum
1590 425 1707 496 jure
1745 425 1906 480 eidem
1937 423 1996 479 S.
2027 425 2190 480 Petro

335 530 364 565 a
389 509 604 565 Patrum
637 508 912 563 traditione
951 518 1153 564 asserto
1191 510 1338 582 plane
1376 510 1665 565 concordet.
1737 511 1792 566 Id
1827 523 1995 568 autem
2033 514 2190 567 multo

334 597 525 671 patebit
551 596 862 665 evidentius,
897 597 943 651 si
968 596 1062 651 hoc
1088 597 1217 651 idem
1238 599 1322 670 jus
1351 606 1600 670 congruat
1624 598 1804 667 etiam,
1842 602 1993 656 immo
2021 601 2190 672 requi-

334 695 476 740 ratur
502 705 532 740 a
558 685 682 751 fine,
719 704 866 756 quem
891 685 944 739 in
970 685 1281 739 instituendo
1320 685 1536 758 primatu
1577 684 1836 742 Christum
1871 689 1968 743 sibi
2003 708 2190 763 propo-

333 763 497 829 suisse
543 773 748 827 traditio
806 772 1103 840 declararit,
1152 773 1348 846 ipsique
1394 774 1675 830 adversarii
1720 793 1823 829 non
1867 777 2029 830 solum
2087 796 2189 830 non

332 871 551 934 negent,
605 862 693 915 sed
728 862 1002 916 traditione
1041 861 1206 916 edocti
1241 862 1517 916 fateantur.
1589 862 1732 917 Haec
1770 863 1824 917 in
1860 865 2187 937 sequentibus

333 951 587 1022 probanda
613 958 778 1004 erunt.
831 947 1178 1004 Exordiemur
1216 959 1383 1004 autem
1411 970 1438 1004 a
1466 952 1565 1006 fine
1591 951 1887 1006 instituendi
1922 953 2189 1026 primatuS,

329 1039 508 1111 quippe
538 1057 607 1092 ex
635 1057 694 1092 eo
724 1047 1009 1093 ceterorum
1036 1039 1168 1093 ratio
1197 1057 1255 1093 ac
1281 1039 1620 1111 intelligentia
1647 1041 1847 1112 pendet.

908 1289 1137 1363 CAP
1150 1291 1224 1364 U
1241 1291 1312 1365 T
1391 1291 1596 1364 VIII.

801 1463 1326 1508 PROPOSITIO
1371 1463 1714 1509 OCTAVA.

333 1595 409 1641 Ea:
452 1594 677 1642 Patr-um
721 1596 1003 1642 traditione
1046 1597 1226 1656 liquet,
1272 1595 1544 1654 Pontifieiz'
1575 1600 1841 1657 primatus
1888 1598 2193 1643 instituendi

331 1662 584 1703 rationem
625 1673 714 1702 seu
742 1656 899 1714 finem
937 1657 1100 1716 fluisse
1133 1661 1288 1702 totius
1319 1657 1583 1702 Ecclesiae
1613 1660 1893 1713 unitatem,
1937 1657 1996 1701 ob
2030 1673 2186 1716 quam

329 1719 735 1779 componendam
771 1724 821 1762 et
851 1718 1256 1770 conservandam
1295 1717 1432 1762 idem
1456 1721 1725 1778 primatus
1755 1716 1899 1763 utilis
1932 1733 1993 1762 ac·
2025 1733 2188 1763 neees-

780 1781 975 1832 sarius,
1019 1793 1051 1823 a
1090 1777 1287 1824 Christo
1321 1781 1585 1823 institutus
1614 1777 1733 1836 fuit.

476 1911 525 1965 l.
591 1913 881 1985 Antequam
941 1922 1177 1967 textuum
1238 1910 1665 1985 Evangelicorum
1715 1912 2189 1984 interpretationem

329 1999 599 2054 traditione
625 2002 938 2074 suffragante
963 2003 1246 2075 proferam,
1289 2019 1359 2054 ex
1386 2019 1483 2071 qua
1518 2000 1764 2073 primatus
1802 2001 2008 2073 propria
2032 2000 2110 2055 vis
2138 2010 2188 2053 et

319 2087 605 2159 jurisdictio
634 2090 863 2162 dignosci
890 2100 941 2143 et
968 2089 1211 2144 constitui
1238 2098 1422 2158 queat,
1462 2088 1621 2160 ipsius
1648 2088 1894 2160 primatus
1921 2107 1952 2141 a
1979 2086 2186 2142 Christo

325 2175 622 2230 instituendi
649 2178 780 2230 ratio
810 2196 868 2231 ac
894 2177 1008 2230 finis
1036 2177 1336 2250 aperiendus
1364 2185 1462 2242 est,
1492 2194 1638 2246 quem
1664 2185 1768 2228 tum
1797 2174 1985 2229 Patres
2011 2174 2189 2230 Eccle-

327 2265 433 2318 siae
459 2265 804 2337 prodiderunt,
830 2275 935 2318 tum
963 2265 1243 2322 adversarii
1272 2265 1369 2337 ipsi
1396 2284 1423 2318 e
1451 2259 1683 2318 doctrina
1709 2261 1809 2317 SS.
1829 2262 2043 2317 Patrum
2071 2284 2188 2336 pro-

326 2352 449 2407 fessi
476 2363 595 2406 sunt
622 2364 673 2409 et
699 2355 1019 2428 profitentur.
1071 2353 1149 2407 Ita
1175 2353 1307 2407 enim
1346 2351 1540 2406 facilior
1565 2351 1758 2424 patebit
1793 2352 1957 2406 aditus
1996 2362 2102 2405 tum
2129 2355 2189 2406 ad

326 2440 717 2511 dignoscendam
755 2442 1013 2515 propriam
1059 2441 1307 2514 primatus
1348 2439 1450 2494 vim
1486 2449 1538 2492 et
1574 2439 2007 2512 jurisdictionem,
2059 2459 2187 2511 quae

325 2547 449 2582 sane
476 2528 666 2582 rationi
704 2531 812 2602 ejus
849 2528 1147 2583 instituendi
1180 2546 1466 2600 congruens
1506 2537 1557 2582 et
1584 2537 1932 2582 consentanea
1959 2547 2073 2582 esse
2102 2530 2187 2582 de-

325 2617 463 2683 buit,
504 2627 611 2670 tum
645 2618 707 2670 ad
734 2618 1116 2672 discernendam
1155 2615 1413 2690 propriam
1439 2617 1754 2670 laudatorum
1780 2616 2185 2670 testimoniorlun

327 2705 794 2779 interpretationem
830 2716 979 2777 atque
1016 2705 1351 2772 sententiam,
1394 2724 1522 2776 quae
1548 2705 1610 2758 ad
1637 2706 1859 2759 eamdem
1898 2705 1999 2759 vim
2027 2724 2086 2759 ac
2103 2708 2187 2778 ju-

325 2793 666 2849 risdictionem
693 2794 940 2866 primatus
967 2794 1122 2848 solius
1150 2793 1299 2848 Petri
1327 2811 1384 2848 ac
1411 2812 1759 2848 successorum
1788 2796 1894 2866 ejus
1931 2793 2183 2866 propriam

326 2884 592 2936 referatur.

470 2972 520 3023 2.
578 2968 705 3025 Cum
734 2972 792 3025 de
822 2970 1022 3024 ratione
1058 2971 1307 3042 primatus
1346 2969 1634 3039 quaeritur,
1675 2987 1777 3020 non
1811 2968 1927 3020 illud
1955 2967 2183 3023 hocloco

327 3059 612 3128 quaeritur,
649 3078 735 3114 cur
762 3057 923 3113 Petro
949 3058 1117 3132 potius
1145 3078 1292 3129 quam
1320 3057 1404 3110 alii
1431 3075 1501 3110 ex
1527 3055 1797 3128 Apostolis
1823 3055 2072 3128 primatus
2101 3058 2186 3110 de-

326 3147 455 3199 latus
482 3147 650 3214 fuerit,
680 3148 767 3201 sed
785 3167 872 3201 cur
888 3148 997 3220 ipse
1023 3147 1272 3220 primatus
1290 3142 1544 3199 aChristo
1571 3144 1725 3197 fuerit
1750 3143 2032 3198 institutus.
2074 3143 2185 3197 Du-

323 3234 464 3305 plieis
491 3235 632 3306 hujus
660 3236 974 3306 quaestionis
997 3235 1267 3290 discrimen
1294 3233 1792 3287 animadvertendum
1829 3233 2056 3286 maxime
2083 3242 2180 3298 est,

325 3340 388 3376 ne
416 3323 526 3393 quis
554 3325 709 3389 forte,
739 3324 782 3377 si
810 3325 947 3395 legat
973 3325 1056 3380 vel
1082 3321 1140 3377 S.
1168 3321 1539 3393 Hieronynuun
1567 3320 1872 3375 scribentem
1908 3320 2179 3393 primatum

325 3411 482 3464 aetati
505 3412 720 3465 delatum
749 3411 923 3483 (Hier.
943 3413 1028 3466 lib.
1047 3413 1092 3467 l.
1114 3412 1168 3466 in
1181 3409 1354 3467 Jovin.
1377 3409 1540 3462 Hilar.
1559 3428 1602 3462 c.
1622 3410 1672 3464 7.
1695 3409 1748 3462 in
1759 3407 1949 3462 Matth.
1990 3406 2182 3481 ChryS.

325 3500 453 3552 hom.
472 3499 520 3553 9.
539 3501 598 3554 de
613 3499 803 3572 poenit.
829 3500 968 3572 Aug.
987 3520 1140 3555 serm.
1157 3499 1242 3556 76.
1261 3508 1313 3554 et
1327 3497 1502 3570 246),
1519 3498 1636 3569 quia
1647 3497 1835 3552 Petrus
1853 3496 2027 3550 senior
2043 3506 2181 3564 erat,
