2314 3984
731 207 1115 286 *239
1207 240 1376 248 -..-

151 389 356 454 possunt
386 396 597 451 peceare
632 377 839 431 tacendo
853 415 869 443 ,
917 395 1026 430 cum
1061 375 1194 447 loqui
1229 393 1288 429 ae
1324 373 1527 429 definire
1563 389 1771 427 necesse
1805 384 1956 427 esset.

151 466 280 520 Hinc
305 463 454 518 etiam
479 462 753 534 detegenda
772 473 850 516 est
870 464 969 517 alia
987 462 1224 517 Bossueti
1242 459 1605 531 aequivocatio,
1632 477 1741 512 cum
1765 458 1891 512 libro
1909 461 1958 512 1.

150 553 493 620 Defensionis
518 548 571 601 in
594 547 930 620 Appendieem
968 548 1271 603 novissimae
1296 546 1526 600 editionis
1550 547 1734 618 rejecto
1769 563 1877 618 cap.
1904 545 1955 599 3.

146 655 260 708 pag.
276 636 364 692 88.
393 653 629 689 suasurus
657 634 934 689 Romanam
958 635 1120 699 fidem,
1146 651 1274 704 quae
1298 651 1560 702 numquam
1585 633 1838 687 defectura
1863 642 1959 697 est,

146 740 246 774 non
285 740 397 775 esse
438 722 807 792 intelligendam
852 722 995 774 fidem
1042 721 1351 791 singulorum
1385 717 1683 772 Pontificum
1732 719 1957 792 scripsit:

147 809 332 878 Neque
357 828 481 860 vero
510 809 755 862 Romana
787 810 923 878 fides
959 811 1014 860 in
1048 809 1164 860 solo
1202 808 1383 875 aliquo
1413 806 1674 876 Pontifiee
1701 813 1804 868 est3
1831 809 1959 859 alio-

144 899 270 964 quin
308 899 599 947 intereunte
638 896 898 965 Pontifiee
938 895 1184 946 Romana
1217 894 1463 944 interiret
1487 894 1641 961 fides.
1694 892 1767 944 At
1803 897 1959 945 etiam

142 988 364 1033 vacante
413 983 534 1034 sede
578 984 740 1049 viget,
788 983 1089 1050 vigeretque
1115 982 1398 1047 profecto,
1449 981 1655 1031 etiamsi
1694 980 1958 1048 Pontifex

139 1068 426 1136 plusquam
459 1073 694 1118 mortuus
719 1085 1043 1136 quocumque
1082 1067 1292 1117 taudem
1316 1065 1473 1115 modo
1500 1084 1535 1115 a
1554 1066 1663 1133 fide
1689 1067 1956 1133 deficeret.

147 1148 272 1204 Cum
287 1150 568 1204 Romanam
592 1151 734 1203 fidem
759 1169 828 1204 ex
852 1149 1113 1222 promissis
1132 1146 1322 1203 Christi
1348 1167 1613 1218 numquam
1638 1149 1956 1214 defecturam,

145 1237 314 1290 codem
350 1236 597 1291 Bossueto
648 1238 880 1302 docente,
932 1236 1148 1288 diximus
1197 1254 1297 1287 non
1347 1234 1744 1306 distinguendam
1782 1253 1810 1286 a
1845 1235 1956 1299 fide,

146 1341 290 1391 quam
315 1323 491 1376 docent
503 1321 1031 1388 RomaniPontifices3
1061 1322 1323 1375 Romanae
1349 1321 1459 1374 fidei
1484 1321 1682 1374 nomine
1710 1321 1956 1392 accipien-

145 1409 232 1460 das
258 1408 472 1460 diximus
498 1428 597 1460 non
622 1409 857 1480 physicas
873 1449 886 1474 ,
913 1419 967 1460 ut
991 1409 1064 1460 ita
1089 1407 1245 1460 dicam
1261 1448 1274 1472 ,
1313 1407 1533 1478 ipsorum
1558 1424 1800 1478 personas
1816 1446 1830 1471 ,
1870 1408 1956 1460 sed

146 1494 254 1547 fidei
280 1495 588 1547 definitiones
614 1495 675 1546 ab
702 1494 822 1565 ipsis
850 1495 1006 1547 editas
1040 1494 1094 1546 in
1118 1494 1324 1547 unitatis
1350 1495 1531 1546 honum
1555 1495 1661 1564 jure
1686 1493 1954 1564 primatus;

147 1598 270 1648 quae
307 1598 413 1632 clun
447 1599 547 1632 non
581 1580 835 1634 intereant
867 1591 1028 1634 morte
1062 1579 1388 1645 Pontificum,
1436 1580 1511 1632 his
1561 1580 1858 1632 obeuntibus
1905 1591 1954 1633 et

147 1667 262 1718 sede
287 1676 495 1719 vacante
522 1685 621 1719 non
646 1667 808 1720 deficit
834 1667 1064 1720 Romana
1098 1667 1219 1719 fides
1252 1667 1305 1718 in
1329 1667 1452 1738 ipsis
1490 1665 1852 1719 definitionibus
1879 1667 1953 1718 vi-

143 1770 296 1821 genS,
336 1770 427 1805 nec
462 1752 713 1805 defectura
745 1771 1005 1822 umquam,
1041 1770 1343 1822 quocumque
1381 1752 1478 1803 alio
1504 1752 1755 1822 personali
1779 1771 1953 1805 errore

142 1837 395 1906 quisquam
422 1838 613 1891 illorum
634 1839 902 1903 laberetur,
930 1838 1185 1891 dummodo
1210 1836 1262 1889 in
1289 1836 1561 1890 definiendo
1588 1855 1731 1889 nemo
1759 1836 1952 1890 illorum

141 1922 347 1975 deficiat.

955 2069 1001 2134 ς.
1039 2067 1130 2122 vl.

142 2199 416 2240 Potissimum
449 2201 791 2242 adversariorum
822 2200 1024 2250 objectum
1070 2213 1120 2241 ρετ.
1159 2201 1449 2252 praesumptis
1481 2200 1770 2241 Romanorum
1802 2202 1953 2243 Ponti-

132 2256 267 2307 ficum
299 2260 511 2300 erroribus
541 2261 655 2301 circa
675 2260 810 2311 fidem
849 2262 1140 2312 expungitur,
1185 2273 1230 2300 eo
1262 2261 1374 2312 quod
1406 2273 1477 2305 ea,
1519 2272 1627 2311 quae
1665 2262 1952 2302 obtruduntur

134 2318 272 2368 sacta,
306 2330 392 2358 non
422 2321 510 2359 sint
541 2331 702 2360 errores
733 2319 1028 2370 definitionum
1049 2318 1171 2368 fidei.
1218 2319 1515 2359 Praemittitur
1546 2321 1791 2370 explicatio,
1823 2333 1951 2372 quae-

141 2389 241 2417 nam
271 2378 359 2418 sint
387 2380 564 2430 proprie
603 2380 741 2420 dictae
783 2379 1052 2430 definitiones
1078 2376 1209 2429 fidei,
1250 2391 1349 2427 seu,
1393 2382 1442 2418 ut
1473 2377 1616 2426 ajunt,
1662 2392 1712 2419 ex
1751 2381 1950 2421 cathedra

141 2437 300 2487 editae,
342 2439 495 2489 quibus
526 2451 576 2478 ex
613 2439 771 2480 Christi
801 2440 1023 2491 promissis
1055 2442 1094 2478 et
1127 2439 1302 2478 Patr-um
1343 2438 1575 2478 traditione
1615 2439 1878 2489 inerrantia,
1914 2445 1950 2480 et

718 2499 1010 2549 infallibilitas
1040 2498 1264 2539 tribuenda
1295 2501 1371 2537 est.

283 2611 369 2662 21.
408 2610 482 2663 At
518 2613 678 2677 enim,
726 2613 980 2683 inquiunt,
1025 2622 1212 2665 certum
1258 2622 1335 2665 est
1371 2612 1556 2681 aliquot
1590 2602 1862 2666 Pontifices
1899 2616 1949 2667 in

144 2695 366 2748 doctrina
389 2695 500 2748 fidei
524 2696 779 2750 defecisse.
827 2696 923 2750 Hic
948 2707 1229 2767 postremus
1256 2707 1332 2749 est
1357 2698 1756 2751 adversariorum
1782 2717 1950 2752 reces-

145 2798 254 2844 suS,
281 2790 428 2849 atque
455 2791 686 2834 conatus:
723 2793 772 2835 et
796 2782 1017 2834 maxima
1052 2782 1242 2850 quidem
1268 2800 1333 2834 ex
1360 2782 1535 2846 factiS,
1571 2801 1658 2834 seu
1694 2784 1949 2836 erroribus

145 2866 414 2936 hujusmodi
438 2866 680 2938 oppositio
707 2869 768 2920 ab
794 2867 915 2939 ipsis
941 2867 1236 2931 obtruditur,
1261 2866 1314 2918 in
1339 2885 1437 2936 qua
1459 2867 1676 2938 pluribus
1698 2868 1948 2922 destinen-

141 2961 240 3003 tur.
289 2950 372 3003 Ad
398 2951 524 3004 hanc
549 2970 669 3005 sane
694 2952 1020 3024 objectionem
1044 2963 1293 3022 tamquam
1318 2953 1553 3007 invictam
1581 2954 1801 3025 confugit
1825 2953 1947 3027 Epi-

142 3054 318 3107 scopus
338 3036 628 3103 MeldensiS,
655 3057 761 3092 cum
787 3057 960 3093 sacrae
986 3037 1293 3110 Scripturae,
1320 3038 1624 3109 Patrumque
1646 3040 1948 3095 testimoniis

145 3122 434 3188 adstrictus,
474 3124 651 3176 allatas
683 3124 1124 3197 interpretationes
1150 3144 1294 3190 suaS,
1331 3144 1419 3178 seu
1455 3125 1617 3196 potius
1651 3126 1831 3196 effugia
1856 3146 1947 3198 per

144 3226 199 3260 se
226 3226 280 3260 se
305 3208 463 3260 minus
501 3210 794 3264 sufficientia
830 3212 1229 3283 deprehendenS,
1264 3211 1463 3282 scripsit
1498 3211 1631 3264 iuter
1665 3222 1833 3265 cetera
1857 3213 1943 3264 lib.

145 3293 228 3346 10.
258 3293 321 3345 al.
351 3292 435 3346 15.
471 3295 813 3362 Defensionis
851 3300 1109 3351 declarat.
1148 3315 1254 3368 cap.
1283 3297 1334 3349 5.
1370 3297 1498 3366 quod
1530 3297 1575 3349 si
1601 3316 1684 3363 ea,
1719 3316 1844 3368 quae
1884 3300 1945 3351 ad

144 3378 459 3449 explicandas
484 3377 771 3450 Scripturae
807 3391 859 3435 et
882 3382 1093 3436 Patrum
1130 3382 1449 3436 auctoritates
1474 3381 1787 3437 Pontificiam
1812 3385 1945 3438 iner-

143 3463 354 3517 rantiam
394 3463 708 3518 adstruentes
743 3469 1005 3537 produxit,
1055 3479 1257 3523 nostrae
1292 3468 1569 3523 sententiae
1603 3471 1944 3524 defensoribus

204 3554 251 3590 P.
282 3554 433 3591 Baller.
467 3555 516 3592 de
545 3555 720 3594 Primam
751 3560 826 3594 etc.
1497 3555 1564 3609 19
