2320 3990
678 302 848 312 --.-.
940 269 1022 327 79
1111 298 1284 310 ..-..

223 442 311 496 46.
350 438 528 511 Neque
553 438 885 494 difficultatem
923 439 1137 493 afferant
1170 436 1367 508 quidam
1391 432 1578 489 Patres
1597 430 1896 504 Evangelici

79 538 252 583 textus
285 528 443 583 verba
475 546 636 601 super
674 527 813 580 hanc
830 534 1044 596 petram
1076 523 1388 596 explicantes
1423 521 1482 575 de
1517 517 1723 574 Christo
1759 518 1895 592 prin-

0 671 7 678 ,
80 615 224 688 cipali
247 624 389 686 petra
413 623 462 668 ct
486 611 804 667 fundamento
828 610 1114 675 Ecclesiae,
1141 610 1202 662 de
1226 627 1322 679 quo
1348 605 1538 661 Paulus
1563 607 1634 660 ait
1660 606 1741 679 (l.
1767 603 1892 660 Cor.

79 701 131 755 3.
171 719 223 755 v.
254 699 404 772 11.)=
456 701 873 754 Fundamentum
907 701 1045 751 enim
1083 698 1234 749 aliud
1279 712 1431 747 nemo
1471 701 1654 762 potest
1686 711 1896 763 ponere

76 796 296 858 praeter
324 790 407 849 id,
442 790 587 856 quod
601 791 834 857 positum
860 792 964 846 est,
1003 785 1151 853 quod
1181 789 1260 835 est
1290 782 1531 835 Christus
1555 780 1729 834 Jews.
1781 776 1895 832 Etsi

84 873 260 944 negari
283 890 384 925 non
410 883 603 944 potest,
637 873 756 944 quin
778 869 1013 925 Can-istus
1050 869 1115 921 sit
1139 885 1262 923 vera
1288 878 1340 921 et
1362 864 1650 940 principalis
1675 874 1822 938 petra
1848 874 1898 918 et

84 960 447 1013 fundamentum
472 957 760 1023 Ecclesiam
788 975 895 1010 cum
922 965 1089 1009 tamen
1113 953 1451 1026 Evangelicus
1477 963 1678 1018 textus,
1714 950 1774 1006 de
1799 969 1895 1022 quo

84 1064 214 1099 nunc
246 1047 467 1117 agimus,
511 1059 759 1116 expresse
794 1043 1025 1113 loquatur
1059 1042 1117 1096 de
1155 1041 1344 1107 Petro,
1395 1058 1604 1110 eumque
1650 1040 1716 1092 ob
1752 1039 1896 1092 fidem

82 1130 302 1195 Christi,
341 1148 485 1200 quam
519 1130 775 1201 professus
812 1139 889 1182 est
914 1139 966 1183 et
990 1128 1322 1201 praedicavit,
1347 1135 1543 1197 petrae
1568 1144 1692 1180 voce
1716 1125 1895 1178 ibidem

83 1217 394 1288 designatum
426 1215 630 1269 traditio
657 1214 867 1269 Patrum
906 1215 1142 1282 affirmet,
1182 1215 1234 1267 in
1271 1213 1468 1267 dubium
1503 1214 1676 1269 vocari
1707 1211 1896 1282 nequit,

83 1303 198 1374 quin
225 1312 274 1356 et
297 1302 430 1374 ipse,
469 1303 552 1373 qui
577 1320 646 1356 ex
663 1306 966 1373 principali
990 1303 1073 1355 illa
1091 1310 1258 1372 petra
1284 1305 1698 1354 communionem
1726 1307 1776 1351 et
1798 1303 1897 1351 vir-

83 1395 205 1443 tutis
231 1393 439 1458 accepit
461 1398 514 1442 et
532 1395 758 1443 nominis
786 1389 980 1460 (verbis
1006 1399 1121 1440 utor
1149 1387 1337 1458 antiqui
1362 1386 1636 1458 Scriptoris
1662 1387 1898 1438 librorum

86 1474 230 1546 (Lib.
258 1475 308 1526 2.
346 1493 388 1527 c.
417 1474 535 1545 28.)
571 1477 656 1528 De
692 1480 965 1528 vocatione
1002 1478 1229 1527 omnium
1251 1472 1543 1544 acutium),
1580 1473 1641 1525 ob
1679 1472 1900 1526 eamdem

86 1563 226 1615 {idem
254 1561 553 1614 constitutus
591 1562 740 1614 fuerit
758 1570 950 1631 petra,
987 1579 1138 1633 supra
1172 1578 1316 1630 quam
1342 1558 1571 1613 Ecclesia
1610 1567 1900 1612 constructa

85 1658 178 1700 est.
234 1645 361 1700 Cum
386 1664 535 1717 porro
563 1648 880 1717 exploratum
908 1648 998 1712 sit,
1035 1645 1292 1701 Christum
1319 1665 1432 1699 esse
1457 1656 1676 1718 petram,
1716 1656 1767 1699 et
1791 1648 1900 1698 fun-

85 1733 365 1786 damentum
397 1729 656 1784 Ecclesiae
692 1751 781 1803 per
817 1751 927 1786 eam
964 1733 1131 1798 fidem,
1168 1752 1311 1803 quam
1346 1732 1398 1783 in
1433 1732 1822 1785 aedificationem
1851 1741 1902 1784 et

85 1819 450 1871 fundamentum
474 1815 732 1872 Ecclesiae
769 1819 875 1891 ipse
910 1819 1143 1886 tradidit3
1185 1836 1253 1872 ex
1288 1818 1389 1870 alia
1422 1827 1587 1871 autem
1613 1828 1755 1890 parte
1783 1836 1900 1871 con-

79 1914 184 1959 stet
200 1945 213 1970 ,
250 1915 363 1978 post
389 1902 581 1958 Christi
606 1916 812 1959 mortem
841 1915 892 1959 et
919 1906 1261 1959 ascensionem
1288 1904 1659 1978 praedicatione
1685 1905 1899 1958 traditae

86 2012 114 2045 a
140 1991 345 2046 Christo
371 1991 482 2044 fidei
509 1992 813 2046 aedificatam
838 1993 991 2046 fuisse
1016 1992 1311 2058 Ecclesiam,
1339 2011 1484 2062 quam
1511 1993 1636 2044 idem
1666 1989 1899 2046 Christus

87 2080 281 2131 laudato
307 2077 613 2148 Evangelico
639 2089 786 2132 textu
812 2080 1110 2151 promiserat
1136 2080 1485 2132 aedificandam
1512 2097 1660 2150 super
1673 2077 1900 2145 Petrum,

88 2183 176 2217 seu
201 2183 350 2235 super
377 2161 567 2216 Christi
604 2163 744 2216 fidem
770 2165 1148 2235 praedicandam
1177 2185 1205 2217 a
1232 2164 1388 2218 Petro
1429 2165 1585 2235 (unde
1613 2163 1901 2235 Cyprianus

89 2249 287 2322 scripsit
313 2249 419 2321 (ep.
447 2248 596 2318 69.):
639 2251 832 2304 Petrus
860 2271 1018 2320 super
1056 2270 1208 2320 quem
1234 2253 1569 2321 aedificanda
1590 2255 1777 2319 fuerat
1804 2253 1902 2304 Ec·

85 2336 307 2404 clesia)‚·
346 2354 446 2388 non
472 2336 618 2388 aliter
644 2333 908 2398 ChristuS‚
947 2355 1035 2389 seu
1060 2337 1180 2390 fides
1208 2334 1401 2390 Christi
1428 2338 1520 2388 fuit
1545 2346 1689 2408 petra
1715 2347 1765 2390 et
1791 2337 1901 2389 fun-

86 2424 366 2475 damentum
391 2419 675 2486 Ecclesiae,
710 2422 808 2475 nisi
835 2433 1077 2493 quatenus
1103 2422 1262 2476 Petro
1298 2423 1614 2495 praedicante
1640 2421 1900 2478 Ecclesiae

88 2508 414 2562 aedificandae
449 2509 819 2561 fundamentum
852 2510 1019 2580 posita
1055 2511 1162 2562 fuit.
1210 2509 1286 2562 Ita
1320 2509 1442 2562 haec
1467 2509 1813 2580 interpretatio
1843 2511 1901 2563 de

84 2589 290 2647 Christo
316 2594 576 2666 principali
612 2605 755 2666 petra
779 2595 906 2648 redit
933 2596 993 2648 ad
1018 2595 1254 2661 Petrum,
1293 2606 1537 2666 quatenus
1566 2592 1758 2649 Christi
1783 2596 1902 2649 fides

88 2681 370 2749 praedicata
395 2700 424 2733 a
449 2679 606 2734 Petro
638 2681 733 2732 fuit
758 2681 840 2733 illa
877 2692 1044 2754 petra,
1082 2702 1233 2756 supra
1270 2702 1416 2754 quam
1442 2681 1672 2736 Ecclesia
1697 2679 1902 2735 Christo

90 2766 377 2819 instituente
402 2764 659 2819 aedificata
684 2776 789 2830 est,
816 2786 1057 2837 quamque
1084 2789 1194 2822 cum
1219 2768 1407 2821 Petrus
1434 2769 1485 2820 in
1511 2768 1901 2820 aedificationem

90 2848 345 2904 Ecclesiae
372 2851 703 2922 praedicavit,
737 2869 839 2903 non
865 2852 994 2903 aliud
1030 2854 1398 2906 fundamentum
1433 2853 1596 2922 posuit
1622 2864 1820 2924 praeter
1845 2854 1903 2905 il-

90 2937 193 3002 lud,
242 2938 370 3006 quod
406 2955 437 2989 a
475 2933 678 2989 Christo
715 2937 955 3008 positum,
1005 2948 1114 2990 erat
1151 2938 1256 3010 ipse
1295 2935 1530 2992 Clu-istus
1581 2940 1901 2992 annuntiatus

88 3022 455 3094 praedicatione
479 3022 607 3076 fidei.
660 3022 851 3077 Verum
890 3022 1080 3094 quidem
1108 3035 1185 3078 est
1219 3026 1271 3078 in
1308 3024 1700 3078 aedificationem
1726 3024 1902 3080 Eccle—

89 3109 193 3161 siae
217 3108 587 3180 praedicatione
614 3109 723 3163 fidei
749 3111 1007 3165 lahorasse
1045 3112 1194 3165 etiam
1221 3112 1344 3164 alios
1370 3110 1670 3182 ApostoloS,
1709 3129 1779 3165 ex
1806 3131 1901 3182 quo

89 3193 183 3264 ipsi
207 3194 356 3246 etiam
380 3195 751 3249 fundamentum
773 3195 1033 3251 Ecclesiae
1070 3209 1187 3251 sunt
1212 3201 1365 3270 juxta
1390 3198 1474 3250 illa
1489 3237 1502 3262 ,
1547 3199 1901 3268 Super-aedifi-

88 3283 196 3331 cati
225 3298 386 3349 super
435 3285 839 3349 fundamentum
875 3283 1323 3355 Apostolorum*)
1375 3281 1591 3355 (Ephes.
1617 3282 1730 3354 2),
1775 3282 1901 3337 idest

148 3441 191 3491 ⁶)
221 3442 395 3482 Additur
435 3444 475 3483 in
518 3447 634 3484 textu
674 3445 790 3485 Pauli
830 3449 870 3487 et
911 3446 1241 3498 Prophetarum,
1284 3447 1350 3498 qui
1384 3446 1552 3487 scilieet
1590 3445 1711 3486 fidem
1744 3445 1899 3486 Christi

94 3501 253 3540 venturi
282 3504 650 3553 praenuntiarunt:
694 3507 799 3545 unde
839 3510 923 3545 tum
954 3507 996 3546 in
1029 3507 1260 3557 Apostolis,
1307 3511 1390 3546 tum
1430 3507 1470 3546 in
1505 3504 1725 3557 Prophetis
1757 3506 1898 3546 eadem

91 3556 242 3596 t‘hristi
275 3559 376 3599 tides
405 3559 469 3602 est
499 3563 801 3603 fundamentum
833 3562 1061 3604 Ecclesiae.
