2314 3984
325 358 434 411 Car
461 359 511 411 le
538 360 684 411 desir
715 357 790 409 v'cle
822 358 1025 411 &meon
1052 358 1583 435 aetueuemikfitout
1618 366 1667 417 le
1695 382 1856 434 corps
1893 373 1973 420 est
1997 385 2166 419 essen-

317 447 414 499 tiel
430 453 484 498 et
499 445 929 513 indispensable,‘
943 448 1175 501 deserte
1189 451 1358 519 qu’unv
1367 451 1805 522 fidelegflquelque
1830 456 2169 528 injustement

317 534 686 586 excommunie'
711 535 844 602 qu'il
876 542 967 588 eut
989 537 1101 597 e'te,
1139 538 1480 590 deviendroit
1514 540 1891 612 schismatique
1930 543 2025 595 des
2053 545 2168 595 lors

315 622 449 691 qu'il
481 639 548 672 ne
579 622 900 690 prendrait,
939 630 993 676 et
1027 643 1096 677 ne
1131 625 1538 679 rechercheroit
1569 646 1671 696 pas
1708 636 1878 682 toutes
1907 632 1982 682 les
2009 649 2167 701 voyes

307 709 579 779 possibles
621 716 674 761 et
689 715 882 782 justes.
910 713 978 764 de
1011 731 1068 765 se
1104 717 1291 766 reunir
1329 733 1477 767 avecr
1498 716 1737 785 l'Eylise.
1787 715 1924 770 I‘dest
1949 715 2169 771 Latine:

315 798 664 850 Desiderium
699 802 914 852 unionis
951 804 1182 854 actualis
1222 821 1340 854 cum
1374 810 1487 856 toto
1527 822 1762 874 corpore
1799 807 2081 856 essentiale
2119 812 2171 857 et

313 889 677 940 necessarium
703 894 808 948 est,
847 891 986 941 adeo
1013 897 1073 943 ut
1106 891 1517 960 ChristificleliS‚
1555 895 1888 962 quantumvis
1933 899 2070 944 esset
2093 895 2169 943 in-

297 980 452 1048 J‘uste
490 980 1011 1040 excommunicatus,
1049 980 1417 1032 schismaticus
1451 984 1611 1051 fieret
1648 1000 1719 1033 cx
1748 1000 1836 1042 eo,
1877 982 2024 1050 quod
2059 999 2167 1032 non

315 1065 614 1126 adhiberet,
639 1084 740 1117 nec
766 1075 1055 1135 quaereret
1080 1071 1259 1121 omnia
1285 1071 1462 1121 media
1477 1069 1764 1138 possibilia
1787 1088 1852 1121 ac
1854 1074 2031 1141 justa,
2060 1071 2170 1138 qui-

315 1154 410 1206 bus
437 1157 492 1205 in
519 1156 776 1206 unitatem
804 1155 1085 1208 Ecclesiae
1112 1159 1335 1209 rediret.
1390 1155 1490 1210 Vel
1514 1156 1759 1209 unitatem
1787 1166 1837 1210 et
1865 1156 2170 1208 communio-

315 1260 429 1295 nem
457 1241 849 1311 quibuscumque
875 1243 1028 1295 rebus
1052 1244 1281 1312 quaerit,
1322 1263 1414 1297 nee
1442 1244 1673 1298 obtinere
1710 1253 1905 1316 potest,
1952 1263 2012 1297 eo
2040 1244 2169 1314 quod

314 1328 512 1398 aliquod
536 1328 944 1400 impedimentum
970 1330 1212 1383 obsistat:
1242 1341 1292 1384 et
1311 1341 1429 1384 tunc
1449 1331 1631 1383 iterum
1652 1342 1730 1384 est
1749 1331 2168 1402 distinguendum.

320 1415 415 1470 Vel
441 1416 576 1470 enim
600 1416 1023 1488 impedimentum,
1053 1418 1182 1487 quod
1206 1417 1563 1490 interponitur,
1592 1437 1656 1471 ne
1685 1419 1746 1471 ad
1773 1418 2170 1471 communionem

316 1514 366 1558 et
390 1505 665 1570 unitatem,
693 1523 839 1575 quam
869 1506 1091 1578 expetit,
1120 1506 1425 1579 recipiatur,
1465 1507 1527 1560 oh
1557 1507 1749 1579 culpam
1778 1508 1884 1579 ejus
1911 1525 2011 1559 non
2039 1507 2171 1560 tolli-

315 1605 424 1662 tur,
466 1604 516 1648 et
553 1604 673 1646 tunc
711 1612 813 1647 non
853 1604 1160 1661 excusatur,
1198 1595 1543 1665 voluntatique
1583 1605 1635 1649 et
1674 1595 2017 1649 contumaciae
2045 1596 2170 1667 ejus,

314 1702 412 1753 qua
438 1682 847 1755 impedimentum
874 1683 1053 1736 tollere
1082 1683 1282 1749 abnuit,
1310 1683 1575 1738 tribuenda
1601 1684 1698 1738 erit
1725 1684 2004 1757 separatiO,
2047 1704 2172 1756 quae

314 1772 499 1825 idcirco
536 1770 823 1824 schismatis
864 1771 1102 1824 malitiam
1139 1773 1381 1826 involvet.
1438 1771 1600 1826 Secus
1637 1784 1804 1827 autem
1843 1773 2103 1826 dicendum
2130 1774 2173 1826 si

315 1860 631 1932 interjectum
670 1859 1076 1932 impedimentum
1114 1861 1273 1933 ipsius
1315 1862 1458 1933 eulpa
1497 1871 1698 1927 careat,
1751 1880 1845 1915 nec
1886 1863 1990 1933 ejus
2032 1863 2172 1934 culpa

315 1949 430 2014 fiat,
471 1967 569 2018 quo
609 1947 774 2000 minus
812 1949 1035 2001 tollatur.
1092 1948 1420 2004 Praeclarum
1455 1949 1546 2003 hac
1585 1950 1636 2002 in
1664 1969 1722 2003 re
1747 1950 1865 2002 illud
1890 1950 2170 2021 Augustini

314 2036 367 2088 in
407 2035 535 2088 libro
572 2037 660 2088 Dc
701 2056 830 2089 vera
867 2040 1131 2107 reliyione
1170 2057 1221 2090 n.
1255 2039 1340 2090 ll.
1424 2040 1601 2109 Saepe
1641 2043 1800 2092 etiam
1837 2042 1966 2091 sinit
1991 2042 2173 2092 divina

307 2128 660 2194 providentia
691 2146 797 2194 per
825 2128 1116 2179 nonnullas
1142 2131 1361 2180 nimium
1389 2130 1724 2182 turbulentas
1753 2130 2056 2181 carnalium
2083 2129 2172 2180 Ιιο-

312 2217 511 2266 minum
538 2215 827 2267 seditiones
869 2217 1078 2285 expelli
1116 2219 1183 2269 dc
1221 2221 1642 2288 conyreyatione
1678 2218 1988 2270 Christiana
2015 2221 2174 2271 ctiam

314 2304 481 2356 bonos
510 2306 679 2356 viros,
738 2305 910 2363 Quam
947 2309 1322 2359 contumeliam
1361 2306 1450 2358 vel
1472 2309 1726 2379 injuriam
1761 2326 1911 2358 suam
1937 2326 2054 2358 cum
2076 2326 2172 2376 pa·

315 2396 624 2446 tientissime
643 2413 754 2461 pro
782 2394 1064 2446 Ecclesiae
1085 2415 1227 2464 pace
1254 2396 1506 2456 tulerint,
1545 2415 1716 2466 neque
1741 2395 1884 2447 ullas
1911 2398 2172 2448 novitates

313 2484 399 2534 vel
425 2483 729 2534 schismatis
766 2483 853 2533 vel
879 2483 1121 2534 haeresis
1148 2484 1323 2534 moliti
1341 2486 1582 2550 fuerint3
1623 2485 1890 2536 docebunt
1915 2485 2171 2544 homines,

316 2589 476 2640 quam
515 2588 642 2621 vero
680 2573 906 2639 affectu,
946 2577 999 2621 et
1032 2577 1235 2639 quanta
1274 2573 1583 2623 sinceritate
1623 2574 1871 2623 caritatis
1898 2572 2020 2623 Deo
2060 2592 2172 2624 ser-

314 2660 561 2710 viendum
587 2660 671 2709 sit.
737 2656 947 2709 Talium
975 2677 1104 2727 erqo
1131 2662 1371 2710 virorum
1389 2662 1737 2728 propositum
1764 2666 1864 2720 est,
1903 2667 1998 2711 aut
2022 2663 2171 2712 seda-

314 2750 381 2799 tis
408 2764 651 2798 remeare
678 2747 1008 2799 turbinibus:
1039 2754 1134 2799 aut
1159 2749 1207 2798 si
1224 2748 1285 2798 id
1301 2766 1410 2798 non
1437 2750 1702 2808 sinantur,
1729 2748 1815 2799 vel
1839 2749 2025 2799 eadem
2049 2756 2172 2800 tem-

309 2842 521 2905 pestate
540 2842 946 2904 perseverante,
972 2837 1060 2887 vel
1081 2855 1147 2887 ne
1175 2855 1270 2888 suo
1297 2837 1478 2888 reditu
1503 2838 1647 2898 talis,
1675 2842 1770 2889 aut
1794 2839 2005 2888 saevior
2033 2841 2172 2889 oria-

312 2930 427 2984 tur,
453 2931 639 2976 tenent
661 2926 987 2977 voluntatem
1013 2925 1332 2976 consulendi
1350 2927 1509 2976 etiam
1537 2928 1611 2977 eis
1638 2927 1788 2994 ipsis,
1816 2944 2041 2993 quorum
2067 2944 2170 2975 mo-

314 3013 452 3066 tibus
464 3013 1074 3083 perturbationibusque
1095 3020 1385 3073 cesserunt,
1411 3015 1526 3064 sine
1546 3014 1662 3065 ulla
1682 3014 2172 3065 conventiculorum

314 3105 689 3173 seyreyatione
715 3122 884 3173 usque
922 3103 997 3154 ad
1020 3108 1244 3153 mortem
1269 3102 1651 3169 defendentes,
1692 3107 1744 3152 et
1766 3104 2067 3153 testimonio
2079 3107 2172 3173 ju-

315 3199 498 3244 vantes
551 3211 667 3244 eam
714 3194 878 3262 fidem
929 3209 1089 3260 quam
1138 3192 1194 3241 in
1234 3189 1484 3242 Ecclesia
1533 3189 1806 3241 catholica
1848 3190 2175 3259 praedicari

314 3283 503 3332 sciunt.
559 3281 678 3333 Hos
705 3286 937 3332 coronat
960 3283 1015 3331 in
1044 3280 1255 3331 occulto
1287 3277 1475 3338 Pater,
1501 3280 1556 3329 in
1584 3279 1796 3330 occulto
1823 3279 2021 3330 videns.
2064 3278 2171 3330 Ra-

315 3386 435 3419 rum
462 3368 564 3420 lzoc
592 3370 804 3420 videtur
826 3387 996 3439 yenus
1010 3387 1027 3429 ,·
1055 3369 1153 3420 sed
1170 3374 1346 3420 tamen
1367 3367 1619 3435 exempla
1638 3385 1745 3418 non
1766 3368 1984 3427 desunt3
2012 3369 2169 3417 immo

311 3457 480 3526 plura
508 3463 631 3508 sunt
656 3476 816 3526 quam
841 3458 997 3510 credi
1014 3462 1212 3527 potest.
1251 3453 1388 3509 susti
1406 3473 1530 3525 ergo
1554 3464 1603 3507 et
1625 3453 1787 3508 saneti
1807 3471 1921 3508 esse
1941 3464 2170 3525 possunt,

1954 3589 1967 3615 l
