2314 3984
733 267 1115 332 ——177
1209 303 1380 317 —-—-·

147 446 349 501 scirent.
399 443 599 497 Privati
621 442 861 514 siquidem
885 442 1156 514 scriptores
1179 456 1282 494 non
1306 441 1549 494 minorem
1572 439 1727 494 animi
1749 440 1960 513 disposi-

143 532 328 584 tionem
363 547 543 601 gerere
578 538 630 583 et
666 529 908 583 exhibere
945 529 1125 582 debent
1159 527 1212 580 in
1241 525 1352 580 ‘suis
1384 525 1591 599 scriptis
1640 526 1959 599 subjiciendis

148 615 406 670 Romanae
429 615 561 668 sedis
580 616 783 687 judicio,
811 633 957 686 quam
980 611 1808 686 praetulerimteonciliaAfficana,
1835 633 1961 685 quae

146 719 207 755 ea
229 710 396 754 mente
419 701 478 753 ad
503 699 911 755 Innocentiumrl.
943 698 1246 752 remiserunt
1278 715 1420 751 snam
1450 698 1511 750 de
1535 696 1814 770 pelagiano
1840 701 1962 772 dog-

146 796 277 840 mate
301 787 627 852 sententiam,
652 798 707 839 ut
731 787 775 840 si
801 784 1296 858 Apostolico'judicio
1322 785 1624 838 conformem
1649 785 1959 857 detegerent,

146 891 214 925 ex
238 873 330 925 bac
355 873 681 926 consonantia
719 871 1007 927 catholicam
1042 870 1317 923 doctrinam
1355 881 1719 940 cognoscerent
1752 871 1805 925 in
1839 890 1956 925 sua:

146 977 289 1012 secus
317 968 496 1024 autem,
524 960 582 1012 ad
603 958 943 1032 Apostolicam
968 973 1192 1009 normam
1218 974 1274 1009 se
1300 973 1355 1008 se
1381 966 1699 1022 revocarent,
1726 959 1960 1011 emenda-

147 1055 370 1115 remque,
397 1046 440 1098 si
466 1046 579 1115 quid
601 1052 736 1098 esset
760 1042 1029 1106 dissonum,
1054 1050 1110 1094 ut
1130 1059 1184 1094 se
1204 1043 1445 1095 facturum
1466 1042 1518 1094 in
1545 1060 1634 1094 suo
1660 1043 1771 1095 fidei
1798 1044 1959 1098 libello

145 1140 451 1202 protestatus
474 1140 552 1184 est
564 1128 819 1199 Pelagius,
846 1129 958 1181 dum
978 1127 1270 1182 catholicum
1291 1146 1491 1180 sensum
1514 1138 1563 1180 et
1583 1128 1798 1180 animum
1811 1148 1959 1200 prae-

142 1216 280 1268 tulit:
307 1217 378 1268 uti
402 1226 453 1269 et
478 1214 671 1285 Pelagii
695 1215 812 1268 item
840 1215 1034 1280 verhiS,
1072 1215 1158 1267 sed
1193 1214 1455 1267 sinceriori
1493 1223 1544 1266 et
1580 1215 1720 1266 firmo
1748 1215 1957 1268 consilio

141 1310 417 1373 protestata
435 1310 513 1354 est
525 1301 844 1355 Universitas
856 1299 1163 1354 parisiensis
1179 1298 1389 1371 Collegii
1401 1299 1672 1353 Navarrici
1688 1311 1959 1373 perorante

143 1386 300 1440 Petro
326 1388 383 1440 de
408 1387 585 1441 Aliaco
612 1405 779 1440 coram
806 1384 1062 1440 Clemente
1076 1385 1210 1450 Vll„
1238 1385 1319 1454 qui
1355 1404 1383 1436 a
1410 1384 1683 1437 Gallicanis
1709 1387 1957 1456 legitimus

145 1471 387 1525 Pontifex
411 1473 682 1525 habebatur
708 1470 804 1542 (T.
820 1472 871 1523 4.
895 1471 1029 1523 Hist.
1058 1469 1357 1540 Univers.):
1388 1472 1541 1523 Haec
1567 1479 1659 1532 est,
1683 1471 1956 1542 inquiebat,

139 1561 302 1626 fides,
329 1558 648 1610 Beati-ssime
677 1559 873 1618 Pater,
911 1577 1068 1626 quam
1102 1560 1156 1608 in
1200 1559 1467 1609 catholica
1504 1558 1748 1610 Ecclesia
1774 1561 1957 1612 didici-

144 1662 284 1704 ·mus3
310 1647 364 1694 in
390 1662 495 1711 qua
520 1648 568 1695 si
589 1648 756 1696 miuus
774 1647 952 1712 perite
974 1663 1038 1695 ac
1055 1663 1253 1712 param
1278 1651 1430 1696 caute
1451 1647 1600 1711 forte
1628 1646 1837 1713 aliquid
1858 1665 1957 1713 po-

142 1731 295 1779 situm
321 1735 423 1787 est,
449 1727 872 1779 EMENDARI
881 1732 1111 1796 petimus
1138 1749 1170 1780 a
1196 1736 1275 1788 te,
1301 1733 1394 1798 qui
1419 1730 1576 1781 Petri
1601 1731 1764 1798 fidem
1797 1738 1849 1782 et
1885 1750 1958 1783 se·

141 1816 256 1865 dem
281 1820 451 1865 tenes.-
480 1818 604 1882 quae
630 1832 699 1866 ex
725 1813 1034 1884 professione
1070 1811 1268 1883 Pelagii
1312 1822 1508 1884 sumpta
1533 1823 1664 1866 sunt.
1718 1813 1956 1867 Notanda

142 1898 290 1950 etiam
315 1898 472 1964 ratio,
501 1917 626 1969 quae
652 1899 819 1951 statim
847 1899 1136 1970 subjicitur:
1182 1899 1305 1951 Non
1333 1903 1637 1968 iynoramus
1666 1905 1825 1963 enim,
1864 1906 1961 1954 sed

136 1988 430 2053 firmissime
456 1993 712 2046 tenemus,
739 1993 790 2037 et
811 1988 1114 2038 nallatenus
1141 1987 1465 2046 dubitamus,
1493 1989 1640 2056 quod
1665 1996 1851 2040 sancta
1879 2009 1952 2040 se-

142 2072 234 2122 des
262 2069 571 2139 Apostolica
599 2079 676 2123 est
699 2073 796 2123 illa
822 2072 1080 2122 cathedra
1109 2072 1286 2131 Petri,
1330 2091 1497 2140 supra
1533 2093 1689 2141 qnam
1722 2077 1957 2141 fundata

144 2156 385 2207 Ecclesia
414 2195 425 2206 .
455 2197 465 2207 .
496 2196 508 2207 .
539 2158 622 2207 De
649 2175 754 2224 qua
779 2158 901 2207 sede
927 2160 979 2206 in
1001 2175 1238 2223 persona
1272 2157 1427 2207 Petri
1440 2157 1687 2225 Apostoli
1711 2163 1764 2211 in
1794 2179 1857 2211 ea
1883 2179 1956 2211 se-

144 2242 312 2291 dentis
338 2243 533 2292 dictum
560 2249 660 2294 est:
689 2239 844 2293 Petre
870 2241 1046 2311 rogavi
1071 2259 1160 2311 pro
1187 2250 1256 2305 te,
1282 2251 1336 2292 ut
1361 2260 1462 2293 non
1488 2242 1678 2294 deficiat
1705 2243 1824 2296 fides
1850 2253 1954 2296 tua.

147 2326 300 2377 Haec
325 2333 403 2378 est
437 2330 630 2394 iyitu-r,
669 2329 744 2378 ad
778 2346 933 2395 quam
969 2329 1338 2380 determinatio
1371 2331 1530 2397 fidei,
1557 2337 1608 2380 et
1633 2331 1955 2397 approbatio

141 2414 375 2463 veritatis
390 2412 702 2472 catholicae,
723 2419 780 2464 ‘et
793 2413 1096 2465 haereticae
1123 2417 1406 2482 impietatis
1434 2416 1713 2467 detestatio
1727 2420 1958 2467 mamime

136 2500 381 2561 pertinet.
432 2495 550 2548 Non
577 2497 734 2548 solum
758 2497 1037 2568 praemissa
1073 2497 1204 2550 ratio
1221 2539 1235 2563 ,
1272 2499 1358 2551 sed
1396 2509 1445 2551 et
1470 2501 1623 2551 multo
1651 2500 1811 2570 magis
1838 2520 1958 2553 con-

144 2580 295 2632 clusio
322 2582 671 2650 obsequentem
713 2590 764 2634 et
789 2583 1182 2637 consentientem
1210 2584 1422 2635 animum
1442 2624 1454 2648 ,
1491 2603 1549 2637 ac
1586 2586 1792 2638 unitatis
1818 2587 1959 2658 Apo-

143 2664 330 2717 stolicis
355 2665 464 2718 fidei
479 2667 690 2719 decretis
710 2668 1040 2737 praestandae
1065 2668 1279 2721 debitum
1308 2670 1432 2722 satis
1461 2680 1633 2741 aperte
1657 2671 1954 2742 significant.

968 2839 1014 2904 g.
1043 2837 1137 2888 xl.

151 2937 405 2979 Tea-limonia
439 2940 483 2978 S.
522 2939 668 2989 cyrilli
703 2938 906 2991 Episcopi
953 2940 1262 2986 Alexandrini,
1309 2942 1462 2992 synodi
1494 2942 1738 2994 Ephesinae
1768 2957 1956 2986 oecume-

211 2998 346 3046 nicae,
389 2999 617 3038 Caelestini
648 2998 683 3040 Ι.
717 2999 919 3039 Auctoris
955 3001 1253 3050 Capitulorum
1285 3001 1336 3041 de
1370 3002 1535 3051 Gratia,
1568 3006 1607 3043 et
1640 3002 1767 3055 Xysti
1801 3005 1881 3045 III.

284 3081 369 3134 58.
420 3080 476 3134 S.
507 3079 726 3154 Cyrillus
751 3081 1025 3154 Episcopus
1037 3083 1430 3149 AlexandrinuS,
1459 3087 1555 3138 etsi
1578 3085 1956 3142 NestoriiCon-

143 3166 569 3236 stantinopolitani
594 3185 817 3221 errorem
844 3187 901 3222 ac
926 3170 1249 3239 pertinaciam
1278 3172 1589 3241 exploratam
1602 3172 1838 3239 haberet3
1866 3193 1956 3226 no-

144 3250 231 3302 luit
256 3259 420 3303 tamen
447 3269 501 3304 se
526 3272 580 3306 se
605 3255 667 3306 ab
693 3256 797 3325 ejus
824 3255 1166 3308 communione
1195 3273 1455 3326 separare,
1486 3267 1750 3327 antequam
1778 3258 1954 3313 Caele-

144 3335 260 3387 stini
287 3334 502 3388 Romani
530 3335 786 3392 pontificis
811 3340 1110 3394 sententiam
1138 3335 1346 3394 audiret.
1389 3343 1644 3411 Diyneris
1671 3348 1850 3414 iyitur,
1875 3346 1952 3398 in-

141 3419 245 3487 quit
279 3421 331 3473 in
357 3422 564 3492 epistola
602 3423 662 3474 ad
697 3426 914 3478 eumdem
941 3424 1232 3479 Pontificem
1268 3425 1458 3497 (Epist.
1485 3428 1536 3481 8.
1566 3430 1689 3500 apud
1717 3429 1779 3482 P.
1823 3430 1956 3485 Cou-

142 3513 291 3556 stant.
319 3523 369 3557 n.
398 3507 509 3576 7.)‚
544 3509 692 3559 nobis
725 3511 1038 3572 declarare,
1090 3515 1220 3581 quid
1257 3513 1352 3564 tibi
1387 3515 1657 3576 videatur,
1695 3524 1747 3567 et
1776 3525 1952 3569 utrum

198 3609 243 3644 P.
261 3609 408 3645 Baller.
427 3611 475 3646 de
492 3612 665 3647 Primam
685 3616 759 3648 ete.
1543 3614 1609 3664 12
