2314 3984
371 359 545 414 eadem
582 368 750 412 mente
778 367 839 410 et
869 357 1591 433 pasuasimffltfflnfinum
1608 375 1718 419 cum
1742 365 1939 420 ceteris
1960 365 2238 421 ¹Africanis·

370 445 636 520 Ep'iscopis
661 442 1030 518 de=Pelagiano
1056 446 1294 518 dogmate
1319 449 1650 506 reutlisn‘aad.
1665 452 2016 507 Innocentium
2029 453 2071 506 If.
2087 455 2238 524 >quod

370 544 511 588 certo
537 533 804 587 crederent
831 533 1167 605 dogmaticum
1192 535 1333 607 hujus
1353 540 1747 610 responsum-ex
1766 541 2074 596 auctoritate
2084 540 2239 614 Apo--

372 621 548 675 stolica
573 638 752 675 omnes
780 622 1059 676 catholicos
1085 641 1287 694 cogere,
1317 625 1720 679 manifestumffit
1744 646 1815 685 ex
1841 629 1940 683 illis
1968 629 2228 702 ipsiusmet

372 708 649 781 Augustini
685 708 891 775 verbis,
923 709 1103 779 quihus
1138 721 1255 783 post
1293 723 1550 785 acceptum
1588 714 1922 786 dogmaticum
1946 716 2229 772 Innocentii

373 815 670 870 responsum
697 796 749 848 in
775 796 974 868 publica
999 798 1245 854 concione
1271 801 1451 854 edixit.
1483 798 1681 872 (Serm.
1716 803 1836 857 131.
1864 823 1915 857 n.
1949 805 2067 877 10.)
2096 807 2228 858 Inde

372 889 642 955 rescripta
667 893 957 947 venerunt,
992 905 1159 940 causa
1178 891 1338 957 finita
1367 897 1472 952 σείς
1511 895 1718 944 utinam
1755 894 2052 962 aliquando
2072 896 2228 962 finia-

372 982 459 1028 tur
487 975 680 1026 error!
701 991 831 1043 quae
858 973 1018 1027 verba
1045 974 1106 1026 ab
1133 975 1621 1032 universaEcclesia
1647 979 1717 1032 ita
1746 980 1951 1033 fuerunt
1977 990 2229 1052 suscepta,

371 1062 504 1114 utin
543 1062 817 1115 solemnem
858 1062 1123 1130 quamdam
1161 1063 1315 1117 veluti
1353 1066 1617 1120 formulam
1655 1067 1924 1121 identidem
1962 1067 2231 1139 repetitam

370 1150 687 1205 transierint.
742 1148 1015 1222 Rescripta
1042 1149 1325 1204 Innocentii
1363 1173 1530 1207 causa
1561 1159 1721 1224 finita
1761 1155 1855 1208 dici
1883 1173 1983 1207 non
2010 1165 2229 1227 poterat,

370 1239 469 1291 nisi
494 1239 702 1292 omnino
729 1246 963 1308 cogeret,
993 1248 1043 1291 et
1069 1238 1337 1310 obligaret.
1392 1237 1540 1308 Quod
1575 1242 1893 1314 apertissime
1930 1243 2230 1295 confirmant

369 1326 521 1379 etiam
548 1326 635 1378 illa
661 1325 882 1395 ejusdem
908 1323 1153 1377 Doctoris
1180 1326 1266 1378 lib.
1283 1330 1334 1379 2.
1365 1337 1544 1381 contra
1571 1330 1694 1382 duas
1720 1329 1962 1401 epistolas
1990 1328 2231 1401 Pelagia-

372 1431 549 1465 uorum
577 1429 619 1464 c.
649 1410 702 1464 3.
744 1411 922 1482 quihus
949 1412 1124 1464 eodem
1165 1413 1414 1485 rescripto
1453 1423 1620 1468 totam
1647 1417 2034 1468 dubitationem
2059 1417 2232 1469 subla-

371 1510 478 1554 tam
515 1508 732 1553 testatus
771 1509 880 1565 est3
934 1509 985 1553 et
1024 1499 1096 1552 ita
1136 1501 1385 1555 sublatam
1426 1502 1663 1567 credidit,
1700 1512 1755 1554 ut
1795 1521 1942 1572 quam
1981 1504 2231 1557 haeresim

371 1590 560 1642 duobus
575 1588 785 1641 Africae
813 1587 1042 1641 conciliis
1070 1589 1359 1642 damnatam
1389 1600 1507 1643 ante
1534 1590 1695 1662 ipsum
1723 1590 2024 1662 rescriptum
2039 1590 2095 1661 *)
2123 1611 2230 1643 non

372 1681 644 1731 evidenter
685 1678 962 1730 exclusam
1009 1680 1075 1729 dc
1112 1678 1360 1731 Ecclesia
1408 1679 1671 1731 confessus
1716 1680 1908 1742 fuerat,
1960 1688 2232 1751 propterea

371 1766 502 1835 quod
528 1765 615 1817 illa
643 1763 854 1816 concilia
881 1783 1080 1817 omnem
1106 1762 1390 1817 Ecclesiam
1417 1783 1518 1817 non
1547 1775 1823 1836 cogerent3
1865 1767 2088 1819 eamdem
2116 1777 2232 1839 post

371 1852 625 1906 laudatum
653 1851 980 1924 rescriptum,
1009 1853 1138 1922 quod
1164 1852 1504 1907 universalem
1533 1854 1744 1924 cogebat
1770 1851 2084 1921 Ecclesiam,
2124 1855 2234 1907 ubi-

373 1960 468 2012 que
496 1950 822 2013 amputatam,
851 1950 901 1993 et
927 1940 1213 1994 haereticos
1240 1940 1422 2011 ubique
1449 1941 1667 2006 habitos,
1696 1941 1779 2011 qui
1801 1941 1960 1995 eidem
1983 1943 2231 2015 rescripto

373 2049 473 2084 non
502 2029 900 2100 acquiescerent,
927 2029 979 2082 in
1006 2028 1372 2101 posterioribus
1394 2029 1533 2081 libris
1553 2029 1742 2101 passim
1763 2028 2056 2082 tradiderit:
2085 2040 2231 2083 tauta

375 2119 632 2189 cogendae
659 2117 870 2170 unitatis
898 2117 976 2171 vis
1004 2117 1051 2170 ei
1080 2116 1375 2170 auctoritati
1402 2117 1569 2169 delata
1594 2117 1704 2169 fuit.

519 2206 607 2258 52.
649 2203 771 2257 Non
821 2224 900 2259 me
952 2206 1114 2259 latent
1161 2204 1571 2258 adversariorum
1621 2203 1967 2259 cavillationes
1985 2244 1998 2270 ‚
2052 2205 2232 2275 quibus

374 2293 687 2366 perspicuum
724 2303 776 2347 et
814 2291 1175 2366 peremtorium
1199 2292 1481 2365 Augustini
1517 2291 1860 2347 testimonium
1886 2312 2053 2346 causa
2075 2297 2232 2364 finita

373 2391 452 2435 est
485 2391 799 2452 extorquere
835 2392 886 2436 et
924 2382 1126 2436 eludere
1159 2382 1448 2447 studenteS‚
1488 2380 1828 2445 contendunt⁷
1867 2382 1928 2432 ad
1965 2380 2231 2434 finiendam

375 2487 578 2521 causam
613 2480 733 2523 tunc
760 2469 1108 2541 Apostolicum
1137 2470 1379 2540 judicium
1417 2487 1567 2539 posse
1607 2469 1868 2533 sufficere,
1917 2487 2026 2520 cum
2065 2469 2234 2540 agitur

375 2556 435 2609 de
462 2575 638 2609 errore
665 2575 756 2628 per
782 2574 838 2609 se
864 2556 1132 2610 manifesto
1149 2597 1164 2622 ‚
1192 2555 1275 2626 qui
1301 2573 1487 2627 paucos
1515 2565 1760 2627 patronos
1787 2555 1971 2607 habeat
1988 2594 2001 2618 ,
2031 2565 2118 2607 aut
2146 2575 2232 2608 cu-

367 2645 451 2713 jus
489 2643 802 2697 damnationi
826 2643 1092 2699 Ecclesiae
1130 2644 1387 2716 dispersae
1433 2661 1711 2697 consensus
1750 2641 2044 2696 accesserit.
2123 2641 2234 2696 Eae

377 2739 544 2783 autem
573 2730 922 2786 cavillationes
950 2733 994 2786 si
1021 2733 1136 2803 quid
1162 2733 1424 2797 valerent,
1464 2731 1577 2802 quis
1611 2749 1713 2784 non
1740 2730 1939 2795 videat,
1980 2731 2116 2783 nullo
2143 2749 2235 2782 un-

375 2836 522 2887 quam
552 2836 671 2870 casu
698 2819 949 2892 rescripta
976 2819 1242 2873 Romanae
1270 2820 1403 2873 sedis
1430 2819 1532 2873 vim
1562 2819 1824 2879 habitura,
1859 2837 1969 2872 cum
1998 2819 2236 2891 explora-

376 2915 478 2957 tum
506 2904 602 2970 sit,
638 2925 788 2976 quam
816 2906 963 2961 facile
990 2918 1313 2962 contumaces
1342 2926 1400 2961 ac
1427 2907 1716 2961 resi-actarii
1755 2906 1878 2959 haec
1913 2916 1964 2959 et
1990 2907 2068 2959 his
2095 2907 2234 2958 simi-

376 2993 444 3045 lia
470 2992 655 3064 effugia
695 2995 851 3049 affere
877 3005 1095 3066 queant,
1135 3014 1280 3065 quam
1318 2994 1517 3048 difficile
1558 2994 1625 3046 sit
1659 2991 1892 3057 definire,
1931 3010 2050 3044 num
2089 3012 2235 3046 error

377 3080 444 3133 sit
469 3081 796 3149 manifestus,
832 3102 898 3136 an
935 3084 1207 3146 obscuruS,
1245 3099 1363 3132 num
1400 3079 1548 3152 pauci
1575 3088 1626 3132 et
1653 3078 1875 3149 exiguae
1914 3079 2234 3133 auctoritatis

379 3168 507 3234 sint,
546 3169 631 3238 qui
656 3189 748 3242 pro
774 3171 860 3224 illo
889 3171 1154 3236 dimicant,
1190 3178 1243 3223 et
1270 3178 1509 3238 quantum
1548 3167 1641 3220 hoc
1669 3184 1866 3237 quoque
1907 3176 2134 3238 tempore
2161 3167 2235 3219 di-

378 3266 607 3326 sputetur
646 3257 782 3311 circa
817 3255 1081 3312 Ecclesiae
1116 3273 1442 3320 consensian
1481 3265 1532 3308 et
1574 3254 1709 3308 circa
1747 3253 2060 3307 conditiones
2093 3254 2146 3306 in
2173 3273 2234 3307 eo

498 3417 537 3470 *)
570 3421 764 3472 Epistola
797 3423 898 3465 178.
932 3425 974 3463 in
1007 3436 1088 3475 qua
1118 3423 1312 3478 leguntur
1354 3420 1459 3460 haec
1493 3421 1642 3466 verba,
1689 3431 1774 3460 non
1808 3418 2028 3459 evidenter
2059 3421 2232 3459 exclusa

379 3478 430 3520 de
466 3476 685 3528 Ecclesia,
728 3482 806 3522 fuit
847 3485 1003 3534 scripta
1035 3487 1129 3535 post
1173 3481 1252 3521 duo
1288 3480 1479 3520 Africana
1524 3479 1725 3534 muenia,
1775 3483 1817 3517 et.
1848 3481 1949 3518 ante
1983 3479 2232 3530 rescriptum

377 3541 626 3581 Innocentii.
1183 3549 1187 3553 ’
1990 3551 1994 3556 ·
