2314 3984
737 247 1118 309 --.-251
1212 281 1386 292 -—-

151 419 812 496 impncrogativn=oogendi
838 419 899 472 ad
922 418 1034 471 fidei
1060 416 1300 471 unitatem
1323 416 1533 490 propria
1549 413 1797 489 primatus
1815 431 1847 468 a
1861 414 1968 469 no-

151 517 301 562 mano
324 504 571 560 Pontifice
594 505 991 577 distinguendam
1017 503 1354 558 contendunt?
1701 529 1721 535 ··
1771 529 1773 533 f
1804 532 1805 535 =
1831 522 1839 529 ·

205 614 209 621 ·
263 591 354 646 26.
381 591 662 645 Bossuetus
688 592 879 662 quidem
906 589 1190 645 accuratius
1207 606 1318 641 ¹rem
1341 587 1716 660 introspiciens,
1743 588 1965 643 maxime

151 687 509 750 repugnantem
535 678 662 732 hanc
687 677 1053 731 distinctionem
1079 673 1321 747 pervidit,
1348 691 1408 727 ac
1437 674 1646 746 proinde
1670 674 1755 728 lib.
1787 675 1871 742 10,
1900 676 1967 728 at.

152 766 236 816 15.
262 762 586 817 Defensionis
611 765 847 818 declarat.
877 761 1016 819 Cleri
1038 759 1282 813 Gallicani
1309 778 1416 832 cap.
1441 762 1491 812 5.
1518 760 1732 815 recitato
1758 757 1815 813 S.
1830 759 1968 814 Leo-

149 850 227 902 nis
251 859 399 903 textu
415 889 429 915 ‚
465 850 543 902 cui
577 868 639 904 ea
663 849 916 903 distinctio
940 847 1075 900 inter
1108 846 1275 898 sedem
1310 855 1363 898 et
1387 844 1766 901 Praesidentem
1792 836 1967 920 perpe-

149 954 256 988 ram
282 944 622 1007 superstructa
638 936 764 1001 fuit,
792 935 977 1004 Neque
993 940 1292 1003 propterea
1318 933 1568 993 dicimus,
1594 932 1770 1004 inquit,
1796 939 1968 1004 ipsam

150 1027 327 1076 sedem
351 1025 561 1093 aliquid
581 1038 836 1075 exercere
852 1037 1016 1088 posse
1026 1021 1330 1088 potestatis,
1347 1025 1443 1070 aut
1447 1022 1850 1089 jurisdictionis
1873 1024 1969 1074 ali·

149 1117 232 1162 ter
255 1127 412 1179 quam
429 1125 534 1178 per
558 1110 732 1175 ipsum
759 1106 1188 1158 Praesidentem=
1217 1103 1392 1173 quihus
1418 1103 1549 1157 sedis
1567 1106 1966 1176 jurisdictionem

148 1212 206 1247 ac
229 1202 528 1265 potestatem
555 1209 585 1244 a
601 1190 948 1264 jurisdictione
974 1208 1033 1244 ac
1051 1199 1301 1262 potestate
1320 1190 1474 1262 ipsius
1494 1188 1857 1257 PraesidentiS‚
1885 1193 1968 1262 qui

149 1279 282 1332 solus
321 1297 430 1333 eam
467 1287 632 1350 potest
667 1294 939 1342 exercere,
976 1276 1102 1328 haud
1139 1275 1535 1347 distinguendam
1561 1277 1804 1330 concedit.
1836 1276 1967 1329 Tum

148 1383 270 1418 vero
310 1365 369 1418 de
406 1363 722 1418 distinctione
747 1362 1007 1416 Ecclesiae
1034 1361 1294 1415 Romanae
1331 1362 1383 1413 in
1420 1363 1646 1414 doctrina
1671 1363 1782 1415 fidei
1809 1381 1839 1416 a
1865 1362 1966 1416 Ro-

150 1469 295 1503 mano
334 1449 580 1502 Pontifice
617 1449 778 1500 addit:
829 1450 1015 1518 Neque
1052 1467 1179 1500 vero
1223 1450 1590 1516 distinguimus
1629 1468 1663 1500 a
1703 1449 1967 1501 Romano-

151 1556 268 1589 rum
297 1537 618 1605 Pontificum
638 1537 747 1606 fide
777 1535 1057 1587 Romanae
1083 1536 1360 1588 Ecclesiae
1380 1536 1559 1604 fidem,
1585 1553 1742 1604 quam
1767 1538 1972 1588 scilicet

149 1641 254 1675 non
281 1624 439 1674 aliter
465 1641 624 1691 quam
649 1641 682 1673 a
709 1623 875 1674 Petro
897 1625 1074 1690 pri-mo
1101 1628 1259 1691 atque
1277 1621 1434 1673 Petri
1456 1623 1845 1674 successoribus
1862 1622 1967 1674 Ro-

148 1711 293 1760 mani
315 1710 615 1759 didicerint.
646 1704 745 1772 Qui
772 1725 894 1777 ergo
922 1707 1185 1760 Romanae
1208 1705 1471 1759 Ecclesiae
1497 1707 1639 1760 fidem
1666 1726 1768 1760 non
1793 1708 1969 1760 distin-

148 1792 256 1864 guit
281 1794 342 1844 ab
369 1810 456 1857 ea,
495 1811 639 1862 quam
666 1792 884 1846 Romani
910 1791 1184 1844 Pontifices
1219 1793 1451 1857 tradunt,
1491 1792 1534 1843 si
1560 1811 1666 1845 cum
1694 1795 1855 1865 prima
1879 1813 1968 1848 ne-

149 1877 419 1932 cessariam
444 1879 630 1931 fatetur
654 1879 924 1943 unitatem,
950 1877 1023 1930 uti
1048 1879 1234 1930 fatetur
1257 1877 1569 1945 Bossuetus3
1598 1897 1706 1932 clun
1732 1880 1825 1934 fide
1851 1900 1967 1951 quo-

150 1982 243 2034 que
269 1983 299 2016 a
326 1963 529 2016 summis
555 1963 880 2018 Pontificibus
917 1964 1104 2016 tradita
1140 1965 1476 2017 necessariam
1515 1983 1706 2036 negare
1730 1985 1832 2019 non
1858 1978 1970 2039 pot-

150 2060 245 2102 est.
295 2048 379 2102 Ne
401 2067 524 2102 vero
550 2050 643 2102 hac
667 2050 862 2103 ratione
895 2048 1221 2109 sententiam,
1261 2070 1404 2120 quam
1438 2063 1754 2123 propugnant
1792 2055 1968 2107 adver-

154 2135 304 2196 sarii,
353 2152 559 2206 prorsus
605 2145 801 2188 evertat
817 2174 830 2199 ,
874 2134 987 2187 vide
1026 2135 1267 2203 quomodo
1304 2154 1359 2188 se
1398 2138 1651 2190 subducat.
1712 2138 1967 2192 Unitatem

152 2240 260 2273 cum
298 2220 524 2274 doctrina
561 2219 672 2272 fidei
707 2219 1048 2272 Romanorum
1084 2219 1380 2273 Pontificum
1419 2222 1730 2277 obedientiae
1768 2226 1967 2279 nomine

150 2307 496 2378 praestandam
522 2323 623 2358 non
648 2313 818 2376 negat.
845 2305 919 2356 At
945 2323 1053 2357 eam
1080 2306 1386 2371 cautionem,
1414 2325 1503 2359 seu
1529 2310 1858 2364 conditionem
1885 2313 1968 2364 ad-

150 2392 410 2444 hibendam
439 2391 508 2443 ait
535 2390 678 2462 (Lib.
699 2390 966 2443 LDel'ens.
995 2390 1116 2442 decl.
1145 2409 1188 2443 c.
1212 2391 1260 2442 1.
1288 2391 1340 2444 in
1354 2392 1581 2464 Append.
1611 2414 1773 2449 novae
1800 2399 1966 2469 edit),

150 2497 419 2548 quousque
437 2485 627 2546 pateat
650 2479 784 2545 quid
817 2477 1072 2536 concilia,
1108 2479 1240 2545 qnid
1271 2497 1529 2541 canones,
1565 2485 1696 2550 quid
1731 2487 1836 2551 ipsi
1862 2486 1968 2537 Ro·

148 2568 291 2617 mani
318 2566 623 2633 Pontifices,
651 2565 782 2632 quid
805 2565 1031 2631 deniqne
1063 2564 1365 2631 Scriptura,
1393 2573 1445 2617 et
1469 2567 1785 2635 Scripturae
1813 2573 1969 2622 inter·

143 2669 273 2718 pres
299 2652 519 2701 traditio
538 2657 757 2716 poscat.-
786 2649 913 2716 quod
939 2648 1014 2700 his
1041 2648 1152 2700 aliis
1178 2650 1348 2702 verbis
1375 2649 1520 2721 (Lib.
1537 2654 1622 2704 10.
1640 2654 1704 2704 al.
1726 2656 1809 2706 15.
1826 2657 1967 2726 ml.)

152 2734 268 2786 alibi
293 2734 571 2804 expressit:
617 2735 834 2793 Quoties
874 2753 1204 2787 successores
1245 2737 1402 2788 Petri
1438 2757 1760 2792 communem
1788 2743 1968 2794 Eccle-

151 2823 348 2871 siarwn
370 2822 530 2889 fidem
555 2837 625 2870 ex
661 2822 923 2870 communi
958 2822 1252 2871 traditione
1279 2840 1389 2888 pro
1429 2827 1612 2891 officio
1642 2837 1967 2892 promerent.

151 2904 289 2957 Haec
315 2903 530 2956 conditio
558 2903 784 2974 apposita
810 2904 871 2955 ab
896 2902 1004 2975 ipso
1030 2903 1123 2956 fuit
1149 2922 1216 2957 ex
1237 2906 1538 2976 praejudicio
1563 2909 1889 2978 fallihilitatis,
1916 2923 1971 2965 ut

150 3000 361 3054 vocant,
389 2989 729 3042 Romanorum
754 2987 1051 3043 Pontificum
1076 2989 1128 3042 in
1155 2991 1366 3043 decretis
1393 2992 1532 3045 fidei:
1571 2996 1700 3063 quod
1723 2999 1970 3068 praejudi-

152 3076 277 3128 cium
317 3094 431 3127 num
467 3076 734 3128 concordet
771 3093 879 3128 cum
915 3076 1171 3148 principiis
1204 3077 1444 3130 hactenus
1495 3079 1778 3134 constitutis
1820 3093 1969 3153 atque

154 3162 404 3214 concessis
420 3201 433 3226 ,
459 3171 510 3215 et
535 3180 649 3214 num
674 3161 839 3232 aliquo
867 3172 1004 3216 certo
1032 3181 1204 3216 errore
1229 3163 1565 3217 definitionum
1591 3163 1963 3222 Pontificiarum

154 3246 205 3297 in
231 3246 433 3316 negotio
456 3247 567 3299 fidei
590 3247 806 3314 nitatur,
832 3249 1188 3302 discutiendum
1214 3250 1310 3302 erit
1335 3250 1495 3321 capite
1521 3252 1765 3321 sequenti.
1816 3253 1967 3309 Nunc

153 3342 204 3383 ut
230 3332 515 3385 insistamus
551 3332 602 3383 in
637 3333 685 3385 vi
723 3336 947 3388 coactiva
983 3334 1191 3387 unitatis
1227 3335 1337 3387 fidei
1370 3337 1569 3407 propria
1608 3338 1873 3410 primatus,
1909 3343 1967 3394 de

155 3437 250 3487 qua
288 3417 336 3470 in
382 3418 774 3489 praesentiarum
799 3422 993 3492 agitur,
1031 3422 1074 3473 si
1100 3441 1159 3474 ea
1197 3420 1412 3475 conditio
1450 3425 1677 3494 apposita
1702 3427 1878 3480 fuisset
1906 3430 1966 3480 ab

155 3522 242 3566 eo,
283 3504 363 3573 qui
402 3514 623 3557 centrum
662 3505 864 3558 unitatis
903 3508 1174 3562 catholicae
1202 3508 1260 3560 ad
1289 3507 1630 3565 continendam
1659 3513 1964 3583 potissimum
