2314 3984
907 186 1572 246 ——efiss—

310 355 610 425 praesertim
637 353 934 425 Scripturae
960 355 1487 426 sacrae-testimonia,
1524 370 1676 432 atque
1702 359 1907 414 traditio
1935 358 2165 414 Patrum.

309 439 585 496 Enimvero
624 458 795 495 nonne
832 459 903 496 ex
938 440 1236 514 praemissis
1270 441 1531 517 principiis
1541 466 1724 519 ,quae
1761 447 1858 521 ipsi
1885 448 2167 503 adversarii

308 537 699 595 concesseruut,
737 527 1040 584 Pontificius
1066 530 1314 603 primatus
1338 530 1588 587 uniendae
1610 532 1876 590 Ecclesiae
1901 536 2163 590 institutus

308 634 339 667 a
367 612 608 682 Christo,
649 635 714 670 ne
739 616 909 671 inanis
936 618 1061 672 haec
1085 618 1337 672 institutio
1366 620 1598 687 cederet,
1634 621 1739 678 vim
1762 623 1924 677 eidem
1961 623 2050 676 fini
2074 625 2165 676 ob-

307 702 512 756 tinendo
539 713 908 776 congruentem
946 715 998 759 ct
1023 706 1277 762 efficacem
1302 706 1399 780 ipsi
1425 707 1630 780 primati
1668 709 1728 762 ab
1755 711 1930 764 eodem
1957 709 2165 765 Christo

307 790 546 844 traditam
571 791 758 863 exigit,
787 811 887 864 qua
912 794 974 847 ad
998 795 1245 850 unitatem
1274 814 1459 868 cogere
1485 795 1648 868 possit
1673 798 1965 852 universam
1989 797 2169 852 Eccle-

286 878 471 936 .siam?
523 877 582 932 Si
610 890 778 934 autem
803 881 858 934 in
884 882 1256 938 definitionibus
1282 884 1423 946 fidei,
1459 902 1590 954 quae
1629 883 1691 938 ad
1724 883 1882 957 ipsius
1917 884 2030 938 fidei
2054 885 2168 938 uni-

306 975 463 1020 tatem
491 967 868 1023 custodiendam
896 989 926 1023 a
946 970 1197 1026 Romanis
1217 971 1553 1026 Pontificibus
1581 972 1813 1038 eduntur,
1839 971 1919 1027 vis
1945 970 2168 1045 ipsarum

306 1055 536 1110 coactiva
560 1057 805 1128 penderet
832 1059 893 1112 ab
921 1057 1187 1115 Ecclesiae
1213 1078 1493 1126 consensu,
1520 1060 1594 1112 ita
1618 1070 1673 1113 ut
1700 1069 1819 1113 ante
1846 1060 2167 1132 exploratum

306 1142 656 1214 detectumque
696 1147 939 1218 ejusmodi
966 1167 1298 1215 consensum,
1334 1148 1453 1202 illae
1491 1166 1594 1201 non
1631 1157 1876 1220 cogerent
1913 1147 1974 1201 ad
1999 1147 2168 1200 unita-

306 1239 435 1297 tem,
465 1233 638 1303 agnito
668 1243 836 1288 autem
864 1253 1118 1290 consensu
1143 1246 1416 1309 cogerent,
1443 1236 1524 1292 vis
1551 1246 1603 1290 et
1619 1238 1706 1308 jus
1732 1235 1946 1307 cogendi
1971 1235 2033 1288 ad
2057 1235 2168 1288 uni-

307 1326 462 1371 tatem
489 1337 592 1374 non
619 1331 758 1373 esset
782 1324 1146 1394 praerogativa
1171 1324 1454 1396 personalis
1480 1333 1532 1378 et
1556 1323 1765 1395 propria
1784 1322 2052 1394 primatus3
2079 1324 2167 1376 sed

303 1404 470 1476 potius
497 1403 765 1461 Ecclesiae
782 1448 795 1474 ,
825 1411 963 1481 cujus
991 1429 1272 1465 consensus
1301 1429 1413 1465 33111
1440 1410 1653 1483 cogendi
1677 1409 1779 1465 vini
1805 1409 2022 1462 laudatis
2049 1409 2169 1463 defi-

304 1493 579 1548 nitionibus
605 1494 872 1551 tribueret.
908 1497 1056 1553 Adde
1082 1499 1174 1554 hac
1199 1499 1254 1553 in
1281 1499 1537 1554 sententia
1562 1497 1836 1553 remedium
1857 1516 2169 1552 conservan-

303 1580 397 1634 dae
424 1581 632 1636 unitatis
648 1625 662 1651 ,
692 1585 823 1655 quod
851 1605 881 1639 a
908 1584 1119 1642 Christo
1147 1588 1468 1642 commissum
1495 1587 1587 1641 fuit
1611 1587 1711 1661 ipsi
1737 1585 1964 1660 primati,
1991 1587 2167 1641 inutile

302 1668 592 1740 plerumque
617 1674 838 1726 futurum
857 1715 871 1741 ,
912 1695 1022 1729 cum
1062 1678 1125 1730 ad
1151 1677 1555 1749 cognoscendum
1592 1675 1836 1747 ejusmodi
1864 1693 2166 1729 consenstmi

304 1774 405 1809 non
433 1759 594 1812 solum
622 1762 911 1832 requiratur
942 1765 1142 1835 aliquod
1168 1783 1272 1818 uon
1298 1766 1454 1820 breve
1482 1774 1708 1835 tempuS,
1745 1772 1796 1816 et
1822 1782 1925 1816 non
1953 1763 2165 1835 exigua,

301 1863 396 1899 nec
422 1845 587 1900 facilis
612 1848 796 1922 indago
813 1892 827 1918 ,
866 1871 1043 1907 verum
1070 1852 1223 1907 etiam
1250 1854 1311 1907 ob
1339 1853 1553 1925 injectas
1585 1851 1877 1924 plerumque
1904 1851 2167 1905 difficulta-

303 1941 380 1986 tes
408 1934 589 2002 abiis,
631 1938 715 2007 qui
754 1939 1034 1993 definitioni
1071 1941 1436 2006 adversentur,
1474 1958 1567 1994 nec
1603 1957 1706 1993 non
1745 1939 1808 1991 ob
1850 1939 2165 1993 conditiones

302 2022 524 2093 ejusdem
552 2042 859 2094 consensus,
898 2029 958 2082 de
986 2028 1165 2099 quibus
1194 2027 1475 2083 adversarii
1510 2027 1725 2081 invicem
1753 2025 2038 2098 disputant,
2077 2027 2165 2079 du-

300 2108 454 2162 bitari
478 2112 627 2166 facile
652 2114 833 2185 possit,
862 2133 980 2168 num
1007 2116 1263 2170 sufficiens
1291 2134 1573 2171 consensus
1599 2115 1756 2168 totius
1783 2114 1924 2167 orbis
1950 2113 2165 2187 Episco-

300 2217 476 2269 porum
503 2211 709 2272 praesto
738 2202 835 2256 sit:
876 2213 927 2257 et
965 2204 1039 2258 ita
1066 2205 1171 2258 lata
1197 2214 1398 2278 pateret
1424 2207 1531 2259 fere
1558 2201 1872 2257 refractariis
1899 2201 1985 2256 via
2010 2202 2165 2274 impe-

299 2285 509 2341 diendae
537 2290 644 2361 ejus
670 2290 912 2357 unitatis,
943 2292 1023 2346 cui
1050 2290 1289 2347 Christus
1315 2291 1608 2366 prospicere
1635 2290 1810 2346 voluit.
1852 2286 2059 2343 Falsum
2088 2301 2166 2344 est

299 2374 468 2446 itaque
504 2396 615 2431 eam
652 2379 755 2434 vim
794 2381 1007 2453 cogendi
1047 2381 1109 2434 ad
1143 2381 1420 2447 unitatem,
1460 2399 1609 2452 quam
1637 2376 1874 2433 Christus
1902 2377 2063 2432 Petro
2105 2396 2164 2432 ac

301 2467 680 2520 successorihus
720 2469 825 2538 ejus
853 2467 1085 2522 attribuit
1112 2468 1313 2521 ratione
1340 2468 1617 2539 primatuS,
1646 2465 1921 2519 conditioni
1949 2483 2164 2518 consen-

299 2569 385 2604 sus
411 2550 678 2607 Ecclesiae
704 2553 861 2607 fuisse
889 2555 1166 2626 alligatam.

445 2638 534 2693 31.
575 2638 679 2694 Sed
706 2661 854 2711 quam
890 2642 1015 2696 haec
1050 2641 1270 2695 conditio
1308 2642 1570 2695 contraria
1605 2659 1801 2712 quoque
1840 2639 1907 2692 sit
1934 2639 2163 2694 testimo-

298 2725 396 2780 niis
425 2746 604 2783 sacrae
630 2727 928 2802 Scripturae
954 2747 1013 2783 ac
1040 2729 1329 2783 traditionis
1356 2729 1571 2784 Patrum
1589 2769 1604 2795 ,
1640 2746 1770 2799 quae
1787 2728 1895 2798 jam
1923 2727 2163 2799 exposui-

298 2833 408 2868 mus
424 2856 438 2881 ,
465 2817 613 2871 facile
639 2817 923 2890 intelligere
950 2818 1084 2872 licet.
1139 2815 1271 2872 Cum
1298 2817 1523 2871 Romani
1547 2815 1828 2870 Pontifices
1866 2815 1919 2867 iu
1959 2826 2162 2870 contro-

298 2902 484 2958 versiis
521 2905 636 2958 fidei
673 2906 985 2978 dogmaticas
1026 2905 1343 2960 definitiones
1370 2905 1722 2979 promulgant,
1757 2903 1934 2974 quibus
1962 2921 2032 2956 ex
2057 2904 2163 2975 pri-

297 3002 463 3046 matus
490 2992 813 3047 institutione
853 3011 912 3046 ac
938 2993 1103 3046 officio
1131 2994 1316 3046 unitati
1352 2994 1466 3047 fidei
1502 2993 1556 3046 in
1594 3001 1703 3044 tota
1727 2987 1962 3042 Ecclesia
1989 2999 2159 3043 custo-

298 3080 507 3134 diendae
532 3081 847 3153 prospiciant
873 3079 1024 3153 (Vid.
1055 3098 1098 3134 c.
1132 3080 1218 3134 13.
1248 3080 1296 3149 ἕ.
1329 3079 1476 3149 14.);
1516 3079 1631 3132 11133
1658 3075 1717 3130 S.
1747 3075 1965 3142 Petrus,
1995 3077 2079 3147 qui
2105 3077 2158 3130 in

296 3169 419 3241 ipsis
445 3168 602 3236 vivit,
630 3188 722 3242 per
749 3188 807 3223 os
835 3187 1011 3223 eorum
1036 3167 1356 3241 pronuntiat,
1395 3176 1447 3220 et
1474 3164 1694 3236 loquitur
1728 3164 1840 3217 fidei
1868 3164 2156 3230 veritatem,

295 3274 353 3308 ac
371 3257 562 3327 judicia
589 3258 832 3329 ejusmodi
858 3256 1032 3310 habita
1057 3274 1257 3329 semper
1282 3256 1486 3308 fuerunt
1511 3252 1563 3305 in
1591 3250 1827 3305 Ecclesia
1851 3252 2007 3307 veluti
2027 3252 2159 3324 judi-

296 3342 375 3396 cia
401 3343 558 3415 ipsius
585 3343 643 3399 S.
673 3344 851 3411 Petri,
880 3363 971 3398 seu
995 3345 1084 3398 illa
1109 3342 1168 3398 S.
1196 3341 1346 3397 Petri
1370 3342 1519 3406 fides,
1547 3358 1697 3411 quam
1726 3337 1964 3393 Christus
1989 3340 2157 3412 posuit

288 3438 505 3500 petram
542 3441 594 3484 et
619 3434 998 3486 fundamentum
1022 3429 1306 3486 Ecclesiae.
1358 3426 1480 3481 Non
1519 3437 1599 3482 est
1638 3437 1805 3480 autem
1841 3427 1965 3480 haec
1991 3425 2157 3493 Petri,

293 3536 383 3571 seu
424 3536 776 3573 successorum
825 3522 931 3592 ejus
974 3520 1097 3574 fides
1134 3517 1508 3572 fundamentum
1557 3514 1826 3570 Ecclesiae
1874 3533 1944 3568 ex
1997 3514 2155 3586 ipsius
