2320 3990
676 231 1282 289 *29—

75 403 272 459 tiflcium
298 395 566 474 primatum
593 401 966 473 impetiverunt.
1031 399 1168 454 luter
1207 394 1488 452 haereticos
1521 396 1748 453 «Ioannes
1774 397 1898 451 Wi-
1976 439 1982 443 .

74 491 251 554 clefus,
290 498 340 541 et
364 486 588 542 Joannes
628 486 764 552 Hus,
804 487 1056 540 Martinus
1083 485 1366 551 Lutherus,
1406 495 1457 538 et
1496 485 1651 539 ceteri
1686 485 1897 539 istorum

75 577 298 630 asseclae
323 574 497 627 iisdem
534 574 767 645 vestigiis
804 574 1067 639 institere3
1116 582 1167 626 et
1192 571 1402 625 Marcus
1427 571 1682 624 Antonius
1707 572 1767 626 de
1792 570 1898 624 Do-

75 662 221 714 minis
247 662 492 732 quondam
518 661 940 733 Archiepiscopus
965 657 1282 730 Spalatensis
1298 697 1312 722 ,
1340 666 1391 710 et
1417 658 1531 710 dein
1557 667 1818 729 apostata,
1845 667 1900 710 ut

75 766 211 801 suam
271 747 562 818 dignitatem
609 746 956 819 Episcopalem
1004 744 1301 798 Pontificiae
1341 744 1596 814 aequalem
1647 745 1896 810 suaderet,

76 834 437 906 primatumque
488 832 805 887 Pontificium
856 833 1182 903 inst-ingeret,
1234 831 1286 884 in
1325 831 1465 883 libris
1513 830 1572 884 de
1619 829 1898 902 Republica

76 917 367 972 Christiana
403 921 573 973 eadem
610 919 899 973 testimonia
925 918 1236 990 Evangelica
1273 917 1547 988 aequaliter
1584 917 1643 971 de
1669 917 1897 970 omnibus

78 1006 349 1076 Apostoli8,
377 1007 552 1076 quibus
575 1004 812 1078 Episcopi
838 1007 1134 1070 succedunt,
1174 1003 1496 1075 intelligenda
1524 1005 1804 1070 contendit,
1844 1015 1899 1057 ut

76 1110 137 1144 ne
173 1093 286 1160 quid
322 1093 589 1163 peculiaris
618 1093 750 1165 juris
777 1103 827 1147 et
861 1092 1142 1165 personalis
1168 1088 1224 1144 S.
1253 1088 1412 1143 Petro
1448 1091 1692 1160 reliqumn
1730 1091 1896 1144 fuerit.

75 1173 218 1244 Quod
244 1178 286 1230 si
314 1178 445 1231 inter
470 1179 559 1232 hos
586 1181 781 1250 quidam
809 1180 1014 1250 aequius
1041 1177 1318 1232 sentientes
1357 1176 1540 1246 aliquid
1578 1178 1896 1249 praecipuum

74 1263 282 1315 laudatis
310 1266 606 1319 testimoniis
634 1266 789 1320 Petro
817 1285 1107 1321 concessum
1137 1263 1316 1317 alicubi
1342 1264 1595 1330 fatentur,
1634 1263 1703 1316 ita
1729 1274 1895 1317 tamen

79 1350 282 1402 subinde
309 1352 580 1422 explicant,
608 1364 660 1405 ut
686 1354 734 1406 id
761 1354 819 1406 ad
846 1354 1107 1425 primatum
1134 1351 1258 1405 meri
1290 1350 1478 1402 ordinis
1504 1351 1770 1421 pertineat.
1823 1350 1898 1403 lta

77 1454 162 1488 ex,
202 1455 279 1506 gr.
332 1436 555 1491 Joanues
594 1437 905 1491 Cameronus
941 1440 993 1491 in
1039 1457 1146 1509 cap.
1194 1437 1278 1490 16.
1331 1435 1577 1490 Matthaei
1615 1456 1896 1490 sermonem

78 1522 262 1575 faciens
289 1523 347 1575 de
373 1524 531 1594 primo
561 1525 669 1578 loco
695 1524 988 1596 Evangelii,
1039 1525 1117 1577 Tu
1144 1545 1196 1577 es
1227 1526 1453 1586 Petrus,
1494 1532 1545 1577 et
1569 1543 1730 1593 super
1757 1525 1897 1576 Ιιαηο

69 1617 278 1677 petram
304 1619 398 1661 etc.
428 1628 514 1662 eos
552 1611 762 1681 primum
803 1613 903 1665 late
946 1612 1268 1682 impugnanS,
1307 1612 1389 1681 qui
1425 1611 1545 1664 nihil
1579 1610 1896 1682 praecipuum

76 1695 148 1746 his
174 1694 341 1748 verbis
355 1693 512 1747 Petro
541 1697 771 1748 collatum
798 1698 1105 1767 praedicant,
1133 1697 1450 1767 apertissime
1473 1697 1664 1761 statuit,
1694 1700 1897 1766 liquere

74 1784 282 1850 quidem
320 1783 530 1850 aliquid
561 1785 833 1852 sinyulare
873 1803 905 1835 a
940 1783 1152 1835 Christo
1195 1784 1362 1835 Petro
1397 1786 1568 1851 fuisse
1604 1784 1686 1835 his
1724 1784 1894 1835 verbis

73 1870 338 1928 collatum,
365 1871 511 1938 quod
533 1888 638 1921 non
659 1873 770 1938 fuit
795 1871 879 1922 illi
902 1889 1018 1922 cum
1045 1871 1166 1922 aliis
1182 1869 1460 1939 Apo-stolis
1488 1889 1771 1922 commune.
1823 1870 1895 1921 At

73 1954 243 2007 deinde
276 1954 435 2025 ipsum
470 1955 809 2008 testimonium
846 1957 1107 2028 explicans
1134 1956 1192 2009 de
1219 1954 1376 2008 Petro
1415 1956 1572 2027 primo
1613 1956 1723 2009 fidei
1750 1974 1896 2027 prae-

74 2048 226 2105 cone,
265 2041 347 2110 qui
374 2042 534 2111 prima
558 2039 818 2094 Ecclesiae
857 2043 1176 2095 fundamenta
1193 2042 1343 2112 jecit,
1382 2042 1430 2094 id
1455 2052 1647 2095 tantum
1688 2045 1895 2114 profert,

75 2126 200 2195 quod
228 2127 279 2176 in
304 2127 428 2178 meri
455 2126 643 2178 ordinis
682 2128 947 2196 primatum
986 2128 1176 2179 recidit.
1228 2127 1358 2180 Idem
1397 2139 1474 2181 est
1511 2131 1569 2183 de
1595 2130 1909 2201 interpreta-.

77 2211 316 2276 tionibus,
364 2229 485 2280 quas
539 2212 761 2263 nonnulli
802 2211 1037 2264 haeretici
1078 2212 1188 2264 aliis
1225 2210 1546 2283 Evangelicis
1597 2215 1896 2267 testimoniis

75 2297 350 2367 subjiciunt.

217 2385 266 2436 ⁶2.
317 2383 412 2436 Hic
451 2393 614 2437 autem
652 2385 765 2438 illud
803 2387 881 2439 vel
918 2386 1137 2439 maxime
1176 2387 1228 2439 in
1269 2407 1374 2442 rem
1413 2398 1637 2441 nostram
1676 2390 1896 2442 animad-

75 2470 363 2522 vertendum
406 2480 512 2535 est,
553 2489 726 2525 omnes
766 2473 1002 2543 ejusmodi
1042 2473 1486 2546 interpretationes
1526 2476 1723 2529 easdem
1749 2478 1895 2547 plane

74 2572 212 2619 esse,
254 2573 310 2608 ac
336 2555 452 2610 illae
479 2567 623 2621 sunt,
664 2577 786 2627 quas
814 2560 1027 2613 afferunt
1054 2560 1249 2630 quidam
1277 2581 1346 2615 ex
1372 2563 1561 2615 nostris
1589 2563 1895 2616 adversariis

73 2640 356 2706 catholiciS,
397 2661 504 2695 cum
542 2643 733 2712 aliquas
759 2643 1055 2700 Pontificias
1093 2649 1356 2702 facultates
1397 2649 1758 2721 impugnandas
1786 2669 1895 2703 sus-

73 2725 285 2796 cipiunt,
314 2737 363 2780 et
387 2728 561 2780 iisdem
587 2729 731 2799 plane
757 2731 1064 2786 adminiculis
1080 2774 1093 2799 ,
1120 2734 1391 2804 iisdemque
1418 2737 1764 2789 nonnullorum
1792 2735 1894 2788 Pa-

72 2822 200 2863 trum
238 2814 643 2879 auctoritatibus,
684 2834 808 2884 quae
845 2835 932 2869 eas
957 2819 1401 2889 interpretationes
1438 2822 1666 2874 videntur
1703 2823 1893 2887 fulcire,

75 2898 258 2968 pariter
297 2899 580 2951 abutuntur.
644 2899 830 2955 Nonne
869 2903 1124 2956 horrorem
1161 2905 1415 2959 catholicis
1450 2906 1653 2978 injicere
1692 2907 1891 2961 deberet

75 2973 216 3038 'thnta
262 2984 623 3056 interpretandi
660 3006 767 3040 cum
814 2988 1078 3042 haereticis
1117 3000 1168 3042 et
1207 2987 1538 3043 schismaticis
1587 2994 1891 3065 conspiratio

75 3080 220 3139 atque
245 3072 548 3125 consensio?
598 3073 738 3127 Haec
764 3075 807 3127 si
834 3076 945 3145 quid
984 3077 1284 3147 probarent,
1323 3076 1585 3146 primatum
1628 3082 1892 3151 peculiaris

66 3157 442 3224 jurisdictioniS,
469 3160 551 3228 qui
567 3162 681 3231 jure
708 3161 872 3215 divino
899 3163 1223 3226 constitutus,
1262 3161 1540 3233 Evangelio
1580 3167 1891 3236 potissimum

76 3242 320 3307 innititur,
347 3244 542 3314 penitus
569 3249 888 3301 evertendum
914 3251 1201 3321 probarent,
1231 3259 1282 3300 ut
1308 3249 1610 3304 schismatici
1637 3263 1687 3306 et
1715 3254 1891 3308 haere-

74 3329 159 3382 tici
186 3329 410 3382 similiter
435 3330 826 3403 interpretantes
864 3338 1183 3390 contendunt.
1250 3332 1395 3402 Quod
1419 3336 1464 3388 si
1488 3339 1732 3408 primatus
1759 3343 1891 3412 ejus-

76 3415 202 3466 modi
240 3417 399 3469 everti
433 3434 533 3469 non
571 3418 714 3472 debet
751 3440 820 3474 ex
859 3423 1212 3477 catholicorum
1250 3423 1528 3490 sententia,
1570 3445 1632 3480 ea
1668 3429 1889 3498 profecto

77 3500 356 3554 testimonia
383 3501 687 3573 Evangelica
715 3509 812 3559 non
842 3508 909 3560 ita
935 3509 1308 3579 interpretanda
1336 3520 1467 3575 sunt,
1494 3521 1547 3564 ut
1571 3513 1737 3565 omnia
1755 3514 1888 3581 jura,
