2314 3984
939 204 1600 267 *ηε-...-

343 373 555 429 3ἰείίίᾱώ
572 378 825 451 praestet
845 374 1229 444 quaerentibus
1245 375 1697 446 manitatem.
1751 376 1804 430 Id
1831 392 1906 431 ex·
1926 377 2200 433 traditione

339 464 588 534 majorum
614 461 884 533 acceperat
909 458 968 515 S.
990 460 1249 528 AntistcS,
1277 471 1332 515 ut
1347 454 1725 520 emmone
1753 474 2021 538 acceperat
2045 464 2201 520 etiam

340 546 399 602 S.
426 545 539 601 Leo
566 545 810 620 Magnus,
838 547 924 619 qui
949 548 1175 603 eamdem
1202 568 1309 604 rem
1335 548 1524 605 alieubi
1540 550 1786 620 inimicat,
1813 571 1872 607 ac
1898 553 2200 625 praesertim

341 653 577 689 sermone
613 645 825 690 nostrae
861 635 1095 690 editionis
1127 637 1310 704 tertio,
1363 637 1492 692 alias
1530 639 1893 713 ‘secundm-cap.
1922 640 1974 694 3.
2042 637 2198 693 Immo

340 731 460 775 ante
486 719 544 775 S.
573 721 804 778 Leonem
831 741 903 778 ex
925 722 1200 780 traditione
1224 744 1421 798 quoque
1447 735 1737 792 sumserat‚'
1763 735 1815 780 et
1850 728 1904 781 in
1937 725 2199 801 Ephesino

341 809 553 864 coneilio
579 810 735 865 veluti
774 829 882 866 rem
919 811 1324 885 vulgatissimam
1362 824 1414 869 et
1439 813 1673 868 omnibus
1687 813 1916 868 *saeculis
1940 813 2199 875 traditam,

340 906 489 968 atque
515 898 722 952 omnino
751 908 943 953 certam
971 900 1324 956 affirmaverat
1349 895 1614 975 Philippus
1638 902 1913 975 presbyter
1938 899 2201 972 Apostoli-

339 1003 429 1038 cac
458 987 591 1063 sedis
618 987 836 1059 legatuS,
865 989 1025 1042 Nulli
1050 990 1268 1042 dubium
1295 985 1694 1062 (Conc.EpheS.
1724 988 1891 1042 act.3.
1922 988 2018 1041 eol.
2035 987 2196 1042 1154.

338 1082 374 1123 t.
404 1071 518 1145 3.),
545 1073 810 1144 inquienS‚
838 1079 995 1128 immo
1023 1078 1256 1130 saeculis
1284 1078 1522 1130 omnibus
1549 1084 1734 1130 uotum
1762 1084 1866 1137 est,
1907 1077 2058 1146 quod
2079 1095 2197 1128 san·

337 1167 452 1225 ctus
488 1162 926 1234 beatissimusque
968 1149 1173 1217 Petrus·
1207 1161 1594 1234 Apostolorum
1628 1167 1888 1234 princeps
1930 1170 1983 1215 et
2016 1170 2197 1233 caput,

331 1250 567 1319 fideique
594 1251 862 1312 columna,
889 1258 943 1304 et
961 1252 1242 1304 Ecclesiae
1269 1252 1571 1306 catholicae
1593 1253 2005 1321 fundamentum
2030 1270 2064 1302 a
2085 1251 2196 1302 Do-

337 1337 479 1386 mino
525 1343 714 1388 nostro
755 1336 886 1387 Jesu
932 1337 1149 1389 Christo
1187 1340 1460 1391 salvatore
1512 1339 1734 1412 humaui
1766 1340 1983 1407 yenerv's
2031 1344 2084 1388 et
2117 1357 2196 1389 re-

336 1422 619 1491 demptore
645 1424 823 1476 claves
844 1425 1003 1493 reym‘
1021 1425 1270 1476 caelestis
1291 1427 1519 1494 accepit,
1545 1425 1893 1493 solvendique
1917 1431 1971 1476 et
1988 1425 2201 1494 ligandi

327 1516 564 1577 peccata
584 1517 829 1580 potestas
869 1515 979 1581 ipsi
1015 1513 1149 1564 (lata
1190 1519 1297 1574 est,
1336 1515 1430 1583 qui
1467 1514 1544 1565 ad
1580 1513 1684 1564 hoc
1719 1530 1887 1582 usque
1913 1518 2120 1581 tempus
2148 1517 2200 1564 et

335 1615 547 1666 semper
574 1601 628 1649 iu
657 1602 766 1652 suis
793 1600 1194 1653 successoribus
1221 1603 1375 1662 vivit,
1414 1608 1468 1653 et
1473 1601 1747 1673 judicium
1775 1606 2012 1652 exercet.
2064 1597 2197 1651 Hinc

333 1683 486 1736 etiam
512 1682 719 1756 Xystus
745 1685 833 1740 ΠΙ.
872 1697 989 1760 post
1016 1688 1267 1760 synodum
1292 1686 1605 1759 Ephesinam
1640 1686 1693 1738 in
1729 1685 1912 1739 litteris
1950 1686 2011 1738 ad
2037 1684 2198 1740 Joan·

332 1789 447 1825 nem
467 1770 843 1827 Antiochenum
870 1774 1153 1828 doctrinam
1179 1774 1292 1828 fidei
1321 1794 1351 1827 a
1377 1773 1524 1828 Petri
1550 1774 1929 1827 successoribus
1955 1773 2195 1826 traditam

331 1858 540 1931 perinde
579 1861 948 1935 suscipiendam
984 1861 1250 1928 indicavit,
1298 1882 1357 1917 ac
1397 1863 1439 1916 si
1476 1862 1666 1915 tradita
1702 1871 1838 1914 esset
1878 1879 1906 1914 a
1945 1859 2002 1914 S.
2031 1859 2193 1914 Petro

332 1945 584 2020 Apostolo
602 1989 616 2014 ,
644 1949 726 2020 qui
754 1954 808 2002 iu
837 1954 946 2003 suis
974 1952 1372 2004 successoribus
1401 1953 1549 2022 quod
1573 1953 1786 2019 accepit
1813 1951 1916 2001 lzoc
1941 1951 2190 2001 tradidit.

334 2032 467 2088 Vide
505 2035 760 2108 integrum
796 2048 997 2091 textum
1035 2057 1188 2111 supra
1226 2057 1364 2091 num.
1405 2038 1495 2092 62.
1573 2035 1768 2090 Eadem
1802 2035 2076 2090 traditione
2115 2036 2193 2089 in-

335 2123 514 2176 structi
553 2121 791 2178 Ceretius
808 2166 822 2191 ‚
866 2124 1138 2190 SaloniuS‚
1191 2135 1242 2179 et
1278 2125 1521 2179 Veranus
1569 2122 1809 2197 Episcopi
1845 2121 2095 2176 Gallicani
2140 2123 2194 2176 in

333 2209 479 2282 epist.
509 2210 601 2264 68.
632 2211 693 2264 ad
719 2210 776 2265 S.
799 2209 1030 2266 Leonem
1055 2213 1319 2283 loquentes
1346 2213 1406 2267 de
1433 2211 1720 2284 dogmatica
1746 2210 2035 2264 definitione
2063 2212 2195 2282 ejus-

330 2297 440 2351 dem
469 2308 651 2352 contra
678 2318 906 2353 errorem
933 2298 1186 2373 Eutychis
1215 2300 1497 2373 scripsere:
1537 2301 1739 2354 Merito
1776 2301 1892 2353 illic
1911 2302 2192 2369 priucipa-

328 2394 436 2439 tum
462 2389 605 2440 seclis
626 2386 977 2457 Apostolicae
1004 2393 1366 2451 constit-utum,
1392 2391 1534 2442 uude
1563 2389 1743 2441 adhuc
1754 2385 2064 2458 Apostolicz'
2088 2392 2192 2458 spi-

328 2477 464 2526 ritus
492 2477 721 2528 oracula
739 2481 1132 2544 proferuntur:
1171 2474 1256 2526 ubi
1295 2478 1522 2528 oracula
1549 2474 1856 2543 Apostolici
1870 2478 2104 2543 spiritus
2131 2472 2188 2527 S.

330 2559 541 2614 Petrum
578 2561 630 2614 in
668 2580 759 2615 sua
795 2561 913 2614 sede
952 2580 1012 2615 ac
1047 2559 1424 2614 successoribus
1462 2561 1575 2615 fidei
1600 2560 1869 2615 veritatem
1897 2563 2076 2615 adhuc
2102 2562 2189 2615 do-

329 2658 523 2702 centem
551 2648 794 2703 indicant.
849 2646 938 2700 Ex
976 2648 1071 2702 hac
1098 2648 1270 2701 eadem
1307 2649 1584 2701 traditione
1611 2645 2042 2702 Calchedonensis
2070 2667 2190 2702 con-

331 2735 430 2789 cilii
457 2734 665 2801 PatreS‚
695 2735 849 2807 quiS.
867 2735 1098 2791 Leonem
1125 2735 1424 2790 catholicum
1452 2736 1635 2807 dogma
1661 2734 1979 2788 definientem
2008 2734 2185 2808 (epist.

325 2824 414 2879 98.
443 2824 580 2877 inter
605 2822 859 2891 Leonin.)
895 2827 1039 2877 vocis
1081 2825 1156 2877 B.
1189 2826 1347 2877 Petri
1383 2825 1620 2876 omnibus
1660 2827 2003 2877 constitutum
2030 2827 2189 2877 inter-

318 2919 532 2981 pretem
559 2911 779 2966 confessi
807 2921 952 2976 sunt,
989 2922 1107 2983 post
1131 2912 1311 2964 lectam
1339 2910 1674 2982 dogmaticam
1702 2912 1810 2982 ejus
1837 2911 2100 2982 epistolam
2128 2912 2187 2963 ad

324 2997 630 3054 Flavianum
659 3000 1004 3054 acclamarunt
1038 2999 1114 3051 his
1153 2998 1325 3053 verbis
1361 3007 1460 3052 act.
1491 2999 1541 3049 Ξ).
1597 2999 1796 3049 Petrus
1814 3016 1923 3065 per
1950 2997 2186 3050 Leonem

325 3092 402 3141 ita
429 3090 680 3159 loquutus
709 3096 789 3142 est
822 3086 922 3161 (T.
949 3087 1002 3140 4.
1043 3083 1241 3141 Concil.
1271 3083 1408 3139 Veu.
1439 3083 1557 3137 edit.
1597 3083 1691 3137 col.
1721 3082 1881 3137 1935.
1910 3082 2019 3156 d.):
2059 3104 2186 3155 quae

323 3175 376 3228 in
403 3177 666 3247 quamdam
704 3177 980 3230 solemnem
1013 3173 1171 3229 veluti
1196 3173 1461 3226 formulam
1498 3191 1527 3225 a
1553 3171 1776 3244 pluribus
1804 3171 2012 3224 subinde
2038 3191 2186 3225 usur-

326 3273 496 3334 patam
522 3265 866 3318 transierunt:
905 3264 1036 3318 unde
1062 3262 1344 3317 Bossuetus
1380 3259 1431 3314 in
1461 3277 1696 3313 sermone
1723 3258 1895 3312 habito
1923 3259 1985 3312 ad
2011 3257 2184 3314 Comi-

326 3349 397 3403 tia
425 3348 566 3405 Cleri
593 3351 844 3407 Gallicani
873 3371 955 3406 an.
987 3351 1146 3407 1681.
1175 3350 1449 3419 iisdemque
1478 3345 1713 3402 Comitiis
1730 3346 2023 3418 jubentibus
2049 3347 2182 3400 edito

325 3438 474 3492 fateri
513 3457 614 3492 non
651 3440 922 3505 dubitavit,
972 3460 1081 3494 non
1111 3457 1276 3510 posse
1313 3439 1426 3490 diei
1467 3438 1624 3490 Petri
1667 3437 2018 3488 ministerium
2064 3455 2182 3489 cum

324 3529 445 3595 ipso
473 3529 767 3581 extinctum
800 3568 810 3579 .
845 3569 855 3580 .
890 3569 901 3581 .
951 3529 1149 3582 Petrus
1177 3528 1428 3597 loquetur
1456 3544 1664 3596 semper
1692 3527 1745 3576 in
1775 3541 1870 3576 sua
1897 3524 2180 3585 cathedra,
