2320 3990
943 227 1119 237 -.-
1210 196 1337 266 232
1430 230 1606 240 --.

1176 364 1460 432 §.Vl-,M

355 450 530 494 Damasi
569 452 724 505 Papae,
767 450 1002 494 Theodosii
1039 453 1648 510 Imperatoris,'et„filaomni
1678 461 1918 514 presbyteri
1950 462 2212 505 Antiocheni
2275 452 2286 513 J
2316 504 2320 505 γ

351 515 392 552 ot
421 516 575 564 postea
610 511 825 564 Episcopi
858 514 1123 557 testimonia.
1169 515 1363 557 Additur
1394 518 1686 564 testimoniam
1718 522 1952 563 concinens
1984 534 2036 563 ea·
2070 524 2209 563 Aure-
2274 558 2280 564 .

348 573 467 615 liano
502 573 704 623 Augusto
736 574 791 615 ab
816 572 1002 616 Eusebio
1037 579 1078 617 et
1106 574 1268 626 Rufino
1302 575 1547 621 laudatum.
1567 589 1576 593 ··
1601 571 1829 624 Eudemia·
1858 585 2016 636 poetae
2045 594 2210 628 versus.
2279 579 2284 584 ’

494 658 584 714 28.
625 657 683 712 S.
698 657 954 715 Damasus
968 660 1116 736 Papa
1135 663 1187 716 in
1209 664 1424 737 epistola
1447 662 1643 738 (Epist.
1663 668 1714 720 5.
1737 670 1865 741 apud
1886 666 2209 742 Constant.)‚

348 764 495 815 quam
523 747 658 801 dedit
684 745 902 802 Paulino
930 750 1254 806 Antiocheno
1271 793 1284 819 ,
1309 755 1504 824 fidem,
1545 771 1635 807 seu
1658 756 1793 824 fidei
1815 763 2210 828 confessionem
2283 739 2290 755 Ι

348 836 407 887 ad
435 854 545 888 eum
574 835 739 901 misit,
779 836 858 890 cui
884 839 1123 892 assentiri
1166 858 1224 893 ac
1252 840 1572 895 subscribere
1608 842 1877 910 deberent,
1914 846 2210 916 quicumque

350 923 537 976 vellent.
572 925 855 979 Ecclesiae
894 929 1177 996 copulari,
1229 931 1370 983 idest
1405 931 1559 983 nobis
1591 950 1698 1000 per
1735 921 1787 984 te
1823 935 2096 987 voluerint
2130 955 2208 986 so-

347 1014 503 1064 ciari.
570 1013 753 1076 Umle,
793 1013 984 1084 inquit,
1024 1035 1091 1069 ne
1133 1024 1229 1069 aut
1262 1019 1361 1070 tibi
1385 1020 1675 1088 scrupulas
1715 1022 2008 1083 resideret,
2049 1028 2100 1074 et
2125 1041 2207 1074 vo-

349 1102 515 1153 lentes
538 1105 779 1170 forsitan
810 1103 1091 1157 Ecclesiae
1118 1107 1400 1174 copulari,
1441 1115 1533 1161 taa
1570 1111 1750 1160 cautio
1784 1110 2079 1176 probanda
2106 1113 2209 1179 dif-

340 1192 546 1256 ferret,
569 1192 733 1260 fidem
757 1193 993 1245 misimus
1019 1212 1128 1245 non
1156 1200 1264 1246 tam
1292 1196 1415 1257 tibi,
1445 1198 1540 1265 qui
1566 1199 1802 1269 ejusdem
1827 1199 1959 1267 fidei
1983 1217 2208 1251 comma-

347 1280 508 1330 nione
534 1282 796 1340 sociaris,
825 1299 984 1349 qaam
1012 1282 1125 1343 his,
1153 1286 1247 1351 qai
1273 1286 1326 1334 in
1356 1302 1420 1336 ea
1448 1285 1869 1346 subscribentes,
1908 1285 2031 1346 tibi,
2070 1287 2210 1337 idest

348 1366 499 1416 nobis
532 1384 637 1433 per
674 1373 725 1417 te
757 1368 1031 1419 voluerint
1065 1371 1286 1420 sociari.
1359 1366 1555 1436 Quibus
1593 1372 1758 1441 palam
1793 1371 2038 1435 affirmat,
2078 1390 2207 1437 eum,

348 1452 431 1521 qui
456 1450 720 1506 Ecclesiae
762 1453 984 1524 copulari
1022 1454 1173 1520 velit,
1212 1473 1315 1508 non
1353 1456 1502 1510 aliter
1541 1457 1591 1509 id
1632 1474 1781 1530 posse
1808 1456 2068 1524 obtinere,
2111 1458 2209 1511 nisi

348 1541 601 1606 eamdem,
638 1560 787 1612 quam
826 1541 989 1607 misit,
1029 1542 1141 1596 fidei
1170 1543 1541 1598 confeSSionem
1569 1546 1883 1618 profiteatur.
1939 1542 2210 1600 Confessio

349 1629 488 1694 fidei,
519 1647 666 1699 quam
694 1630 755 1682 ad
781 1629 942 1702 ipsum
971 1629 1240 1684 Paulinum
1271 1633 1404 1686 misit
1432 1632 1703 1700 Damasus,
1733 1634 1996 1705 subjicitur
2024 1635 2210 1707 episto-

350 1719 425 1769 lae
466 1718 593 1788 apud
631 1716 695 1770 P.
734 1715 1091 1772 Constantium
1144 1721 1379 1790 quintac3
1432 1741 1489 1774 ac
1535 1721 1587 1773 in
1625 1740 1686 1774 ea
1726 1721 2027 1794 praesertim
2073 1724 2211 1777 dam-

348 1814 498 1857 natur
549 1804 1033 1859 Macedonianorum
1086 1826 1264 1875 error,
1329 1829 1426 1880 quo
1479 1809 1643 1862 sancti
1695 1807 1918 1882 Spiritus
1972 1811 2209 1865 divinitas

349 1894 699 1966 impetebatur.
766 1893 845 1948 De
884 1895 975 1949 hac
1017 1898 1371 1951 controversia
1412 1899 1540 1971 apud
1579 1897 1871 1952 Orientales
1916 1908 2034 1952 tunc
2071 1900 2210 1953 ebul-

351 1981 502 2034 liente
530 1981 651 2035 libet
670 1984 863 2037 referre
885 2003 1012 2054 quae
1033 1982 1352 2038 Sozomenus
1374 1996 1553 2039 narrat
1576 1983 1812 2058 (Sozom.
1830 1985 1912 2038 lib.
1932 1987 1982 2040 6.
2007 2006 2051 2040 c.
2067 1988 2206 2060 22..)

356 2071 486 2123 Cam
523 2072 659 2124 lzaec
694 2076 939 2142 quaestio
980 2077 1309 2143 agitaretur,
1351 2083 1400 2127 et
1433 2077 1795 2128 contendendi
1832 2077 2011 2127 stadio
2039 2080 2209 2146 magis

351 2162 625 2228 neayisqae
653 2163 707 2211 in
737 2162 851 2212 dies
880 2169 1175 2223 cresceret,
1217 2164 1525 2232 Episcopus
1566 2162 1725 2214 Urbis
1758 2162 1964 2214 Romae
1991 2167 2213 2233 scripsit

348 2249 424 2299 ad
453 2246 760 2300 Orientales
789 2250 1096 2311 Ecclesias,
1134 2258 1194 2303 ut
1229 2250 1545 2303 Trinitatem
1581 2251 2118 2313 consubstantialem,
2146 2273 2212 2304 ac

351 2337 556 2388 honore
579 2337 871 2406 gloriaque
913 2340 1195 2408 aequalem
1227 2359 1335 2393 una
1365 2359 1483 2393 cum
1517 2336 1958 2391 Occidentalibas
1986 2338 2207 2408 Episco-

342 2427 432 2492 pis
460 2428 864 2494 confiterentur.
916 2424 968 2477 Id
996 2425 1251 2498 respicere
1278 2427 1477 2481 videtur
1505 2425 1759 2478 laudatam
1774 2423 1829 2496 *)
1859 2426 2121 2498 epistolam
2151 2429 2209 2481 ad

356 2510 620 2563 Paulinum
649 2511 815 2583 (Hist.
845 2514 877 2563 l.
897 2514 947 2565 5.
979 2513 1176 2579 e.ll.)‚
1206 2532 1295 2566 seu
1321 2514 1488 2585 potius
1516 2514 1883 2568 confessionem
1913 2515 2023 2567 fidei
2051 2516 2208 2570 eidem

412 2644 454 2692 ’s)
490 2644 590 2684 Cum
625 2645 884 2683 Sozomenus
923 2648 1019 2695 post
1054 2643 1254 2695 eJusmodi
1289 2644 1444 2684 sactum
1478 2645 1619 2684 statim
1665 2647 1807 2684 narret
1841 2643 2001 2683 Liberii
2034 2649 2209 2686 mortem

355 2704 439 2746 (sic
473 2705 581 2743 enim
616 2704 834 2744 exorditur
866 2717 1046 2756 sequens
1078 2709 1203 2756 caput
1236 2705 1309 2747 23.
1374 2705 1456 2746 Per
1486 2705 1598 2745 idem
1632 2709 1801 2755 tempus
1831 2707 2000 2744 mortuo
2038 2705 2209 2747 Liberio

360 2765 572 2805 Damasus
608 2766 832 2806 Romanae
871 2766 985 2805 sedis
1017 2766 1399 2806 administratione
1428 2764 1667 2817 suscepit);
1704 2764 1803 2804 illud
1848 2766 2003 2806 factum
2047 2767 2101 2806 ad
2139 2768 2210 2808 Li-

353 2826 513 2865 berium
546 2826 761 2877 pertinere
794 2826 978 2865 nonnulli
1013 2826 1288 2865 arbitrantur.
1345 2827 1395 2866 At
1429 2828 1475 2866 S.
1510 2827 1707 2873 Basilius,
1744 2826 1812 2877 qui
1847 2838 1922 2878 pro
1957 2826 2210 2868 vindicanda

352 2887 580 2925 divinitate
612 2886 799 2937 Spiritus
832 2886 979 2926 Sancti
1022 2887 1151 2926 libros
1193 2890 1342 2926 contra
1373 2887 1625 2927 Eunomium
1659 2886 1850 2938 scripsit,
1895 2885 2001 2925 libro
2033 2887 2076 2929 2.
2109 2891 2210 2928 ante

351 2947 474 2987 finem
505 2946 613 2987 hunc
646 2948 820 2999 primum
853 2947 985 2987 fuisse
1017 2946 1245 2998 significat,
1281 2948 1351 2999 qui
1383 2947 1589 2988 haeresim
1615 2947 1829 2987 divinitati
1851 2947 2036 2997 Spiritus
2061 2948 2208 2987 Sancti

353 3007 555 3047 infensam
598 3008 638 3046 in
684 3009 856 3048 Oriente
896 3007 1205 3048 disseminaret.
1279 3008 1459 3059 Scripsit
1499 3012 1639 3048 autem
1681 3018 1754 3044 eos
1797 3005 1929 3045 libros
1968 3007 2013 3044 S.
2047 3007 2209 3047 Doctor

353 3065 515 3119 aliquot
558 3069 679 3107 annis
727 3072 824 3119 post
853 3067 1014 3108 Liberii
1055 3070 1247 3108 mortem.
1310 3066 1506 3106 Nondum
1540 3078 1640 3117 ergo
1674 3077 1725 3104 ea
1769 3065 1959 3116 quaestio
1994 3067 2210 3107 Orientem

353 3127 597 3167 turbaverat
630 3129 790 3168 Liberii
823 3132 1038 3181 tempore,
1072 3128 1133 3166 ita
1165 3131 1211 3166 ut
1243 3127 1279 3166 is
1309 3126 1364 3166 ad
1397 3139 1486 3167 eam
1516 3127 1743 3168 sedandam
1776 3125 1941 3165 litteras
1974 3125 2028 3165 ad
2060 3129 2211 3168 Orien·

353 3189 462 3228 tales
507 3188 672 3228 dedisse
713 3189 917 3229 dicendus
960 3188 1031 3228 sit.
1103 3187 1331 3228 Enimvero
1373 3188 1554 3239 epistola
1593 3186 1776 3238 eJusdem
1820 3185 2042 3227 Pontificis
2083 3189 2208 3241 paulo

353 3253 451 3287 ante
484 3253 656 3289 mortem
690 3249 744 3289 ad
776 3249 1015 3290 Orientales
1046 3249 1193 3295 missa,
1239 3247 1279 3287 in
1314 3259 1393 3299 qua
1428 3259 1570 3287 omnes
1601 3246 1797 3287 haereses
1839 3251 1939 3286 tunc
1972 3247 2209 3288 fervescen-

352 3313 419 3347 tes
452 3307 668 3350 eliminare
699 3311 856 3358 studet,
887 3309 991 3349 nihil
1024 3308 1162 3360 tangit
1191 3308 1242 3347 de
1276 3319 1420 3348 errore
1449 3312 1598 3348 contra
1631 3307 1834 3359 Spiritum
1863 3309 2078 3356 Sanctum,
2111 3309 2209 3361 quia

354 3368 435 3420 ipsi
469 3370 650 3411 nondum
693 3373 735 3411 in
777 3371 971 3420 notitiam
1002 3371 1195 3410 venerat.
1257 3369 1431 3410 Factum
1464 3369 1612 3421 igitur.
1657 3368 1769 3419 quod
1811 3379 1838 3407 a
1869 3369 2103 3409 Sozomeno
2144 3381 2208 3409 re-

357 3429 516 3481 fertur,
550 3441 631 3469 non
664 3431 851 3477 Liberio,
886 3431 961 3471 sed
991 3431 1171 3470 Damaso
1202 3428 1482 3479 tribuendum,
1516 3441 1635 3481 quem
1669 3439 1769 3468 sane
1801 3427 1854 3467 ad
1887 3428 2124 3469 Orientales
2157 3442 2208 3468 eo

355 3489 408 3528 de
438 3491 685 3541 argumento
718 3493 939 3543 scripsisse
970 3496 1129 3531 certum
1161 3492 1250 3530 est:
1295 3501 1344 3529 ac
1388 3490 1566 3541 proinde
1598 3490 1874 3528 Sozomenum
1914 3489 2045 3528 minus
2086 3501 2210 3528 accu-

356 3554 445 3590 rate
478 3550 579 3590 illud
610 3551 810 3591 retulisse
842 3556 939 3592 ante
974 3551 1198 3592 indicatam
1230 3550 1390 3591 Liberii
1423 3554 1594 3590 mortem
1628 3548 1886 3602 probabilius
1920 3549 2138 3590 credimus.
