2314 3984
751 275 923 286 --
998 240 1138 300 365
1228 272 1400 282 --

167 416 553 487 praevalebunt
577 415 829 468 adversus
864 430 1007 472 eam3
1042 417 1095 464 et
1117 412 1270 463 oravi
1286 428 1397 478 pro
1422 415 1501 474 te,
1535 414 1737 462 tat-non
1772 407 1987 476 deficiat

166 506 300 574 fides
326 510 435 555 tua.
469 499 591 554 Non
614 498 895 551 inficiantur
920 496 1197 554 adversarii
1222 495 1342 550 haec
1363 493 1674 565 Evangelica
1697 493 1986 549 testimonia

171 589 424 661 pertinere
449 587 510 640 ad
534 585 814 657 primatum,
842 602 986 654 quem
1011 583 1188 635 horum
1211 582 1475 636 verborum
1495 589 1738 633 contextu
1749 577 1985 635 Christus

173 675 389 728 instituit
411 674 464 726 in
488 671 674 736 Petro,
702 690 759 724 ac
785 670 990 742 proinde
1016 670 1131 739 jure
1159 686 1188 720 a
1213 667 1469 721 catholicis
1507 685 1567 720 ea
1592 666 1762 721 afferri
1787 667 1847 720 ad
1870 685 1986 739 pro-

172 762 382 814 bandum
401 759 561 831 ipsum
579 759 861 830 primatum.
897 754 1009 808 Hae
1034 754 1204 823 itaque
1222 753 1580 825 promissiones
1595 750 1785 807 Christi
1805 754 1864 806 ad
1884 754 1986 826 pri-

173 858 357 900 matum
383 838 674 899 referendae
700 854 843 898 sunt:
873 860 930 895 ac
951 840 1158 913 proinde
1179 858 1280 892 non
1306 841 1366 893 ad
1391 859 1540 892 unum
1565 837 1845 892 S.Petrum
1869 850 1986 892 sunt

175 934 582 1003 restringendae,
619 932 707 986 sed
740 945 985 1002 peraeque
1020 936 1250 998 spectant
1275 927 1337 978 ad
1361 943 1535 980 omnes
1561 924 1820 978 Romanos
1846 925 1985 979 Pon-

172 1020 329 1072 tifices
346 1059 359 1084 ,
398 1018 484 1088 qui
518 1019 689 1071 eodem
730 1017 948 1088 primatu
985 1014 1232 1065 fruuntur.
1294 1011 1566 1066 Enimvero
1603 1030 1712 1064 cum
1747 1014 1987 1083 ejusmodi

174 1104 531 1177 promissiones
565 1106 725 1156 factae
758 1102 942 1155 fuerint
966 1097 1126 1152 Petro
1162 1099 1215 1150 in
1239 1099 1422 1151 bonum
1446 1098 1652 1150 unitatis
1679 1099 1791 1152 fidei
1815 1101 1875 1152 ab
1903 1119 1987 1153 eo-

173 1193 279 1243 dem
309 1188 656 1242 custodiendae
682 1187 734 1239 in
758 1185 988 1240 Ecclesia
1014 1185 1256 1239 catholica
1284 1186 1396 1255 jure
1420 1184 1691 1255 primatus3
1730 1188 1988 1256 proculdu-

171 1276 252 1329 bio
290 1275 542 1347 pertinent
579 1274 730 1326 etiam
769 1269 829 1325 ad
863 1275 965 1343 ejus
1002 1290 1351 1336 successoreS,
1391 1271 1474 1340 qui
1510 1289 1578 1323 ex
1616 1271 1776 1325 officio
1814 1283 1864 1327 et
1890 1275 1987 1328 fine

172 1363 411 1434 primatus
437 1361 678 1412 unitatem
704 1360 814 1412 fidei
838 1359 890 1410 in
914 1369 1023 1410 tota
1046 1357 1277 1411 Ecclesia
1302 1358 1481 1410 dehent
1507 1358 1770 1412 custodire.
1809 1359 1989 1431 Neque

173 1450 304 1502 enim
339 1448 561 1500 dubitare
595 1446 736 1509 licet,
789 1445 904 1515 quin
946 1442 1209 1509 ChristuS,
1255 1444 1337 1514 qui
1372 1444 1634 1516 primatum
1670 1444 1885 1498 instituit
1925 1450 1988 1500 ob

173 1535 563 1588 conservandam
598 1532 649 1584 in
685 1542 793 1584 tota
816 1530 1047 1584 Ecclesia
1084 1531 1326 1583 unitatem
1359 1534 1589 1583 maxime
1626 1534 1679 1582 in
1700 1535 1836 1601 fide,
1872 1551 1988 1604 pro-

173 1621 436 1674 missiones
462 1619 514 1670 in
541 1619 759 1672 eumdem
786 1618 930 1670 finem
957 1616 1114 1670 Petro
1140 1619 1299 1669 factas
1326 1618 1386 1670 ad
1411 1635 1582 1670 omnes
1607 1618 1763 1689 ipsius
1790 1637 1989 1672 succes-

173 1726 314 1760 sores
342 1705 654 1759 extenderit:
682 1723 789 1756 cum
815 1704 1111 1775 praesertim
1137 1704 1409 1756 auctoritas
1449 1704 1647 1756 omnino
1674 1715 1783 1757 tuta
1808 1706 1860 1758 in
1886 1705 1988 1759 Pe-

176 1794 238 1845 tri
265 1792 635 1846 successoribus
664 1810 722 1843 eo
749 1791 908 1861 magis
936 1800 1071 1843 esset
1095 1791 1383 1843 necessaria
1409 1809 1555 1859 quam
1579 1791 1631 1842 in
1659 1791 1768 1843 aliis
1780 1790 1990 1863 Episco-

174 1880 248 1950 pis
284 1878 651 1932 successorihus
689 1876 1077 1948 Apostolorum,
1130 1897 1231 1946 quo
1271 1881 1439 1929 minus
1482 1878 1670 1928 horum
1703 1881 1837 1947 fides
1875 1888 1990 1931 crat

175 1972 512 2035 confirmata,
555 1984 710 2034 quam
750 1966 883 2032 fides
919 1962 1327 2032 Apostolorum,
1369 1972 1423 2014 ut
1455 1963 1731 2016 Bossuetns
1778 1966 1988 2019 notavit.

176 2051 303 2103 Hinc
331 2070 451 2103 sane
478 2068 563 2103 eas
590 2050 944 2121 promissiones
958 2050 1115 2102 Petro
1136 2052 1294 2103 factas
1321 2050 1692 2102 successoribus
1719 2053 1822 2121 ejus
1850 2062 1991 2124 apta-

176 2137 248 2189 vit
274 2136 498 2201 traditio,
526 2155 670 2205 quam
696 2135 947 2206 explicavi
973 2135 1024 2187 in
1050 2136 1175 2188 libro
1202 2138 1289 2188 De
1314 2140 1366 2187 ri
1380 2141 1647 2204 primatus
1675 2155 1717 2189 c.
1748 2137 1831 2188 15.
1860 2138 1907 2204 ἕ.
1937 2139 1987 2190 2.

179 2233 228 2274 et
253 2223 303 2275 3.
334 2221 405 2293 (c.
426 2223 509 2274 14.
538 2221 738 2291 1122).
790 2220 941 2274 Immo
970 2222 1120 2274 etiam
1147 2220 1393 2275 Gallicani
1419 2221 1654 2293 Episcopi
1681 2241 1766 2275 eas
1796 2224 1855 2275 ab
1882 2223 1988 2295 ipso

178 2307 377 2361 Christo
403 2317 854 2380 praesumpserunt,
884 2317 933 2360 et
958 2308 1238 2361 indicarunt
1264 2318 1480 2380 aptataS,
1508 2327 1617 2361 cum
1643 2309 1695 2360 in
1722 2310 1902 2362 litteris
1931 2312 1990 2362 ad

177 2394 516 2447 Innocentium
532 2393 604 2444 X.
634 2394 833 2464 scriptis
860 2395 937 2447 die
966 2396 1048 2447 10.
1077 2394 1197 2448 Julii
1223 2414 1304 2447 an.
1336 2395 1474 2447 1653
1502 2396 1840 2461 affirmarunt,
1861 2397 1990 2467 jndi-

175 2481 252 2532 cia
288 2478 431 2533 Sedis
469 2480 792 2551 Apostolicae
841 2480 892 2531 in
929 2481 1130 2550 negotio
1169 2482 1281 2534 fidei
1317 2500 1346 2533 a
1378 2479 1706 2534 Pontificibus
1745 2481 1991 2535 Romanis

175 2565 319 2630 edita,
346 2584 445 2618 non
471 2567 627 2617 solum
655 2565 766 2636 (lib.
794 2565 853 2618 de
879 2566 928 2619 vi
954 2566 1151 2637 primat.
1180 2586 1222 2619 c.
1254 2566 1371 2638 14.)
1399 2587 1596 2620 summa
1624 2576 1675 2619 et
1699 2571 1877 2620 divina
1905 2591 1990 2621 au-

174 2655 433 2712 ctoritate,
460 2652 545 2704 sed
571 2652 720 2704 etiam
753 2653 1076 2704 CHRISTI
1097 2653 1512 2705 POLLICITA
1525 2654 1760 2705 TIONE
1784 2655 1989 2719 NIXA,

173 2738 244 2790 ita
269 2747 322 2788 ut
347 2737 422 2789 his
448 2738 506 2790 de
533 2736 695 2790 causis
732 2737 891 2808 ipsum
924 2738 1103 2791 mentis
1130 2739 1418 2808 obsequium
1452 2740 1725 2808 requirant.
1776 2739 1990 2812 Idipsnm

174 2824 461 2894 comprobat
486 2842 547 2876 ea
573 2821 781 2875 Patrum
806 2824 1026 2889 traditio,
1054 2843 1179 2893 quae
1198 2823 1445 2877 Bossueto
1473 2844 1579 2878 cum
1607 2826 1786 2878 ceteris
1815 2827 1991 2880 adver-

174 2910 320 2962 sariis
348 2910 652 2962 assentiente
679 2909 958 2962 Romanam
984 2911 1126 2964 fidem
1152 2929 1182 2962 a
1207 2909 1435 2963 S.Petro
1462 2911 1514 2962 in
1538 2911 1833 2982 Apostolica
1858 2911 1988 2966 Sede

174 2996 443 3066 depositam
482 3000 745 3047 immotam
781 3007 830 3049 et
863 2999 1274 3065 indefectibilem
1311 3015 1423 3049 esse
1461 3007 1510 3048 et
1544 3015 1740 3069 semper
1776 3001 1987 3051 suturam

173 3080 488 3151 pronuntiat,
527 3081 670 3151 idque
698 3079 890 3135 Christi
926 3083 1182 3153 promissis
1219 3083 1582 3136 attribuendum
1621 3103 1901 3155 agnoscens
1937 3086 1988 3137 in

176 3167 299 3218 libro
338 3169 424 3219 De
454 3173 735 3236 promissis
783 3170 982 3221 Christi
1000 3174 1165 3238 factis
1192 3172 1484 3230 Ecclesiae,
1509 3170 1592 3221 ubi
1618 3171 1723 3241 agit
1749 3173 1987 3225 adversus

174 3253 481 3316 haereticos,
521 3254 603 3322 qui
637 3253 911 3308 Ecclesiam
950 3255 1195 3309 visibilem
1232 3255 1283 3307 in
1320 3256 1411 3308 fide
1437 3274 1585 3326 posse
1611 3258 1818 3311 deficere
1845 3268 1988 3311 autu-

173 3350 339 3403 mant,
375 3338 844 3394 indefectibilitatem
879 3343 990 3394 fidei
1029 3343 1243 3412 ejusdem
1268 3340 1552 3407 Ecclesiae,
1593 3362 1717 3412 quae
1744 3364 1850 3398 clun
1880 3346 1988 3398 Ro-

172 3444 320 3477 mana
346 3425 435 3478 fide
461 3426 701 3479 unitatem
728 3428 938 3480 custodit
956 3468 968 3492 ,
998 3447 1066 3480 ex
1091 3428 1349 3499 promissis
1378 3426 1568 3482 Christi
1593 3430 1835 3484 deducens
1862 3433 1987 3485 scri-

173 3511 295 3580 psit:
329 3514 391 3564 Sc‘
416 3532 541 3582 erqo
566 3518 715 3583 firme
742 3515 1141 3568 adhaerebimus
1169 3516 1292 3569 lcuic
1317 3517 1604 3570 cathedrae
1621 3516 1778 3589 (idest
1804 3518 1984 3571 doctri-
