2314 3984
951 204 1615 265 ——342—

353 367 514 441 pulsi,
553 387 854 441 expungere
879 369 1044 442 ipsum
1073 371 1286 444 amplius
1310 390 1415 426 non
1440 382 1693 446 poterant.
1746 377 1805 430 In
1832 377 1990 432 exilio
2030 387 2216 443 autem,

355 457 486 528 quod
511 475 603 528 pro
627 453 1031 512 Calchedonensi
1057 457 1271 512 concilio
1298 458 1580 529 subierunt,
1608 483 1719 518 cum
1745 465 1890 519 liberi
1917 465 1978 518 ab
2004 463 2218 538 Episco-

354 544 547 617 palibus
588 543 723 598 curis
762 554 912 616 atque
952 545 1217 619 periculis,
1257 546 1311 600 in
1348 547 1542 603 sanctis
1582 551 1818 623 operibus
1843 552 2002 608 vitam
2027 552 2218 606 trausi-

352 640 534 703 gentes
574 632 916 687 anterioribus
954 634 1164 690 maculis
1205 635 1561 708 abstergendis
1589 656 1794 710 operam
1821 639 2075 706 dederint3
2106 640 2217 710 quis

353 738 455 772 non
483 719 680 786 videat,
708 720 848 793 ipsos
876 721 1042 775 deleta
1067 740 1146 789 ea,
1174 722 1320 794 siqua
1344 723 1559 791 fuerint,
1585 726 1668 780 vel
1695 745 2033 797 quaecumque
2059 726 2218 780 fuisse

354 808 593 862 credatur
621 809 794 882 culpa,
824 809 1149 864 sanctitatem
1175 811 1404 884 potuisse
1431 812 1599 866 colere
1615 852 1629 878 ‚
1658 822 1709 867 et
1735 814 1796 866 ad
1823 824 2085 868 aeternam
2110 815 2220 885 glo-

351 895 481 949 riam
507 897 810 969 pervenire?
837 895 950 952 Hac
977 916 1102 953 sanc
1128 900 1328 954 ratione
1349 898 1406 954 S.
1429 898 1704 955 Hormisda
1730 919 1950 955 summus
1971 899 2220 955 Pontifex

353 983 604 1057 disparem
641 986 798 1038 multo
839 987 1080 1058 cognovit
1107 988 1168 1042 ab
1195 987 1377 1042 Acacii
1412 1006 1565 1043 causa
1591 1006 1942 1042 successorum
1969 989 2075 1060 ejus
2103 1007 2220 1043 cau-

353 1091 489 1138 sam,
519 1073 698 1146 quippe
726 1074 855 1145 quod
884 1073 984 1147 (lb.
1017 1076 1110 1129 col.
1141 1075 1267 1130 613.
1298 1075 1374 1149 c.)
1409 1085 1643 1147 propter
1670 1081 2064 1147 confessionem
2101 1066 2219 1130 Cal-

354 1161 710 1215 clzedonensis
738 1165 934 1234 synodi
959 1165 1134 1234 aliqui
1160 1185 1344 1218 eorum
1384 1163 1593 1236 (nempe
1619 1161 1928 1237 Euphemius
1967 1174 2018 1218 et
2044 1163 2219 1218 Mace-

355 1246 563 1315 douius)
587 1252 803 1315 fuerint
827 1253 998 1302 exilio
1026 1254 1321 1320 deportati.

504 1334 590 1386 ll.
631 1333 744 1388 Hac
781 1354 978 1405 quoque
1017 1337 1077 1389 de
1118 1355 1271 1390 causa
1308 1337 1444 1390 inter
1479 1348 1686 1391 sanctos
1726 1339 1877 1392 relati
1914 1348 2031 1391 sunt
2067 1339 2219 1392 etiam

352 1418 632 1474 Flavianus
659 1419 722 1474 ΙΙ.
765 1420 1048 1496 Episcopus
1085 1423 1465 1491 AntiochcnuS,
1503 1435 1553 1478 et
1578 1423 1721 1478 Elias
1747 1423 2221 1498 Hierosolymorum

354 1506 670 1582 Episcopus,
709 1509 826 1564 licet
864 1530 968 1565 non
1003 1512 1166 1565 solum
1202 1512 1686 1568 communicaverint
1728 1532 1838 1566 cum
1863 1510 2142 1586 Euphemio
2171 1524 2221 1568 et

353 1595 656 1650 Macedonio
696 1596 935 1652 Romana
980 1600 1332 1654 communione
1380 1601 1668 1655 carentibus
1704 1602 1766 1654 ob
1801 1620 1986 1655 nomeu
2022 1601 2221 1668 Aeacii,

353 1704 529 1741 verum
557 1685 710 1738 etiam
738 1686 850 1740 aliis
879 1687 1172 1758 quibusdam
1199 1689 1409 1743 maculis
1449 1691 1716 1744 tradantur
1744 1690 1938 1762 aspersi
1966 1690 2222 1761 graviori-

353 1774 446 1826 bus
473 1774 827 1845 proculdubio,
869 1794 1016 1846 quam
1054 1776 1387 1831 dissimulatio
1426 1778 1644 1831 nominis
1670 1777 1879 1843 Acacii,
1922 1796 2033 1831 cum
2071 1778 2222 1831 iidem

354 1863 584 1915 ferantur
630 1881 685 1916 se
738 1862 1006 1933 aliquando
1068 1883 1171 1917 non
1225 1865 1299 1917 ita
1349 1867 1508 1918 fortes
1570 1865 1893 1937 praestitisse
1953 1866 2005 1918 in
2057 1866 2222 1920 vindi-

356 1950 515 2003 canda
553 1951 749 2022 synodo
792 1948 1225 2018 Calchedonensi‚
1278 1953 1709 2026 reprimendisque
1755 1952 2072 2006 inimicorum
2113 1956 2221 2026 ejus

356 2038 650 2105 conatibuS‚
698 2039 773 2092 uti
809 2058 864 2092 se
905 2057 961 2092 se
989 2050 1284 2095 constantes
1312 2041 1654 2095 exhibuerunt
1680 2039 1990 2113 Euphemius
2029 2051 2080 2094 et
2105 2040 2223 2094 Ma-

357 2126 612 2179 cedonius.
686 2125 804 2179 Etsi
842 2145 967 2181 vero
1008 2127 1100 2182 has
1147 2128 1417 2201 graviores
1455 2130 1679 2183 maculas
1718 2128 2019 2201 praesertim
2059 2130 2222 2199 quoad

356 2210 409 2266 S.
437 2211 604 2265 Eliam
644 2213 959 2287 imposturae
996 2215 1293 2272 tribuendas
1322 2237 1422 2271 non
1451 2217 1706 2271 immerito
1735 2217 2058 2283 existimem3
2088 2236 2223 2271 com-

357 2301 609 2355 munionis
648 2321 771 2356 vero
812 2303 1016 2357 litterae
1041 2302 1324 2377 Euphemio
1354 2325 1411 2359 ac
1438 2304 1742 2359 Macedonio
1772 2305 1831 2357 ab
1860 2304 2038 2358 iisdem
2066 2306 2223 2358 tradi-

355 2398 439 2443 tae
466 2389 671 2456 fuerint,
699 2402 975 2464 propterea
1002 2393 1134 2463 quod
1161 2412 1249 2446 eos
1277 2393 1329 2446 iu
1355 2392 1657 2448 vindicanda
1682 2395 1776 2447 fide
1804 2393 1986 2464 synodi
2010 2390 2222 2447 Calche-

356 2477 596 2530 donensis
634 2479 792 2532 fortes
821 2480 1267 2551 deprehenderint,
1309 2480 1683 2549 timendumque
1722 2491 1889 2545 esset,
1931 2499 2022 2543 ne⁷
2064 2482 2106 2533 si
2134 2501 2223 2535 eas

356 2581 459 2616 non
487 2564 695 2629 darent,
723 2566 914 2620 inimici
941 2567 1174 2620 laudatae
1201 2566 1386 2638 synodi
1412 2586 1441 2619 a
1470 2566 1730 2620 catholicis
1761 2566 2107 2621 Orientalibus
2135 2570 2223 2622 ha-

356 2651 624 2716 berentur,
663 2661 718 2703 ut
746 2653 809 2704 de
839 2649 895 2703 S.
925 2650 1042 2704 Elia
1081 2653 1338 2723 colligitur
1373 2672 1443 2706 ex
1470 2651 1527 2706 S.
1558 2652 1727 2707 Sabae
1753 2654 1886 2719 vita3
1925 2666 2116 2709 certum
2145 2667 2229 2709 ta-

356 2757 471 2791 men
500 2738 722 2791 creditur
750 2739 840 2791 hos
869 2740 931 2792 ob
961 2739 1359 2794 communionem
1385 2739 1760 2813 (quaecumque
1780 2741 1961 2815 fuerit)
1987 2762 2096 2797 cum
2118 2742 2223 2796 Eu-

356 2826 553 2898 phemio
608 2837 658 2880 et
696 2826 1025 2894 Macedonio,
1079 2826 1347 2882 Romanae
1399 2829 1532 2882 sedis
1586 2830 1937 2885 communione
1978 2832 2220 2886 caruisse.

358 2911 610 2986 Quidquid
638 2926 806 2969 autem
833 2915 943 2983 suit,
972 2927 1057 2970 aut
1082 2916 1242 2970 fuisse
1268 2927 1625 2989 praesumatur
1646 2918 1698 2970 in
1718 2917 1844 2989 ipsis
1865 2921 2108 2984 maculae,
2138 2921 2221 2974 de-

356 3003 480 3056 levit
507 3004 689 3056 saltem
717 3003 924 3056 exilium
942 3045 955 3069 ‚
996 3004 1127 3076 quod
1152 3004 1265 3058 fidei
1292 3023 1445 3058 causa
1471 3006 1814 3077 pertulerunt,
1857 3008 1996 3077 cujus
2025 3008 2221 3077 quidem

356 3090 526 3161 gratia
565 3110 739 3144 eorum
779 3091 1023 3145 memoria
1062 3093 1436 3147 commendatur
1472 3092 1525 3145 in
1565 3090 1802 3145 Romano
1840 3091 2221 3167 Martyrologio

357 3177 433 3230 his
460 3178 631 3231 verbis
660 3179 737 3233 die
760 3191 940 3250 quarta
961 3179 994 3235 J
1000 3181 1113 3234 ulii:
1147 3182 1364 3234 Natalis
1385 3182 1710 3233 Sanctorum
1725 3182 1982 3234 Flaviani
2001 3186 2225 3236 secundi

359 3266 626 3336 Episcopi
647 3265 988 3334 Antiocheni,
1019 3277 1071 3322 et
1097 3271 1255 3322 Eliae
1283 3269 1551 3339 Episcopi
1578 3269 2103 3341 Hierosolymorum,
2131 3275 2223 3341 qui

352 3373 459 3420 pro
500 3358 708 3424 synodo
760 3358 1195 3410 Calchedonensi
1234 3358 1299 3409 ab
1329 3355 1620 3409 Anastasio
1652 3358 1987 3427 Imperatore
2027 3361 2079 3409 in
2111 3362 2220 3410 exi-

358 3442 486 3492 lium
515 3446 652 3502 acti,
695 3447 922 3497 victores
952 3449 1256 3516 migrarunt
1281 3447 1357 3497 ad
1383 3445 1689 3498 Dominum.
1745 3443 1894 3498 Licet
1927 3463 2050 3499 vero
2085 3445 2221 3498 obic-
