2314 3984
753 256 1137 315 ——295
1239 290 1400 297 ——

306 428 394 481 25.
418 426 584 480 Nemo
611 425 691 478 hic
711 424 828 478 mihi
854 443 963 478 eam
990 425 1330 495 quaestionem
1357 420 1808 492 curiosam'magis,
1833 439 1979 491 quam

166 513 499 573 necessariam
523 513 750 582 ingerat,
778 528 894 564 num
919 511 1048 565 aliae
1072 511 1314 581 quaedam
1335 509 1648 564 conditiones
1673 526 1706 561 a
1727 507 1978 561 nonnullis

166 600 443 654 recensitae
477 597 947 670 praerequirantur‚
991 603 1044 650 ut
1067 595 1287 650 delinitio
1324 597 1459 650 edita
1487 595 1679 649 dicatur
1711 613 1782 648 ecc
1806 595 1977 652 cathe-

163 689 266 739 dra
280 727 296 747 ,
321 685 549 738 nimirum
577 684 739 737 oratio
754 723 770 749 ,
808 700 1027 738 examen
1050 681 1486 752 scripturarumpt
1509 680 1822 744 traditioniS,
1860 698 1979 733 con-

166 772 365 824 sultatio
392 781 487 824 ete.
540 769 668 825 Cum
704 770 836 824 enim
873 785 942 823 ex
967 766 1196 820 indicatis
1227 765 1420 822 Christi
1456 767 1716 840 promissis
1741 785 1800 820 ac
1822 766 1979 819 tradi-

166 859 298 911 tione
346 858 453 930 ipsa
491 858 549 910 de
583 855 1007 910 indefectibilitate
1039 853 1151 906 fidei
1185 852 1331 907 Petri
1379 874 1438 908 ac
1475 872 1820 908 suceessorum
1853 855 1975 924 ejuS,

166 963 272 996 cum
321 962 416 1013 qua
464 960 670 996 necesse
717 951 797 996 est
828 950 985 994 totam
1023 939 1292 993 convenire
1327 938 1607 995 Ecclesiam
1642 939 1840 992 ratione
1877 939 1977 1011 pri-

163 1038 322 1082 matus
362 1030 424 1082 oh
470 1028 834 1082 custodiendam
867 1026 977 1079 fidei
1012 1025 1281 1091 unitatem3
1330 1043 1470 1090 cum,
1505 1026 1729 1095 inquam,
1765 1043 1834 1078 ex
1871 1025 1976 1090 his,

166 1134 256 1168 nec
304 1133 405 1168 non
454 1132 523 1167 ex
570 1113 822 1184 principiis
872 1111 1272 1166 adversariorum
1330 1129 1525 1181 quoque
1573 1129 1785 1164 assensu
1833 1129 1977 1182 prae-

163 1201 348 1253 stitutis
383 1210 570 1253 certmn
609 1199 779 1252 haberi
803 1199 1012 1260 debeat,
1047 1217 1147 1252 non
1182 1215 1356 1252 errare
1380 1196 1682 1263 Pontifices,
1717 1215 1824 1249 cum
1860 1195 1976 1250 defl-

163 1288 303 1339 niunt
338 1286 446 1339 fidei
481 1304 685 1339 causas:
735 1286 780 1338 si
817 1285 1003 1355 liqueat
1048 1304 1135 1338 eos
1171 1301 1450 1356 proponere
1496 1283 1678 1352 aliquid
1727 1292 1975 1351 tamquam

163 1375 341 1443 dogma
366 1372 657 1425 credendum
684 1389 754 1424 ex
779 1371 900 1435 fide,
940 1371 1321 1439 quibuscumque
1346 1379 1548 1422 utantur
1573 1369 1741 1423 verbis
1768 1379 1852 1421 aut
1877 1371 1977 1421 for-

164 1459 331 1523 muIiS,
359 1458 559 1521 suffieit,
587 1467 642 1508 ut
666 1456 973 1509 conditiones
999 1458 1060 1509 ad
1084 1456 1132 1509 id
1157 1457 1255 1510 rite
1281 1466 1332 1510 et
1356 1465 1493 1510 recte
1518 1455 1871 1527 praestandum
1896 1474 1975 1509 re-

164 1545 370 1614 quisitas
396 1561 495 1596 non
521 1543 734 1596 defuisse
768 1543 1041 1596 credamus.
1091 1541 1230 1596 Deus
1267 1543 1505 1613 siquidem
1529 1543 1784 1614 sapienter
1809 1542 1974 1595 suavi-

162 1641 336 1700 terque
362 1630 625 1701 disponens
651 1628 843 1693 omnia,
880 1630 992 1682 dum
1017 1630 1162 1683 linem
1187 1629 1454 1701 prospicit,
1490 1629 1650 1683 media
1685 1629 1835 1682 etiam
1859 1648 1975 1701 pro-

161 1716 305 1788 spicit
329 1716 389 1768 ad
413 1715 556 1768 linem
582 1713 885 1767 necessaria.
935 1713 995 1768 Si
1027 1734 1150 1785 ergo
1177 1734 1247 1769 ex
1282 1715 1567 1768 constitutis
1593 1717 1832 1769 hactenus
1857 1735 1972 1787 pro-

159 1802 309 1853 missa
333 1809 411 1853 est
434 1800 636 1852 summis
661 1798 987 1854 Pontificibus
1012 1800 1289 1854 inerrantia
1313 1811 1365 1855 et
1388 1801 1739 1866 infallibilitaS‚
1778 1802 1972 1871 quando

159 1905 228 1939 ex
259 1887 496 1957 primatus
520 1886 679 1939 officio
706 1886 920 1956 aliquam
958 1887 1069 1940 h'dei
1094 1888 1487 1941 controversiam
1514 1888 1749 1941 definiunt
1775 1889 1836 1940 ob
1862 1889 1972 1941 fidei

157 1973 398 2025 unitatem
423 1973 745 2039 servandam3
773 1974 1069 2044 promissum
1089 1975 1238 2027 etiam
1257 1975 1410 2027 fuisse
1429 1974 1743 2044 intelligitur,
1771 1993 1834 2027 ne
1858 1974 1971 2045 ipsi,

162 2077 268 2110 cum
295 2059 544 2122 definiunt,
572 2059 830 2128 quidquam
856 2060 998 2124 desit,
1027 2062 1155 2130 quod
1180 2062 1239 2112 ad
1261 2061 1594 2113 definitionem
1622 2061 1858 2113 edendam
1883 2059 1971 2113 n'e-

160 2145 428 2198 cessariam
465 2144 627 2197 fuerit.
695 2143 883 2198 Eadem
919 2164 1040 2199 sane
1075 2147 1299 2216 quaestio
1338 2147 1526 2200 moveri
1564 2157 1763 2217 posset,
1811 2148 1969 2215 quoad

159 2230 467 2283 definitiones
494 2230 650 2283 editas
675 2231 727 2282 in
753 2231 978 2301 generali
1003 2232 1224 2286 concilio.
1265 2231 1322 2286 Si
1341 2244 1506 2286 autem
1525 2232 1789 2285 haereticis
1816 2233 1968 2285 semel

161 2318 279 2370 haec
304 2316 503 2370 licentia
526 2317 865 2387 permittatur,
895 2329 946 2369 ut
971 2318 1021 2370 in
1049 2320 1385 2388 quaestionem
1410 2329 1615 2384 vocent,
1653 2337 1768 2370 num
1792 2317 1968 2372 Eccle-

159 2404 260 2455 siae
278 2402 467 2472 judices
494 2421 603 2454 eam
629 2403 933 2474 diligentiam
961 2423 1242 2474 curamque,
1270 2424 1395 2474 quae
1422 2424 1543 2476 opus
1570 2415 1708 2470 erat,
1736 2405 1967 2458 adhibue-

156 2488 284 2553 rint3
323 2487 430 2557 quis
472 2507 571 2540 non
606 2489 800 2553 videat,
839 2491 1003 2542 omnia
1036 2510 1158 2543 111οΧ
1194 2509 1294 2543 11011
1328 2501 1430 2543 tam
1455 2490 1783 2556 Pontificum,
1822 2511 1965 2560 quam

157 2573 373 2643 ipsorum
417 2575 841 2628 oecumenicorum
891 2576 1206 2629 conciliorum
1248 2578 1433 2649 judicia
1479 2578 1827 2631 labefactatum
1870 2578 1964 2630 iri?

158 2657 317 2710 Sicuti
342 2678 462 2727 ergo
490 2678 597 2711 cum
632 2661 843 2712 eduntur
877 2662 1185 2715 definitiones
1224 2664 1417 2717 concilii
1444 2665 1724 2734 generalis,
1761 2665 1819 2717 de
1846 2683 1963 2717 con-

158 2743 421 2796 ditionibus
459 2745 756 2797 necessariis
793 2765 936 2798 nemo
965 2747 1236 2800 catholicus
1262 2749 1475 2813 dubitat,
1512 2769 1607 2818 quo
1646 2751 1806 2802 minus
1832 2751 1963 2803 veri-

157 2840 308 2883 tatem
334 2830 646 2896 contineaut3
684 2830 754 2883 ita
779 2831 840 2883 et‘
863 2833 921 2885 de
948 2850 1245 2885 summorum
1270 2831 1564 2886 Pontificum
1600 2836 1962 2890 definitionibus

150 2916 477 2987 judicandum.
565 2914 706 2983 Quae
749 2918 987 2971 humanae
1029 2919 1211 2972 rationi
1255 2929 1304 2972 et
1347 2920 1618 2973 industriae
1663 2922 1959 2990 innituntur,

157 3002 348 3054 etiamsi
375 3002 492 3054 nihil
519 3003 752 3056 omissum
778 3005 844 3057 sit
868 3004 1178 3075 diligentiae,
1206 3006 1364 3059 errori
1394 3007 1596 3059 subesse
1623 3019 1832 3076 queunt3
1859 3029 1958 3064 non

157 3177 373 3228 utrobique
403 3179 652 3218 decisionem
697 3191 744 3218 ex
778 3180 993 3219 Ecclesiae
1034 3181 1300 3220 consensione
1346 3183 1607 3233 repetendam
1645 3195 1725 3222 non
1757 3197 1955 3236 repugna-

157 3249 253 3275 rem.
315 3238 365 3275 At
396 3238 429 3274 si
462 3249 594 3276 sermo
626 3239 680 3277 sit
711 3239 762 3277 de
795 3239 1035 3278 definitione
1067 3239 1185 3286 fidei,
1231 3241 1352 3279 sicuti
1384 3243 1650 3282 conciliorum
1682 3250 1799 3284 certo
1831 3257 1956 3295 gene-

156 3297 300 3334 ralium
331 3295 591 3335 definitiones
621 3309 671 3336 ex
703 3299 804 3348 ipsis
834 3300 971 3338 verbis
1005 3304 1047 3338 et
1080 3300 1189 3338 notis
1221 3299 1499 3340 definitionem
1540 3303 1861 3353 exprimentibus
1891 3318 1956 3344 sa-

155 3355 210 3393 tis
242 3355 560 3404 dignoscuntur,
603 3356 663 3394 ita
702 3357 826 3398 etiam
856 3358 1115 3400 definitiones
1146 3359 1388 3399 Pontificum
1418 3360 1691 3401 Romanorum
1734 3374 1783 3402 ex
1814 3363 1954 3403 cathe-

157 3414 229 3452 dra
261 3414 396 3453 editae
428 3415 530 3452 satis
562 3426 612 3452 ex
642 3427 691 3454 eo
722 3415 1030 3463 discernuntur,
1069 3418 1103 3455 si
1136 3418 1188 3455 iis
1219 3419 1355 3457 verbis
1395 3420 1477 3458 sint
1505 3421 1770 3473 propositae,
1809 3423 1953 3474 quibus

155 3483 204 3510 ox
236 3472 370 3511 officio
403 3478 445 3511 et
467 3474 562 3524 jure
593 3474 786 3524 primatus
815 3475 911 3515 fidei
943 3478 1140 3516 unitatem
1171 3477 1210 3516 in
1243 3477 1434 3518 Ecclesia
1465 3480 1795 3527 custodiendam,
1830 3486 1873 3520 et
1903 3483 1953 3520 ab

154 3532 333 3571 omnibus
363 3532 575 3572 catholicis
605 3535 888 3584 praestandam
920 3536 1141 3575 declarent.
