2314 3984
775 271 947 281 --
1032 238 1157 294 sn
1249 269 1419 279 —-

202 413 347 466 dente
369 419 480 464 erat
501 406 698 461 omnino
722 406 913 477 ignota.
958 404 1166 460 Certum
1190 403 1379 458 erroris
1403 412 1627 476 systema
1649 401 1862 456 nondum
1886 422 2000 474 pro·

201 496 361 550 dierat
383 511 452 548 ex
476 496 583 565 ejus
614 491 922 556 auctoribus,
961 492 1044 561 qni
1079 487 1226 544 unius
1251 508 1408 561 aeque
1431 509 1491 545 ac
1523 490 1727 543 duarum
1751 488 2001 560 operatio-

202 599 317 634 num
353 598 411 634 ac
444 580 752 633 voluntatum
790 577 1038 631 silentium
1071 576 1421 646 requirebant:
1467 594 1627 646 neque
1669 585 1789 628 tune
1823 593 1883 628 eo
1917 593 2000 628 res

202 684 470 739 progressa
491 676 620 731 erat,
647 675 702 717 ut
725 683 828 717 non
852 663 960 718 sine
982 663 1214 716 scandalo
1235 663 1438 716 duarmn
1463 662 1805 734 operationum
1830 679 1888 714 ac
1912 679 1999 715 vo-

201 755 438 806 luntatum
462 771 613 807 voces
638 760 844 824 possent
864 749 1056 813 omitti,
1081 757 1136 800 ut
1158 758 1334 819 postea
1357 747 1551 802 accidit.
1590 746 1722 801 Hinc
1748 765 1819 802 ex
1841 748 2000 801 inter-

201 841 330 893 dicto
357 840 635 893 earumdem
668 856 846 891 vocum
882 853 971 888 usu
992 832 1246 888 Honorius
1271 835 1460 889 erroris
1474 873 1489 899 ,
1525 852 1615 888 seu
1637 833 1861 888 haeresis
1885 852 2001 887 reus

203 927 255 979 in
287 926 458 979 iisdem
491 925 646 978 initiis
678 924 927 977 traductus
963 938 1064 972 non
1099 919 1218 985 fuit,
1265 939 1358 974 nec
1393 921 1490 974 ullo
1534 921 1678 972 modo
1714 921 1999 974 damnatusz

202 1012 347 1064 immo
374 1021 423 1064 et
448 1030 478 1063 a
499 1010 696 1065 Joanne
707 1008 798 1063 IV.
825 1017 878 1062 et
901 1026 932 1059 a
947 1005 1177 1058 Maximo
1202 1015 1427 1078 martyre
1450 1005 1726 1059 vindicatus
1750 1007 2001 1061 invenitur

203 1096 599 1150 luculentissimis
623 1093 883 1165 apologiis.
920 1089 1046 1145 Cum
1070 1110 1220 1162 porro
1245 1091 1431 1145 sensim
1457 1091 1548 1143 hac
1569 1089 1784 1144 Honorii
1807 1093 2002 1164 dispen-

202 1182 395 1234 satione
419 1198 506 1233 seu
529 1179 819 1233 oeconomia
842 1178 1203 1231 Monothelitae
1228 1179 1506 1242 abutenteS,
1534 1195 1622 1230 suo
1649 1177 1811 1230 errori
1834 1187 2002 1250 patro-

199 1267 380 1320 cinium
415 1266 596 1319 exinde
631 1266 984 1330 deduxissent3
1023 1265 1266 1318 detectum
1302 1265 1421 1330 fuit,
1457 1282 1568 1318 eum
1604 1282 1635 1316 a
1658 1261 1840 1335 Sergio
1865 1265 2002 1317 inani

201 1371 286 1424 spe
311 1362 362 1406 et
385 1351 651 1405 mendaciis
669 1352 823 1404 fuisse
852 1352 1123 1422 deceptum,
1149 1362 1200 1404 et
1220 1362 1394 1405 contra
1410 1368 1614 1422 pravam
1633 1349 1829 1403 illorum
1846 1351 2003 1404 inter—

201 1439 526 1510 pretationem
560 1448 707 1506 atque
745 1438 1040 1491 sententiam
1067 1437 1397 1491 necessariam
1431 1454 1542 1489 esse
1567 1454 1861 1507 expressam
1886 1455 2003 1490 con-

202 1525 466 1577 fessionem
492 1524 691 1594 duplicis
716 1523 1014 1588 voluntatis,
1042 1541 1142 1575 non
1165 1532 1331 1576 tamen
1357 1522 1678 1594 repugnantis
1702 1522 1753 1574 in
1781 1519 2002 1587 Christo,

202 1630 260 1665 ac
285 1609 588 1681 operationis
612 1609 729 1662 item
753 1609 986 1680 duplicis:
1022 1619 1073 1662 et
1105 1619 1224 1662 tunc
1247 1608 1501 1662 Honorius
1538 1610 1740 1679 ejusque
1765 1608 2003 1680 epistolae

203 1698 263 1749 ad
281 1695 512 1766 Sergium
536 1695 664 1746 male
692 1693 850 1747 audiri
874 1705 1165 1767 coeperunt3
1193 1696 1458 1764 eademque
1477 1695 1535 1754 de
1556 1713 1707 1748 causa
1723 1694 1850 1748 idem
1867 1693 2005 1747 Pon-

203 1783 330 1836 tifex
356 1800 453 1834 una
477 1799 584 1834 cum
608 1778 814 1850 Sergi0‚
854 1775 994 1851 Cyro
1010 1819 1025 1844 ‚
1062 1780 1267 1850 aliisque
1292 1780 1636 1835 Monothelitis
1661 1779 1754 1832 fuit
1777 1780 1830 1833 in
1854 1790 2006 1833 sexta

205 1868 429 1940 generali
454 1866 646 1938 synodo
673 1865 1050 1931 condemnatus,
1077 1884 1177 1918 non
1201 1876 1369 1920 tamen
1395 1868 1455 1919 ob
1482 1866 1754 1931 haeresim,
1781 1868 1868 1920 sed
1892 1866 2007 1937 quia

203 1974 263 2008 ea
287 1953 600 2007 oeconomica
623 1950 896 2022 improvida
921 1951 1288 2023 dispensatione
1304 1992 1317 2017 ,
1356 1962 1406 2005 et
1429 1953 1679 2006 nonnullis
1705 1953 1865 2009 minus
1891 1971 2004 2006 cau-

202 2041 267 2091 tis
305 2039 655 2101 locutionibuS,
691 2055 812 2106 quas
847 2037 917 2089 illi
947 2038 998 2090 in
1032 2057 1172 2091 suum
1209 2057 1411 2110 pravum
1448 2039 1626 2110 dogma
1659 2040 2005 2103 obtrudebant‚

204 2125 359 2178 eidem
384 2123 578 2178 haeresi
601 2125 819 2176 favorem
845 2123 1142 2194 impendisse
1164 2125 1301 2179 visus
1327 2134 1420 2178 est.
1445 2124 1523 2178 Ita
1547 2123 1656 2178 Leo
1681 2123 1763 2187 IL,
1789 2125 1871 2194 qui
1895 2136 2008 2196 post

205 2220 402 2264 sextam
437 2210 676 2281 synodum
709 2209 967 2278 Agathoni
1001 2210 1266 2273 successit,
1305 2210 1529 2263 scribens
1563 2211 1623 2262 ad
1653 2211 2006 2282 Imperatorem

205 2316 293 2368 pro
332 2295 702 2348 confirmatione
738 2295 964 2348 laudatae
1000 2295 1206 2366 synodi,
1244 2314 1351 2348 cum
1389 2296 1830 2351 anathematizavit
1865 2297 2006 2362 alios,

204 2400 326 2451 quos
353 2381 613 2453 appellavit
637 2383 761 2433 novi
785 2401 994 2434 errores
1020 2385 1333 2444 inventores,
1356 2392 1459 2436 tum
1483 2402 1604 2437 vero
1623 2382 1900 2435 Honorium
1925 2383 2008 2435 ad-

205 2467 351 2531 didit,
379 2466 554 2538 quippe
579 2471 695 2537 qui,
724 2467 821 2531 ait,
861 2469 998 2520 Ιιαηο
1024 2467 1390 2537 Apostolicam
1415 2471 1711 2522 Ecclesiam
1735 2489 1842 2521 non
1868 2468 2007 2538 Apo·

203 2555 420 2606 stolicae
454 2555 757 2606 traditionis
793 2555 1039 2606 doctrina
1076 2556 1388 2615 illustravit,
1433 2558 1528 2607 sed
1565 2559 1808 2623 profana
1845 2558 2008 2607 tradi-

204 2643 343 2690 tione
371 2641 754 2691 immaculatam
778 2642 1040 2692 maculari
1066 2645 1337 2708 permisit3
1376 2651 1425 2694 et
1460 2641 1513 2695 in
1540 2641 1683 2712 epist.
1713 2642 1762 2693 2.
1804 2642 1864 2693 ad
1889 2640 2008 2714 Epi-

205 2742 382 2793 scopos
407 2722 707 2793 Hispaniae,
733 2727 825 2791 qui
858 2727 1119 2792 flammam
1145 2727 1401 2779 haeretici
1438 2730 1722 2795 dogmatis,
1770 2747 1904 2788 non,
1954 2735 2010 2780 ut

206 2811 383 2860 (locuit
418 2807 778 2876 Apostolicam
812 2814 1201 2870 auctoritatem,
1239 2814 1572 2880 incipientem
1609 2816 1867 2873 extinxit,
1916 2816 2011 2865 sed

207 2897 518 2963 neyliyendo
545 2899 795 2962 confovit.
831 2893 1072 2948 Similiter
1097 2895 1147 2947 in
1172 2896 1479 2966 professione
1504 2895 1846 2950 Romanorum
1871 2895 2008 2949 Pon-

206 2980 386 3032 tificum
413 2980 463 3031 in
490 2982 754 3033 Dim-num
786 2981 978 3034 inserta
1013 2991 1125 3052 post
1151 2991 1343 3035 eeteros
1381 2982 1600 3052 ejusdem
1624 2982 1813 3035 erroris
1840 2992 2009 3035 aucto-

207 3085 288 3118 res
316 3065 575 3119 anathema
599 3067 755 3119 fertur
779 3067 832 3120 in
857 3065 1131 3121 Honorium
1148 3107 1161 3131 ,
1203 3071 1294 3137 qui
1311 3071 1496 3137 pravis
1524 3088 1703 3121 eorum
1740 3070 2007 3122 erroribus

205 3155 445 3218 favorem
478 3155 745 3220 impendit.
806 3152 1003 3224 Lapsus
1040 3154 1274 3225 ejusmodi
1310 3154 1363 3205 in
1401 3153 1624 3206 Honorio
1661 3163 1893 3220 notatus,
1931 3166 2008 3208 est

209 3253 352 3287 error
377 3235 706 3306 negligentiae
732 3247 782 3291 et
807 3238 1119 3304 omissionis,
1159 3258 1217 3292 eo
1244 3241 1369 3310 quod
1405 3241 1463 3292 ad
1499 3242 1839 3312 praecavenda
1864 3261 2008 3296 scan-

209 3322 317 3372 dala
342 3321 628 3374 catholicam
653 3322 926 3377 doctrinam
951 3344 1049 3377 non
1077 3325 1342 3389 definierit,
1381 3335 1433 3376 ut
1458 3327 1746 3397 oportebat3
1783 3330 1911 3398 quod
1936 3331 2007 3381 ol‘-

215 3406 321 3459 ficio
349 3406 439 3458 sihi
469 3407 746 3460 commissio
780 3411 1219 3464 confirmandorum
1245 3414 1451 3463 fratrum
1478 3412 1711 3479 defuerit3
1739 3416 1864 3485 quod
1891 3415 2007 3467 hae—

214 3492 309 3544 resi
339 3492 560 3546 nascenti
587 3511 639 3546 se
666 3511 719 3545 se
746 3512 844 3547 non
870 3497 1135 3567 objecerit,
1175 3498 1470 3568 nimiumque
1495 3499 1721 3553 credulus
1745 3499 2006 3572 Sergiique
