2320 3990
670 271 842 283 —
936 223 1048 296 1'31
1147 269 1317 279 --

91 419 410 482 congestum,
445 408 600 462 totius
637 407 924 461 Occidentis
959 404 1296 460 testimonium
1331 402 1607 458 exhibebit.
1657 402 1829 474 ltaque
1852 406 1903 459 in

89 496 297 570 epistola
322 495 384 548 ad
405 492 738 566 Imperatores
765 492 1038 547 catholicae
1064 488 1424 545 communionis
1450 488 1694 559 originem
1720 498 1772 543 et
1796 490 1906 543 fon-

90 593 188 637 tem
212 580 493 637 Romanam
532 580 794 635 ecclesiam
831 579 1091 652 profitetur
1125 575 1332 648 (Amhr.
1372 575 1521 628 class,
1548 575 1600 629 2.
1628 574 1774 648 epist.
1799 574 1903 649 2.).

99 668 278 720 Totius
304 667 446 719 orbis
475 667 709 719 Romani
732 673 895 736 caput
922 665 1221 717 Romana-m
1246 664 1550 723 ecclesiam,
1575 669 1733 732 atque
1759 665 1908 717 illam

89 760 480 808 sacrosanctam
517 751 899 822 Apostolorum
928 752 1090 820 fidem
1135 768 1202 801 ne
1248 748 1460 802 turbari
1494 749 1720 811 sineret,
1765 751 1906 804 obse-

88 843 293 894 cranda
311 844 423 909 fuit
447 841 726 892 cle-mentia
750 844 951 899 vestm,-
976 837 1100 888 inde
1129 837 1267 887 enim
1292 837 1346 886 in
1374 853 1552 887 omnes
1571 838 1907 888 venerandae

90 929 463 979 communionis
483 930 621 996 jura
652 926 942 978 dimanant.
995 916 1151 988 Quid,
1187 938 1338 991 1¹og0‚
1375 921 1608 990 estquod
1633 921 1906 977 catholicae

90 1011 444 1065 communionis
473 1013 590 1083 jura
624 1026 694 1063 ex
719 1006 955 1060 Romana
987 1006 1040 1059 in
1078 1005 1203 1059 alias
1239 1024 1413 1059 omnes
1448 1006 1706 1060 dimanant
1729 1005 1907 1061 Eccle-

90 1098 227 1150 sias?
277 1097 331 1149 Id
364 1115 514 1150 unum
547 1095 800 1168 prosectu,
838 1093 889 1146 ni
927 1093 1097 1158 fallor,
1136 1092 1264 1162 quod
1299 1091 1431 1144 nulla
1468 1091 1568 1145 alia
1591 1093 1906 1164 particularis

41 1187 48 1190 “
89 1183 300 1236 ecclesia
323 1182 371 1234 id
390 1181 546 1234 ,hahet
562 1180 692 1252 juris
718 1199 808 1252 per
834 1198 888 1232 se
915 1199 999 1245 se,
1026 1188 1081 1230 ut
1106 1178 1314 1231 aliarum
1340 1177 1664 1231 ecclesiarum
1691 1197 1908 1232 commu-

89 1268 286 1322 nionem
324 1267 530 1338 exigat,
580 1266 678 1318 nisi
724 1266 834 1338 ipsa
873 1265 1212 1319 communicet
1245 1283 1354 1317 cum
1391 1261 1623 1318 Ecclesia
1659 1263 1907 1330 Romana,

90 1374 213 1424 quae
263 1354 370 1407 sola
417 1372 507 1426 per
556 1371 610 1406 se
660 1352 875 1404 omnium
912 1351 1235 1405 ecclesiarum
1275 1351 1667 1403 communionem
1712 1361 1761 1404 et
1799 1351 1907 1402 uni-

89 1450 246 1493 tatem
294 1439 491 1491 omnino
542 1437 778 1507 requirit,
841 1437 1064 1506 idemque
1116 1435 1473 1489 communionis
1513 1437 1597 1506 jus
1648 1436 1758 1489 aliis
1806 1434 1908 1490 Ec-

90 1525 256 1579 clesiis
293 1543 458 1578 secum
495 1524 967 1577 communicantibus
1001 1521 1303 1595 impartitur.
1354 1521 1485 1575 Hinc
1511 1523 1595 1593 qui
1621 1542 1651 1575 a
1676 1521 1907 1576 Romana

90 1611 335 1682 separati,
370 1611 452 1664 vel
486 1609 700 1680 praecisi
736 1619 878 1674 sunt,
908 1611 990 1680 jus
1018 1607 1373 1661 communionis
1400 1609 1583 1660 nullum
1611 1608 1820 1662 habent:
1861 1619 1909 1662 et

90 1696 273 1749 idcirco
301 1697 358 1748 de
385 1715 446 1748 ea
471 1695 814 1748 communione
842 1695 1026 1747 certior
1051 1694 1161 1747 fieri
1186 1694 1344 1747 voluit
1369 1692 1619 1766 SatyruS,
1645 1706 1699 1748 ut
1726 1695 1909 1748 exinde

91 1791 443 1853 cognosceret,
483 1799 599 1832 num
637 1780 731 1832 sibi
767 1799 875 1834 cum
909 1777 1156 1850 Episcopo
1195 1780 1300 1850 ejus
1333 1777 1618 1845 Ecclesiae,
1668 1781 1729 1832 ad
1763 1799 1908 1850 quam

91 1878 322 1934 venerat,
362 1867 809 1921 communicandum
848 1875 1009 1919 esset:
1049 1866 1184 1936 cujus
1219 1866 1422 1936 generis
1458 1864 1691 1936 exempla
1724 1865 1911 1936 aliquot

93 1955 190 2006 alia
216 1963 480 2026 suppetluit
506 1972 575 2006 ex
602 1953 711 2006 aliis
738 1951 926 2006 sanctis
953 1961 1004 2004 et
1030 1951 1186 2005 doctis
1212 1951 1354 2017 viriS,
1383 1970 1452 2005 ex
1473 1951 1647 2022 quibus
1674 1952 1910 2004 nonnulla

92 2041 143 2092 in
170 2039 488 2110 sequentibus
522 2039 736 2092 forsitan
773 2041 1075 2091 referentur.
1131 2037 1284 2090 Ratio
1326 2038 1475 2091 etiam
1511 2038 1778 2091 manifesta
1812 2049 1908 2091 est.

93 2125 183 2180 Jus
210 2126 339 2178 enim
367 2125 636 2178 catholicae
670 2124 1025 2177 communionis
1064 2124 1157 2175 soli
1196 2124 1429 2194 competit
1453 2123 1714 2178 Ecclesiae
1742 2125 1910 2176 catho-

95 2212 238 2276 licae,
265 2211 392 2263 idest
418 2211 478 2262 iis
506 2210 588 2279 qui
614 2210 665 2261 in
690 2209 948 2263 Ecclesiae
976 2207 1248 2261 catholicae
1276 2208 1464 2260 unitate
1491 2218 1540 2260 et
1567 2209 1908 2263 communione

95 2297 399 2349 consistunt:
439 2314 496 2348 ac
520 2305 787 2367 propterea
826 2315 932 2349 cum
959 2293 1204 2366 separatis
1241 2313 1329 2347 seu
1357 2294 1567 2348 abscisis
1595 2297 1654 2347 ab
1681 2293 1912 2350 Ecclesia

94 2383 336 2435 catholica
372 2382 732 2436 communicare
767 2401 867 2434 non
906 2382 1036 2435 licet.
1103 2379 1334 2434 Ecclesia
1369 2399 1492 2433 vero
1531 2380 1773 2435 catholica
1811 2401 1909 2435 non

94 2478 171 2521 est
196 2468 293 2520 nisi
318 2468 418 2533 illa,
447 2487 572 2537 quae
599 2487 707 2522 cum
732 2467 963 2522 Romana
990 2469 1105 2521 sede
1133 2468 1479 2531 communicat,
1507 2467 1759 2537 eidemque
1786 2478 1913 2519 tam-

94 2572 235 2622 quam
263 2563 435 2606 centro
463 2564 513 2607 et
538 2556 852 2608 fundamento
881 2553 1206 2618 adhaerescit,
1234 2563 1288 2605 ut
1312 2554 1393 2607 vel
1419 2571 1488 2607 ex
1514 2552 1623 2625 ipso
1636 2552 1911 2606 Ambrosio

94 2639 322 2712 vidimus.
373 2638 440 2691 Iis
466 2658 588 2710 ergo
617 2641 760 2706 30113,
797 2640 880 2709 qui
916 2659 1025 2692 cum
1061 2638 1294 2692 Romana
1331 2640 1448 2693 sede
1487 2640 1911 2694 communicantes

97 2723 347 2792 eidemque
374 2725 700 2778 adhaerentes
737 2725 986 2796 pertinent
1021 2726 1083 2777 ad
1116 2723 1396 2778 Ecclesiam
1424 2725 1743 2791 catholicam,
1780 2746 1914 2780 com-

102 2808 348 2860 munionis
375 2810 645 2862 catholicae
663 2812 747 2880 jus
774 2820 868 2862 est.
918 2810 1063 2861 Adeo
1090 2810 1245 2878 igitur
1272 2811 1546 2862 communio
1575 2828 1683 2861 cum
1721 2812 1837 2864 sede
1865 2822 1915 2864 et

96 2891 326 2946 Ecclesia
351 2892 583 2947 Romana
609 2905 685 2948 est
710 2894 996 2948 necessaria
1024 2911 1090 2946 ex
1106 2890 1322 2946 Concilii
1347 2893 1687 2965 Aquilejensis
1713 2906 1915 2950 senten-

96 2979 194 3043 tia,
232 2989 285 3030 ut
323 2980 430 3032 sine
469 2981 811 3033 communione
839 2979 1078 3051 ejusmodi
1104 2981 1290 3032 nullum
1317 2980 1524 3052 cuipiam
1553 2982 1913 3036 communionis

89 3067 170 3135 jus
197 3064 279 3117 sit.
333 3062 455 3119 Sive
480 3084 665 3136 magna
691 3084 830 3138 ergo,
857 3066 964 3120 sive
991 3066 1180 3136 exigua
1207 3067 1270 3119 sit
1297 3085 1414 3137 pars
1432 3106 1446 3131 ,
1474 3085 1600 3136 quae
1626 3086 1656 3120 a
1681 3066 1911 3122 Romana

97 3151 436 3206 communione
475 3162 768 3224 separatur,
807 3153 1011 3224 perinde
1048 3162 1153 3204 est:
1194 3171 1250 3205 ac
1284 3152 1490 3224 proinde
1527 3153 1579 3206 in
1607 3151 1915 3208 Graecorum

98 3235 362 3289 schismate
388 3256 418 3290 a
443 3238 592 3291 totius
618 3239 724 3292 fere
752 3237 976 3293 Orientis
1001 3236 1243 3292 Ecclesiis
1271 3240 1354 3309 jus
1381 3257 1527 3292 omne
1554 3242 1913 3295 communionis

99 3322 331 3374 amissum
370 3323 613 3389 dolemuS,
661 3326 788 3394 quod
833 3344 932 3378 non
973 3334 1120 3378 antea
1164 3343 1458 3396 recuperare
1506 3335 1768 3396 poterunt,
1817 3328 1914 3381 nisi

96 3406 230 3476 prius
257 3426 365 3461 cum
394 3406 623 3461 Romana
650 3411 764 3464 sede
791 3410 1126 3475 reconciliati,
1163 3410 1211 3461 in
1240 3411 1342 3480 ejus
1370 3412 1759 3468 communionem
1787 3415 1914 3468 reci-

97 3490 308 3561 piantur.

1479 3584 1558 3637 9*
