2314 3984
731 237 1108 295 --247
1203 270 1376 279 ———-

146 410 429 474 seman,
455 415 513 460 et
546 407 673 460 dnae
702 406 943 476 ejusmodi
981 405 1319 468 conditiones,
1356 421 1454 473 qua
1491 409 1674 461 nostro·
1692 402 1958 473 systemati

53 499 60 502 ’
143 490 323 565 opponi
348 483 562 561 queunt,
587 490 909 563 disjiciendae
935 501 1231 565 supersunt3
1259 499 1311 544 et
1334 489 1571 561 siquidem
1593 503 1662 542 ex
1687 485 1958 560 praestitu-

143 579 208 633 tis
258 577 608 647 concessisque
656 577 910 650 principiis
967 586 1080 649 apte
1108 575 1474 649 disjiciatur,
1539 572 1958 643 inanissimaoqne

142 664 436 735 probentur,
464 662 583 716 nihil
609 665 883 736 supererit,
911 661 1171 733 quominus
1195 662 1588 716 demonstratum
1613 661 1710 724 sit,
1736 658 1958 714 necessi-

142 761 295 805 tatem
321 750 648 803 conveniendi
674 769 781 803 cum
806 750 900 803 fide
925 746 1187 805 Romanae
1211 747 1370 813 sedis,
1397 747 1680 810 cathedrae,
1707 756 1758 799 et
1781 743 1959 798 Eccle-

143 835 247 889 siae
273 853 342 888 ex
367 835 632 891 traditione
658 837 718 889 ab
743 835 867 908 ipsis
885 832 1185 888 adversariis
1204 843 1468 899 assertam,
1494 833 1622 887 idem
1648 850 1761 886 esse
1786 848 1846 885 ac
1870 849 1958 885 ns·

143 920 425 976 cessitatem
451 921 776 977 conveniendi
809 940 916 976 cum
959 918 1304 973 Romanorum
1331 917 1629 973 Pontificum
1655 918 1774 983 fide,
1812 935 1957 987 quam

144 1007 193 1059 vi
217 1007 456 1077 primatus
494 1008 758 1072 definiunt,
794 1006 1060 1075 eademque
1098 1005 1375 1059 necessitas
1412 1004 1531 1057 nulli
1556 1003 1826 1059 conditioni
1853 1002 1935 1056 alli

141 1104 259 1163 gata
283 1093 382 1147 vim
409 1094 682 1146 absolutam
710 1110 886 1164 parere
912 1100 1260 1163 cognoscetur.

283 1179 368 1231 24.
421 1177 492 1230 Ut
516 1188 679 1232 autem
704 1178 934 1251 incipiam
962 1197 990 1231 a
1015 1177 1330 1231 distinctione
1356 1177 1482 1248 apud
1502 1173 1820 1230 adversarios
1845 1191 1958 1244 per-

141 1264 342 1335 vulgata
368 1263 500 1317 inter
526 1262 806 1318 Romanam
834 1266 998 1320 sedem
1037 1274 1183 1334 atque
1209 1264 1492 1329 sedentem,
1533 1281 1641 1315 cum
1668 1260 1713 1314 ei
1741 1258 1958 1313 auctori—

140 1360 294 1403 tatem
325 1350 590 1404 concilient
614 1369 642 1404 e
668 1352 854 1404 duobus
880 1349 936 1403 S.
964 1348 1156 1403 Leonis
1182 1349 1481 1402 testimoniis
1498 1388 1512 1412 ,
1540 1349 1713 1400 horum
1735 1346 1958 1399 testimo-

141 1437 333 1489 niorum
367 1436 445 1490 vis
472 1445 622 1504 atque
659 1436 910 1490 sententia
945 1435 1169 1507 inprimis
1196 1434 1489 1506 explicanda
1525 1444 1619 1487 est.
1672 1431 1730 1486 Si
1766 1441 1958 1486 attente

142 1523 372 1591 legantur
398 1521 510 1574 illae
535 1522 658 1574 duae
684 1519 738 1575 S.
765 1521 1026 1575 Pontificis
1053 1522 1320 1594 epistolae,
1348 1539 1418 1574 ex
1445 1520 1619 1590 quibus
1645 1520 1840 1590 objecta
1880 1528 1955 1573 te-

141 1607 373 1659 stimonia
404 1616 567 1659 sumta
600 1607 828 1673 fuerunt3
879 1609 1042 1680 palam
1077 1608 1161 1661 fiet
1203 1605 1259 1660 S.
1300 1604 1571 1660 Doctorem
1609 1607 1743 1659 inter
1777 1603 1956 1659 merita

139 1690 537 1745 praesidentium
563 1702 615 1745 et
640 1693 827 1746 sedium
855 1696 972 1764 jura
1006 1693 1078 1746 ita
1101 1693 1320 1747 voluisse
1345 1693 1679 1763 distinguere,
1727 1700 1780 1743 ut
1806 1708 1957 1759 quae·

139 1796 343 1846 cumque
369 1778 470 1832 sint
494 1777 672 1830 merita
699 1777 805 1831 sive
840 1780 971 1832 bona
1009 1779 1116 1832 sive
1151 1779 1281 1831 mala
1307 1770 1683 1841 PraesidentiS,
1722 1775 1844 1829 nihil
1870 1794 1956 1828 au-

138 1863 274 1932 geri,
312 1864 392 1916 vel
417 1862 570 1915 minui
608 1864 818 1916 debeant
843 1865 1028 1918 sedium
1049 1866 1163 1936 jura
1180 1904 1194 1929 ,
1221 1881 1348 1934 quae
1375 1863 1490 1918 olim
1516 1862 1788 1916 constituta
1805 1901 1818 1924 ‚
1847 1871 1898 1916 et
1925 1881 1954 1914 a

136 1946 376 2003 Nicaenis
403 1947 640 2002 Patribus
679 1950 997 2016 confirmata,
1034 1951 1237 2005 immota
1275 1950 1452 2004 debent
1491 1949 1784 2005 consistere.
1838 1947 1955 2003 Pri-

137 2052 266 2087 mum
289 2034 625 2088 testimonium
641 2077 656 2096 ,
682 2035 849 2088 Aliud
872 2045 994 2089 sunt
1015 2039 1192 2098 sedes,
1218 2038 1371 2090 aliud
1399 2037 1798 2097 Praesidentes‚
1825 2036 1953 2106 quod

138 2137 247 2173 eam
273 2119 638 2174 distinctionem
666 2122 958 2192 expressius
985 2121 1206 2186 exhibet,
1233 2132 1445 2175 sumtum
1471 2133 1549 2175 est
1575 2140 1644 2174 ex
1669 2123 1814 2193 epist.
1831 2121 1950 2173 106.

138 2207 201 2257 al.
228 2206 316 2259 80.
345 2224 388 2258 c.
416 2207 466 2258 5.
495 2207 556 2257 ad
581 2205 871 2259 Anatolium
898 2203 1519 2278 Constantinopolitanum‚
1547 2208 1630 2279 qui
1657 2218 1834 2262 contra
1858 2205 1953 2259 Ni-

139 2308 404 2344 caenorlun
429 2309 673 2344 canonum
700 2293 972 2346 constituta
999 2294 1244 2347 secundae
1271 2294 1404 2347 sedis
1430 2294 1588 2346 locum
1614 2303 1666 2349 et
1683 2296 1768 2365 jus
1784 2333 1797 2358 ‚
1825 2294 1954 2362 quod

137 2376 514 2430 Alexandrinae
539 2378 644 2431 sedi
671 2379 994 2450 competebat,
1019 2378 1113 2432 sibi
1136 2380 1187 2433 in
1214 2377 1608 2434 Calchedona-nsi
1638 2379 1953 2432 deferendum

136 2472 429 2527 curaverat,
457 2463 571 2516 illud
595 2474 787 2535 tempus
813 2475 1140 2536 opportunum
1167 2476 1399 2536 captam,
1440 2485 1570 2535 quo,
1607 2475 1659 2518 ut
1686 2467 1813 2520 idem
1839 2464 1950 2522 Leo

135 2548 205 2599 ait
232 2566 274 2599 c.
303 2549 375 2612 2.,
401 2552 620 2601 secundi
640 2550 862 2603 Ιιοὴονίε
884 2553 1224 2620 privileyium
1250 2555 1398 2605 sedes
1425 2550 1808 2605 Alexandrina
1829 2571 1950 2618 per-

135 2635 374 2694 diderat,
398 2634 460 2685 ob
487 2634 756 2703 nequitiam
783 2635 970 2689 scilicet
996 2638 1099 2705 ejus
1125 2635 1361 2709 Episcopi
1385 2636 1648 2703 Dioscori,
1677 2638 1759 2707 qui
1785 2638 1836 2690 in
1864 2657 1949 2691 eo-

136 2718 243 2770 dem
269 2717 476 2770 coucilio
512 2719 762 2789 depositus
798 2721 978 2772 fuerat.
1030 2720 1080 2773 Id
1124 2732 1290 2775 autem
1316 2723 1438 2776 nihil
1464 2723 1750 2793 praejudicii
1776 2742 1950 2776 creare

137 2819 283 2873 posse
309 2802 465 2854 eidem
494 2803 598 2856 sedi
623 2802 679 2856 S.
708 2803 817 2858 Leo
854 2804 1160 2859 indicaturus
1203 2823 1312 2876 cap.
1344 2809 1395 2858 5.
1423 2817 1682 2877 postquam
1709 2809 1762 2860 in
1787 2827 1846 2863 eo
1873 2810 1950 2861 in-

136 2887 293 2951 stitit,
321 2906 384 2941 ne
411 2889 755 2943 convellantur
782 2891 899 2960 jura
934 2891 1223 2962 primatum,
1259 2909 1323 2945 ne
1360 2892 1631 2962 privilegiis
1668 2912 1697 2945 a
1722 2893 1947 2948 Nicaeno

134 2973 417 3026 constitutis
454 2972 830 3045 Metropolitani
879 2977 1167 3030 fraudentur
1203 2977 1505 3041 AntistiteS,
1555 2979 1743 3031 subdit:
1796 2981 1953 3033 Nlln‘l

138 3058 539 3114 Alexandrinae
565 3063 679 3114 sedi
712 3067 850 3133 ejus,
890 3084 1045 3133 quam
1065 3084 1169 3132 per
1201 3065 1255 3117 S.
1286 3066 1528 3119 Illarcum
1555 3066 1947 3134 Euaregyelistatiz

137 3145 205 3195 B,
239 3145 392 3197 Petri
414 3148 738 3215 discipulum
763 3153 978 3208 meruit,
998 3157 1194 3217 pereat
1215 3152 1517 3218 dimittam,-
1552 3171 1651 3205 nec
1676 3152 1945 3206 Dioscoro

134 3233 413 3298 impietatis
437 3250 561 3284 suae
580 3236 887 3300 pervicacia
913 3242 1191 3289 corruente
1219 3234 1310 3305 (ob
1337 3245 1662 3290 memoratam
1682 3235 1835 3307 ipsius
1861 3238 1945 3291 de-

134 3314 457 3386 positionem)
513 3319 766 3384 splendor
808 3327 987 3374 cantas
1045 3321 1316 3375 Ecclesiae
1368 3324 1593 3379 tenebris
1641 3323 1944 3390 obfuscetur

133 3402 332 3454 alienis.
385 3398 512 3453 Post
539 3419 663 3470 quae
690 3405 840 3457 verba
866 3405 992 3459 banc
1020 3405 1261 3459 rationem
1291 3425 1410 3461 mox
1439 3407 1701 3479 subjiciens
1719 3448 1733 3471 ,
1780 3408 1946 3464 Aliud

136 3489 268 3538 enim
293 3494 412 3540 sunt
435 3490 581 3540 sedes
598 3529 611 3548 ,
640 3491 791 3544 aliud
817 3491 1191 3545 praesidentes
1209 3534 1222 3552 ‚
1264 3511 1426 3547 nonne
1453 3493 1713 3549 manifeste
1742 3495 1939 3565 respicit.
