2320 3990
816 271 992 279 ——
1093 255 1155 291 lx

348 415 402 470 1.
451 408 797 487 Propositio
834 407 1148 465 haeretica
1196 424 1266 463 ea
1302 409 1418 474 est,
1465 419 1604 478 quae
1642 400 1947 470 formaliter
1981 406 2036 458 et

215 516 422 572 directe
476 514 804 570 adversatur
850 510 1206 586 propositioni
1254 507 1512 582 explicite
1559 502 1880 578 revelatae,
1940 503 2035 558 vel

215 617 473 691 implicite
507 615 794 671 revelatae
828 617 883 669 et
917 616 978 667 ut
1010 611 1104 666 tali
1140 611 1205 665 ab
1241 607 1505 664 Ecclesia
1540 603 1827 676 definitae3
1875 607 2032 675 cujus

218 735 356 794 ergo
382 716 801 774 contradictoria
827 717 913 768 est
937 711 1004 766 de
1030 709 1155 765 fide.

345 820 407 875 2.
456 818 749 873 Erronea
785 816 839 869 in
864 811 968 868 fide
996 829 1062 868 ea
1087 816 1206 887 est,
1255 825 1394 883 quae
1420 810 1709 883 opponitur
1733 807 2035 886 doctrinae,

218 937 378 992 quam
411 919 504 974 vel
535 918 803 973 unanimis
841 910 956 972 SS.
982 911 1211 968 Patrum
1247 911 1341 966 vel
1378 909 1680 966 Doctorum
1704 907 2038 967 Catholico-

217 1039 338 1075 rum
375 1021 646 1076 sententia
680 1017 917 1073 mediate
953 1015 1259 1070 revelatam
1288 1012 1531 1084 judicat,
1580 1013 1711 1068 licet
1746 1013 1797 1067 id
1825 1016 1889 1068 ab
1914 1012 2036 1070 Ec-

219 1122 391 1175 clesia
414 1119 650 1176 nondum
675 1118 841 1174 fuerit
866 1133 1134 1191 expresse
1159 1114 1456 1170 definitum.
1493 1112 1785 1169 Erroneae
1811 1119 2040 1170 contra-

220 1221 449 1276 dictoria
484 1239 518 1275 a
541 1220 853 1296 'Pheologis
883 1220 1240 1275 communiter
1280 1234 1352 1271 ex
1390 1216 1655 1271 revelatis
1691 1233 1793 1290 per
1816 1218 2044 1272 rationis

221 1320 525 1390 discursum
549 1322 835 1378 evidenter
858 1319 1050 1375 inferri
1075 1320 1250 1395 solet,
1289 1293 1433 1373 unde
1462 1322 1516 1372 et
1541 1315 1842 1373 conclusio
1862 1312 2042 1373 ‘theo-

222 1420 417 1496 logica
453 1423 676 1499 dicitur,
724 1425 909 1496 sicque
949 1426 1032 1477 est
1066 1420 1377 1476 virtualiter
1413 1419 1666 1474 revelata
1704 1423 1760 1474 et
1794 1422 2041 1493 proxime

226 1524 494 1578 accedens
533 1523 603 1578 ad
636 1523 816 1580 fidem.
879 1521 1228 1596 Quapropter
1254 1537 1489 1576 erronea
1514 1521 1675 1575 simul
1700 1522 1863 1576 etiam
1888 1521 2043 1577 hae-

223 1623 349 1678 resi
378 1623 675 1697 prox-ima
713 1624 818 1678 dici
857 1624 1033 1699 solet,
1082 1640 1243 1695 quum
1279 1640 1346 1677 ea
1370 1623 1610 1676 maxima
1638 1641 1759 1677 cum
1783 1624 2045 1696 probabi-

223 1726 377 1780 litate
393 1725 674 1795 judicatur
695 1724 993 1778 haeretica.

355 1828 414 1882 3.
462 1823 698 1880 Errori
730 1822 1035 1898 prooeima
1071 1840 1137 1878 ea
1168 1827 1284 1900 est,
1334 1842 1474 1898 quae
1502 1826 1790 1899 opponitur
1815 1827 2047 1880 conclu-

228 1927 366 1980 sioni
404 1927 788 2003 theologicae,
835 1943 942 1982 non
980 1925 1195 1999 quidem
1225 1925 1542 1996 evidenter,
1591 1925 1690 1980 sed
1715 1928 2048 2000 probabilis-

228 2029 363 2082 sime
420 2028 687 2084 deductae
747 2045 818 2083 ex
874 2028 1194 2102 praemissis
1242 2028 1540 2101 revelatis3
1603 2032 1935 2102 quapropter
1985 2046 2052 2085 ea

229 2130 468 2183 maxima
494 2147 615 2184 cum
640 2129 1022 2202 probabilitate
1039 2127 1321 2199 judicatur
1348 2145 1600 2185 erronea.

360 2229 420 2284 4.
470 2228 774 2284 Haeresin
812 2227 1057 2302 sapiens
1095 2245 1162 2283 ea
1197 2232 1312 2297 est,
1362 2246 1502 2301 quae
1535 2231 1667 2285 licet
1691 2247 1763 2285 ex
1791 2248 1853 2285 se
1879 2235 2053 2305 possit

233 2329 417 2384 facere
455 2347 676 2386 sensum
703 2329 1030 2385 catholicum
1049 2369 1067 2404 ,
1116 2333 1356 2384 attamen
1382 2346 1454 2384 ex
1480 2332 1897 2388 circumstantiis
1922 2334 2051 2411 loci,

231 2432 523 2507 temporiS,
572 2431 715 2488 modi
758 2434 814 2486 et
849 2447 1122 2505 personae
1160 2430 1311 2485 illam
1343 2434 1659 2506 usurpantis
1694 2433 1786 2490 dat
1820 2452 2054 2509 gravem

231 2533 575 2586 occasionem
618 2529 878 2585 credendi
916 2531 1266 2604 probabiliter
1300 2532 1477 2587 latere
1516 2533 1808 2610 haeresin,
1858 2537 2052 2592 saltem

232 2632 570 2686 materialem
595 2633 647 2686 in
671 2635 853 2686 mente
878 2633 1104 2687 autoris·

363 2731 421 2787 5.
474 2731 773 2805 Suspecta
818 2733 890 2786 de
935 2731 1180 2789 haeresi
1225 2751 1294 2789 ea
1335 2738 1455 2804 est,
1505 2752 1645 2807 quae
1696 2735 1828 2791 licet
1874 2738 2055 2811 aliquo

234 2849 400 2886 seusu
439 2832 664 2887 tolerari
700 2834 906 2907 possit,
953 2850 1026 2887 ex
1074 2835 1492 2889 circumstantiis
1540 2840 1722 2914 tamen
1759 2853 2055 2915 personae,

233 2933 339 2986 loci
374 2930 467 2986 vel
501 2934 762 3006 temporis
801 2931 1112 3002 adjunctam
1135 2933 1302 2988 habet
1325 2951 1559 3010 gravem
1585 2934 1822 3008 aliquam
1845 2938 2055 2995 haere-

234 3049 360 3088 seos
398 3033 785 3106 suspicionem.

363 3134 425 3188 6.
478 3132 774 3206 Suspecta
805 3131 1040 3188 erroris
1077 3138 1162 3189 est
1198 3135 1294 3190 illa
1304 3174 1326 3206 ,
1375 3153 1515 3208 quae
1554 3138 1804 3193 similiter
1841 3157 1912 3195 ex
1939 3145 2055 3197 cir-

236 3235 572 3288 cumstantiis
618 3251 925 3310 personae,
986 3234 1127 3310 loci,
1187 3236 1280 3290 vel
1327 3240 1588 3310 temporis
1635 3257 1871 3313 gravem
1917 3246 2061 3317 parit

236 3335 438 3389 erroris
488 3335 884 3410 suspicionem,
931 3335 1085 3390 velut
1132 3338 1178 3390 si
1227 3338 1344 3409 quis
1393 3337 1594 3411 aliquid
1637 3344 1936 3418 statueret,
1987 3362 2058 3399 ex

236 3451 342 3505 quo
376 3435 655 3490 videretur
681 3452 894 3510 negare
921 3436 1157 3510 aliquam
1185 3437 1591 3496 conclusionem
1623 3442 2014 3519 theologicam.
