2314 3984
714 254 1359 316 *ma——

139 439 260 488 onus
286 432 568 485 incumbere
584 428 910 483 ¹coristi-mandi
948 429 1130 479 fratres
1165 424 1217 477 in
1257 423 1376 487 fide,
1414 419 1621 473 Patrem
1650 416 1858 475 traditio
1891 434 1941 477 et

141 517 412 573 adversarii
437 533 628 587 quoque
651 512 879 568 fatentur'
896 513 1007 585 ipso
1023 520 1254 565 testante
1267 506 1516 562 Bossueto
1542 505 1657 578 (lihss
1671 507 1754 562 10:
1767 510 1836 564 nl:
1853 510 1937 563 15.

140 604 338 658 Defens.
366 604 547 656 declar.
576 620 618 654 c.
647 601 749 672 3.).
805 603 926 653 Hoc
950 615 1077 668 erqo
1098 603 1174 650 <esc
1199 599 1384 666 offim'o
1407 595 1604 646 Petras
1635 595 1817 658 habet,
1843 597 1943 650 hoe

142 691 294 742 Petri
318 707 643 742 successores
670 692 724 740 in
755 689 923 740 Petro
946 684 1291 753 acceperant,
1317 688 1378 733 ut
1393 682 1599 749 fratres
1625 684 1944 752 confirmare

121 778 430 848 jubeantur.
472 773 530 828 Si
556 785 718 828 autem
745 791 807 827 ea
831 789 949 845 pars
972 779 1155 824 textus·
1173 767 1395 831 recitati,
1421 782 1517 836 qua
1542 762 1774 820 Christus
1790 769 1943 839 jussit

139 860 343 914 Petrum
369 862 663 914 confirmare
686 862 869 912 fratres
893 858 944 910 in
969 856 1090 920 lide,
1119 856 1187 907 ad·
1221 853 1478 907 Romanos
1517 867 1708 923 quoque
1732 853 1943 908 Pontifi-

139 966 220 1000 ces
247 947 389 1000 Petri
424 963 738 1000 successores
774 946 838 997 oh
870 943 1213 997 vindicandam
1252 939 1715 1009 custodiendamque
1749 941 1801 994 in
1838 940 1947 996 tota

139 1032 363 1086 Ecclesia
387 1034 496 1086 fidei
521 1033 759 1084 unitatem
785 1028 980 1082 ratione
1005 1028 1243 1100 primatus
1267 1025 1483 1098 pertinet
1504 1045 1518 1090 3
1547 1026 1608 1076 ad
1631 1029 1768 1098 ipsos
1794 1029 1943 1082 etiam

139 1119 394 1171 referenda
415 1128 492 1171 est
511 1135 628 1188 pars
648 1116 762 1180 alia,
790 1117 908 1185 Eyo
929 1123 1102 1168 aretem
1127 1116 1279 1166 oravi
1294 1130 1402 1180 pro
1427 1117 1495 1171 te,
1520 1117 1582 1163 ut
1600 1131 1707 1164 non
1734 1116 1948 1184 deficiat

135 1208 268 1274 fides
293 1212 410 1256 tua:
436 1221 560 1273 quae
585 1203 635 1255 in
662 1200 875 1273 gratiam
901 1201 1085 1253 laudati
1110 1197 1361 1271 praecepti
1387 1198 1444 1250 de
1471 1197 1819 1252 confirmandis
1843 1202 1945 1253 fra-

140 1290 295 1342 tribus
319 1289 594 1360 praemissa
617 1288 737 1354 fuit,
777 1305 884 1340 cum
922 1287 1215 1359 praesertim
1255 1285 1396 1356 hujus
1433 1283 1636 1336 remedii
1670 1288 1829 1356 major
1854 1289 1943 1339 suh

145 1374 282 1427 Petri
308 1375 672 1427 successoribus
694 1413 708 1438 ,
747 1391 891 1443 quam
931 1374 1019 1425 sub
1058 1371 1247 1434 Petr0,
1284 1371 1559 1422 necessitas
1596 1372 1763 1423 futura
1794 1383 1946 1439 esset,

142 1471 196 1512 ut
218 1462 297 1515 vel
311 1460 602 1524 Bessuetus,
630 1477 772 1528 quem
798 1459 906 1511 loco
931 1468 1204 1511 memorato
1229 1456 1550 1522 laudavimus,
1578 1458 1832 1511 confessus
1853 1470 1945 1512 est.

281 1547 334 1599 9.
387 1546 518 1598 Aliis
555 1546 744 1615 quidem
780 1543 1041 1616 Episcopis
1077 1543 1201 1596 idem
1231 1542 1550 1595 confirmandi
1577 1543 1785 1597 officium
1813 1565 1945 1599 com-

143 1634 371 1695 missum,
410 1632 454 1682 si
489 1632 679 1700 quando
718 1631 821 1682 suis
858 1630 910 1681 in
942 1628 1183 1682 Ecclesiis
1222 1630 1416 1699 aliquod
1453 1629 1734 1682 scandalum
1774 1643 1946 1687 contra

142 1718 249 1770 fidei
274 1717 511 1768 unitatem
538 1717 876 1780 excitaretur3
904 1733 996 1767 nec
1021 1725 1189 1767 tamen
1214 1716 1396 1768 idcireo
1421 1735 1512 1787 pro
1540 1718 1772 1786 cujusque
1797 1715 1946 1790 Epis-

143 1803 251 1873 copi
277 1803 367 1854 fide
392 1802 462 1853 ita
489 1820 662 1855 orasse
689 1800 918 1855 Christus
944 1800 1307 1866 dicendus‘est,
1334 1819 1398 1854 ne
1423 1801 1631 1866 deficiat,
1658 1812 1712 1853 ut
1736 1822 1826 1874 pro
1853 1805 1945 1858 fide

142 1888 283 1940 Petri
320 1888 507 1954 oravit,
554 1906 646 1941 nec
694 1888 875 1940 exinde
926 1887 1098 1956 cuique
1134 1885 1381 1958 Episcopo
1424 1887 1746 1941 infallibilitas
1787 1893 1944 1943 asseri

142 1985 319 2045 potest.
367 1974 606 2044 Magnum
636 1974 872 2043 siquidem
900 1983 976 2025 est
1002 1974 1135 2026 inter
1161 1973 1285 2025 alios
1311 1970 1585 2043 Episcopos
1613 1984 1661 2026 et
1688 1974 1944 2031 Romanos

145 2059 410 2113 Pontifices
450 2061 728 2112 discrimen.
794 2057 919 2112 Cum
955 2060 1025 2112 illi
1061 2059 1393 2131 singularibus
1430 2060 1651 2128 praesint
1686 2060 1946 2130 EcclesiiS,

145 2147 187 2198 si
212 2147 264 2198 in
291 2147 380 2198 fide
406 2147 694 2208 deficerent,
720 2146 772 2196 in
799 2163 1019 2198 errorem
1046 2164 1145 2198 non
1171 2145 1431 2197 traherent
1455 2154 1611 2196 totam
1638 2145 1945 2231 Ecclesiam3

146 2251 203 2284 ac
227 2243 490 2303 propterea
515 2230 872 2283 infallibilitatis
897 2231 1158 2302 promissio
1184 2239 1340 2283 totam
1357 2227 1631 2282 Ecclesiam
1659 2235 1947 2305 respiciens,

147 2318 266 2389 ipsis
286 2317 572 2370 necessaria
597 2335 696 2368 non
721 2317 826 2368 fuit.
880 2317 953 2368 At
979 2316 1196 2370 Romani
1220 2316 1491 2370 Pontifices
1518 2336 1623 2369 cum
1662 2338 1761 2372 non
1788 2322 1948 2375 minus

144 2422 285 2472 quam
323 2402 533 2467 Petrus,
574 2420 642 2454 ex
679 2402 890 2473 primate
929 2404 1193 2457 universae
1229 2403 1450 2474 praesint
1481 2401 1765 2471 Ecclesiae,
1812 2418 1861 2460 et
1896 2409 1947 2461 in

146 2490 374 2561 periculis
399 2487 507 2541 fidei
533 2486 774 2540 unitatem
799 2489 1016 2558 ejusdem
1041 2490 1151 2542 fidei
1178 2489 1387 2540 debeant
1412 2489 1465 2539 in
1493 2507 1550 2541 ea
1576 2491 1704 2542 tueri
1742 2503 1791 2544 et
1830 2512 1948 2546 con-

144 2577 303 2628 tinere
329 2575 769 2628 confirmandorum
790 2576 995 2625 fratrum
1017 2574 1208 2640 offici03
1237 2575 1363 2644 quod
1390 2575 1498 2625 dum
1521 2593 1588 2627 ex
1601 2577 1946 2646 jurisdictione

149 2661 240 2711 sibi
265 2669 571 2729 competente
609 2669 660 2710 et
695 2659 747 2709 in
788 2659 932 2710 finem
968 2660 1206 2729 primatus
1233 2660 1521 2712 necessaria
1546 2675 1817 2730 exercent,
1845 2685 1945 2719 non

151 2746 257 2797 sine
281 2745 331 2796 vi
357 2743 578 2799 coactiva
601 2743 805 2794 unitatis
830 2753 1099 2796 exercent:
1127 2745 1171 2795 si
1196 2745 1461 2797 deficerent
1485 2746 1536 2796 in
1562 2748 1652 2800 fide
1669 2788 1681 2812 ,
1718 2749 1768 2800 in
1809 2769 1947 2803 erro-

151 2850 252 2882 rem
276 2829 532 2882 traherent
557 2838 710 2880 totam
735 2826 1028 2892 Ecclesiam,
1057 2847 1179 2896 quae
1198 2830 1310 2899 jure
1332 2830 1570 2900 primatus
1595 2833 1812 2903 ipsorum
1839 2837 1948 2891 fidei

151 2918 291 2969 debet
316 2915 613 2979 adhaerere,
641 2933 697 2967 ac
722 2914 903 2966 idcirco
942 2932 1004 2967 ne
1042 2923 1094 2966 et
1128 2914 1224 2985 ipsi
1260 2915 1523 2968 deficerent
1554 2917 1606 2969 in
1632 2919 1748 2984 fide,
1787 2923 1946 2976 oratio

150 3001 336 3054 Christi
359 3001 652 3071 interposita
679 3000 881 3052 dicenda
907 3010 1000 3052 est.
1039 2998 1373 3071 Evangelicus
1401 3002 1589 3071 quidem
1626 3011 1798 3058 textus
1837 2994 1947 3080 spe-

153 3086 322 3139 cialem
346 3087 587 3139 rationem
612 3104 701 3156 pro
728 3085 819 3138 fide
846 3083 987 3137 Petri
1031 3104 1060 3137 a
1087 3083 1287 3138 Christo
1314 3087 1528 3140 habitam
1551 3093 1784 3159 praefert.
1834 3092 1947 3148 Etsi

154 3171 281 3223 enim
306 3171 350 3223 is
376 3172 434 3222 ad
459 3189 629 3224 omnes
654 3172 927 3242 Apostolos
952 3172 1265 3240 loqueretur,
1312 3182 1361 3225 et
1402 3174 1459 3225 de
1484 3175 1760 3230 tentatione
1787 3181 1944 3233 omni-

153 3258 240 3309 bus
266 3255 505 3308 communi
531 3266 731 3326 ageret3
765 3259 933 3309 Satan
961 3262 1230 3326 expetivit,
1257 3267 1315 3310 ut
1338 3262 1601 3314 cribraret
1638 3262 1781 3316 VOS
1786 3286 1806 3327 ,·
1832 3265 1943 3322 huic

155 3352 318 3394 tamen
345 3340 556 3393 omnium
583 3342 793 3411 periculo
816 3353 1181 3414 prospecturuS,
1207 3362 1296 3415 pro
1308 3343 1451 3398 Petri
1475 3347 1583 3411 fide,
1610 3365 1673 3402 ne
1699 3350 1944 3419 deficeret,

156 3442 208 3478 se
233 3443 405 3478 orasse
431 3426 715 3497 subjiciens,
739 3425 862 3480 hanc
879 3429 1251 3500 promissionem
1267 3431 1326 3482 ad
1352 3431 1502 3485 solius
1516 3430 1660 3487 Petri
1682 3454 1945 3507 personam

158 3510 355 3581 speciali
382 3512 617 3582 primatus
643 3513 832 3566 ratione
852 3515 1155 3568 referendam
1167 3515 1475 3586 significavit,
1500 3528 1555 3570 ut
1568 3521 1945 3576 monuitS.Leo

1491 3604 1601 3659 18*
