2314 3984
758 258 1143 315 ——337
1236 291 1410 300 ———·

167 429 238 481 ita
262 436 316 479 ut
342 445 371 480 a
389 425 499 479 Deo
528 435 847 490 coronentur,
875 427 957 496 qui
985 426 1093 480 sine
1118 425 1320 499 proprio
1347 434 1492 479 reatu
1518 443 1547 477 a
1574 427 1917 482 communione
1943 439 1994 482 et

166 514 357 566 unitate
393 511 650 566 Ecclesiae
686 512 927 583 praecisi,
975 512 1127 584 recipi
1163 521 1434 584 expetunt,
1486 521 1634 582 atque
1670 515 1990 579 contendunt,

167 600 252 652 sed
279 599 471 652 aliunde
496 598 842 669 impediuntur.
893 597 990 651 Hic
1014 598 1095 652 vel
1121 598 1342 650 maxime
1377 599 1535 651 locum
1569 598 1716 650 habet
1751 599 1833 651 illa
1859 602 1991 671 ejus-

165 686 272 738 dem
297 684 571 755 Augustini
596 685 726 737 ratio
753 685 896 756 epist.
927 684 1012 738 78.
1052 701 1102 735 11.
1131 683 1184 735 4.
1248 669 1411 744 Quid'
1429 687 1565 735 enim
1603 685 1750 737 obest
1774 687 1990 748 homiui,

165 774 311 841 quod
335 791 404 823 ex
432 773 529 823 illa
556 773 738 824 tabula
766 770 1025 842 (nimirum
1052 786 1079 821 e
1105 769 1264 821 sacris
1291 769 1563 840 diptychis,
1603 788 1630 822 e
1657 771 1833 839 quibus
1859 773 1990 826 dele-

163 858 343 908 bantur
370 858 913 911 excommunicatorum
939 853 1169 924 nomina)
1209 874 1315 906 non
1354 858 1467 907 vult
1498 875 1613 907 eum
1638 861 1870 911 recitare
1897 860 1987 911 ltu-

163 963 321 995 maua
346 947 675 1012 ignorantia,
715 947 763 996 si
786 946 853 996 de
881 943 1020 994 libro
1046 944 1327 993 viventium
1360 960 1467 992 non
1496 960 1611 992 eum
1637 945 1780 996 delet
1801 947 1987 1014 iniqua

160 1033 479 1082 conscientia
493 1034 516 1081 ἓ

303 1115 354 1167 6.
394 1113 574 1183 Neque
599 1131 720 1167 vero
749 1131 818 1167 ex
844 1113 919 1167 his
960 1113 1191 1184 colligaS,
1230 1112 1473 1164 actualem
1511 1114 1908 1167 communionem
1936 1126 1987 1168 et

159 1199 396 1252 unitatem
426 1210 691 1253 externam
719 1218 827 1253 611111
852 1197 1112 1252 Ecclesiae
1148 1217 1356 1270 corpore
1383 1199 1588 1268 ejusque
1613 1198 1798 1251 visibili
1825 1202 1986 1272 capite

160 1283 389 1337 Romano
416 1284 660 1340 Pontifice
687 1287 748 1338 ad
773 1287 981 1339 salutem
1007 1304 1108 1337 non
1136 1304 1247 1338 6556
1274 1285 1468 1355 penitus
1496 1286 1851 1338 necessariam.
1888 1285 1988 1340 Est

160 1371 291 1422 enim
328 1381 439 1424 actu
484 1372 773 1425 necessaria
806 1370 1067 1424 Ecclesiae
1103 1371 1313 1435 visibili,
1364 1381 1418 1422 ut
1451 1371 1584 1423 inter
1618 1371 1789 1424 varias
1826 1373 1985 1427 socie-

158 1467 290 1510 tates
328 1456 587 1511 Ecclesiae
630 1475 812 1509 nomen
858 1460 1202 1528 praeferentes
1242 1457 1584 1522 discernatur,
1635 1476 1880 1526 quaenam
1918 1460 1985 1511 sit

156 1562 278 1595 vera
317 1542 507 1596 Christi
541 1543 799 1609 Ecclesia,
839 1544 912 1595 uti
948 1543 1207 1596 statuimus
1246 1561 1296 1594 n.
1328 1544 1376 1595 1.
1413 1553 1479 1595 et.
1509 1544 1558 1595 2.
1637 1540 1780 1609 Quod
1818 1555 1983 1598 autem

160 1627 415 1682 Ecclesiae
464 1630 646 1683 visibili
694 1630 1030 1683 necessarium
1083 1640 1160 1682 est
1197 1640 1337 1694 actu,
1390 1630 1600 1700 singulis
1638 1647 1831 1698 quoque
1877 1632 1983 1701 ejus

156 1716 417 1781 membris,
458 1717 616 1785 quoad
654 1716 762 1769 fieri
797 1726 987 1787 potest,
1029 1725 1143 1767 actu
1183 1725 1257 1768 est
1292 1715 1351 1767 ad
1378 1715 1587 1767 salutem
1613 1716 1981 1782 necessarium,

156 1801 275 1853 adeo
315 1811 369 1852 ut
407 1802 580 1872 cuique
622 1803 873 1855 nitendum
913 1802 1006 1865 sit,
1052 1809 1106 1851 ut
1145 1819 1253 1853 eam
1294 1801 1687 1853 communionem
1725 1812 1838 1853 actu
1870 1812 1981 1855 ten-

154 1897 251 1939 eat.
304 1887 378 1939 At
416 1888 459 1940 si
499 1889 607 1958 quis
644 1889 708 1942 iis
743 1888 793 1940 in
835 1887 1222 1940 circumstantiis
1260 1895 1515 1950 versetur,
1554 1886 1607 1938 in
1646 1887 1846 1956 quibuS,
1887 1890 1982 1941 etsi

154 1973 372 2026 maxime
409 1975 557 2039 velit,
611 1977 671 2027 ab
712 1994 771 2028 ea
810 1973 1153 2027 communione
1194 1973 1376 2025 actuali
1413 1991 1515 2025 non
1554 1991 1646 2025 sua
1673 1974 1841 2045 culpa,
1894 1977 1982 2028 sed

155 2059 347 2112 aliunde
372 2060 691 2130 impediatur,
718 2060 830 2131 ipsi,
858 2061 1017 2129 quoad
1044 2061 1186 2111 duret
1212 2058 1450 2129 ejusmodi
1472 2059 1891 2129 impedimentum,
1920 2063 1980 2113 ad

154 2146 362 2197 salutem
392 2156 503 2198 actu
530 2146 818 2198 necessaria
843 2164 943 2197 11011
970 2155 1064 2198 65ῐ.
1105 2144 1238 2197 Idem
1265 2145 1453 2197 scilicet
1479 2143 1732 2197 dicendum
1760 2147 1819 2199 de
1846 2166 1979 2200 com-

154 2231 398 2283 munionis
425 2232 633 2284 actualis
660 2232 961 2284 necessitate
988 2250 1046 2284 ac
1072 2231 1130 2283 de
1156 2231 1399 2302 baptismo
1427 2230 1626 2282 actuali.
1669 2230 1780 2284 Hoc
1806 2251 1979 2287 omnes

155 2316 381 2369 catholici
409 2329 520 2370 actu
547 2318 883 2370 necessarium
909 2320 1151 2381 fatentur,
1180 2327 1234 2368 ut
1260 2317 1368 2386 quis
1397 2316 1461 2368 sit
1488 2316 1540 2367 in
1568 2335 1777 2388 corpore
1801 2317 1980 2374 Eccle-

153 2403 273 2455 siae.
325 2403 398 2455 At
433 2404 676 2475 impeditis
715 2405 775 2456 ab
816 2423 874 2457 eo
911 2403 1252 2475 percipiendo,
1289 2413 1402 2456 actu
1439 2420 1539 2454 non
1567 2413 1644 2455 est
1681 2405 1740 2455 ad
1766 2406 1978 2459 salutem

153 2490 514 2555 necessarium,
542 2510 659 2542 cum
685 2494 1030 2542 ministerium
1056 2492 1306 2557 baptismi
1327 2509 1433 2540 uon
1456 2497 1744 2541 contemtus
1765 2494 1977 2561 reliyio·

149 2579 258 2636 nis,
294 2579 389 2628 secl
413 2579 669 2629 articulus
695 2579 1021 2628 necessitatis
1049 2578 1319 2636 excludit,
1354 2584 1407 2626 ut
1432 2574 1748 2645 Augustinus
1775 2577 1978 2630 tradidit

150 2661 232 2711 lib.
262 2662 311 2712 4.
341 2662 398 2713 (16
423 2660 572 2732 Bapt.
613 2680 655 2713 6.
684 2662 771 2713 22.
814 2662 891 2713 6111
930 2661 1147 2713 concinit
1173 2659 1229 2713 S.
1258 2661 1549 2713 Bernardus
1586 2660 1638 2712 111
1673 2671 1891 2714 tractatu
1918 2665 1977 2716 de

150 2745 405 2816 Baptismo
433 2747 491 2798 ad
517 2746 782 2817 Hugonem
820 2747 879 2800 de
905 2745 961 2799 S.
990 2745 1200 2801 Victore
1236 2765 1277 2799 c.
1308 2748 1358 2798 2.
1410 2744 1542 2798 Hinc
1578 2747 1976 2813 catechumenus,

150 2850 237 2884 5611
264 2833 553 2902 quicumque
581 2834 731 2898 alius,
760 2833 842 2902 qui
867 2832 1114 2904 baptizari
1141 2832 1416 2895 desideret,
1445 2831 1532 2883 sed
1557 2830 1867 2902 impotentia,
1894 2836 1976 2888 vel

148 2917 540 2988 impossibilitate
566 2920 910 2990 prohibeatur,
949 2929 1117 2972 cetera
1153 2928 1316 2971 autem
1355 2918 1415 2969 ad
1454 2917 1662 2969 salutem
1687 2921 1976 2973 necessaria

149 3021 247 3055 non
274 3004 482 3069 desinit,
513 3025 571 3059 eo
599 3007 651 3058 in
676 3017 794 3060 voto
822 3006 1062 3059 decedens
1092 3005 1304 3057 salutem
1330 3013 1680 3072 consequetur.
1732 3003 1866 3058 Idem
1893 3025 1975 3059 ac-

148 3088 274 3140 cidet
301 3090 446 3142 etiam
473 3093 714 3162 praecisis
755 3094 814 3144 ab
841 3092 1034 3144 unitate
1071 3101 1120 3143 et
1154 3090 1497 3144 communione
1522 3087 1808 3156 Ecclesiae,
1845 3093 1888 3145 si
1915 3094 1974 3144 ad

150 3191 259 3225 eam
286 3176 508 3229 omnibus
534 3179 691 3231 modis
719 3179 1048 3242 contendant,
1089 3187 1139 3230 et
1164 3177 1218 3228 in
1245 3176 1427 3229 ceteris
1463 3186 1602 3229 recte
1629 3193 1684 3229 se
1710 3195 1766 3230 se
1791 3197 1974 3249 geren-

147 3268 223 3311 tes
251 3259 443 3313 aliunde
461 3257 815 3334 impediantur.
868 3264 1082 3333 Utrique
1118 3262 1350 3314 nimirum
1389 3261 1630 3314 unitatem
1670 3271 1722 3314 et
1756 3281 1973 3316 commu-

148 3344 346 3397 nionem
371 3344 657 3412 Ecclesiae,
696 3369 791 3418 qua
828 3361 942 3404 actu
969 3359 1169 3413 carent,
1208 3349 1388 3400 affectu
1416 3356 1618 3413 tenent3
1657 3357 1708 3400 et
1745 3350 1971 3418 quamvis

147 3448 245 3482 11011
272 3431 373 3483 sint
408 3432 458 3483 in
486 3433 668 3486 visibili
702 3436 892 3491 unitate
927 3447 976 3490 et
1017 3453 1226 3507 corpore
1255 3432 1541 3497 Ecclesiae,
1577 3433 1766 3488 unitate
1803 3444 1968 3488 tamen

202 3521 247 3556 P.
280 3522 430 3559 Baller.
466 3523 514 3560 de
547 3524 723 3561 Primatu
755 3530 830 3562 etc.
1516 3519 1586 3572 22
