2320 3990
706 262 1310 319 ——77—

235 433 321 486 43.
362 431 461 486 Sed
499 433 610 503 quid
657 433 798 504 plura
841 430 1210 483 commemoro?
1261 425 1567 482 Concludam
1610 424 1911 478 testimoniis

94 516 350 574 Ecclesiae
367 559 381 583 ‚
409 537 537 589 quae
563 519 613 571 in
641 518 846 590 publicis
873 515 1149 577 Missurum
1175 514 1405 587 precibus
1431 512 1639 592 idipsum
1666 527 1911 584 expresse

92 606 283 669 docuit,
333 615 382 658 et
421 606 580 659 docet.
669 604 723 656 In
761 601 1166 657 Sacramentario
1211 598 1470 652 Gallicano
1517 598 1623 668 (Τ.
1655 599 1703 651 l.
1745 597 1911 651 Musei

93 693 200 746 Ital.
229 693 412 763 297),
441 692 567 760 quod
595 688 919 742 Mabillonius
943 685 1180 758 produxit
1213 685 1265 737 in
1301 686 1484 748 lucem,
1521 685 1640 738 haee
1677 686 1912 756 leguntur

93 783 166 833 ad
189 782 621 833 contestationem
646 774 839 828 Missae
864 773 916 839 in
940 771 1018 825 die
1046 771 1310 824 cathedrae
1337 769 1393 824 S.
1423 769 1591 824 Petri:
1639 771 1808 824 Testis
1836 781 1911 824 est

95 869 225 919 haec
251 869 429 918 divina
460 863 532 915 Β.
566 864 721 915 Petri
744 861 1002 914 cathedra
1031 859 1390 927 Episcopatus
1418 861 1698 927 exposita,
1723 862 1778 910 in
1805 877 1909 928 qua

89 956 220 1023 fidei
254 955 438 1004 mereto
489 951 824 1002 revelationis
873 949 1172 1017 mysterium
1207 947 1340 1014 fidei
1378 945 1573 996 Filium
1611 945 1722 996 Dei
1754 949 1912 1014 eonfi-

94 1042 250 1092 tendo
278 1042 564 1106 praefatus
602 1032 888 1102 Apostolus
927 1035 1238 1092 ordinatur,
1276 1035 1330 1082 in
1381 1037 1528 1103 cujus
1577 1035 1913 1099 confessione

94 1134 171 1177 est
189 1128 589 1193 fundamentum
617 1122 916 1180 Ecclesiae,
951 1139 1048 1171 nec
1082 1121 1336 1171 adversus
1372 1119 1511 1169 hauc
1539 1125 1753 1184 petram
1783 1137 1912 1186 por-

93 1219 176 1263 tae
211 1213 377 1278 inferi
404 1210 738 1277 praevalent.
813 1205 1002 1258 Eadem
1040 1213 1306 1258 occurrunt
1354 1202 1402 1254 in
1444 1201 1644 1255 Missali
1682 1202 1912 1263 Gothico„

95 1297 223 1367 quod
247 1295 379 1350 Vcn.
410 1292 692 1348 Cardinalis
719 1291 1025 1346 Thomasius
1064 1291 1236 1344 edidit:
1279 1308 1336 1342 ae
1371 1299 1634 1360 praeterea
1662 1290 1712 1342 in
1741 1291 1912 1342 eodem

98 1381 376 1435 Cathedrae
402 1383 530 1432 festo
557 1379 891 1450 praemittitur
918 1378 1078 1430 oratio
1096 1417 1109 1438 ,
1138 1377 1187 1427 in
1215 1394 1310 1445 qua
1335 1376 1572 1427 habetur:
1601 1378 1735 1428 Fide
1756 1395 1913 1444 prae-

98 1471 234 1520 latus
262 1475 336 1519 cst
363 1464 632 1536 (Petrus),
671 1473 721 1517 et
738 1485 841 1533 per
869 1466 1006 1517 hanc
1036 1465 1190 1516 Petri
1206 1470 1420 1532 petram
1448 1461 1604 1532 (idest
1629 1461 1800 1533 fidem)
1830 1464 1912 1514 ba-

98 1559 166 1606 sis
195 1555 467 1606 Ecclesiae
487 1557 632 1621 fiscus
661 1559 753 1604 est.
805 1550 860 1602 In
887 1549 1304 1613 Benedictionali‚
1343 1549 1471 1617 quod
1509 1548 1733 1619 vulgavit
1759 1546 1914 1601 Lam-

99 1639 291 1702 becius,
329 1637 405 1689 die
444 1637 597 1688 natali
633 1635 730 1688 SS.
760 1635 905 1687 Petri
942 1645 990 1688 et
1026 1633 1172 1687 Pauli
1212 1634 1308 1705 (T.
1339 1636 1388 1687 Ξ.
1431 1633 1666 1687 Biblioth.
1698 1633 1911 1688 Caesar.

97 1745 138 1775 c.
168 1722 249 1794 5.)
290 1723 410 1774 haee
443 1722 720 1775 benedictio
749 1720 1073 1784 describitur,
1114 1739 1239 1789 quae
1269 1718 1562 1773 Gallicanae
1600 1721 1810 1791 originis
1836 1722 1914 1772 in-

98 1819 231 1863 serta
270 1808 450 1879 legitur
489 1808 637 1860 etiam
676 1807 727 1859 in
767 1806 1228 1859 Sacramentarium
1267 1804 1635 1876 Gregorianum
1687 1807 1915 1860 editionis

98 1895 327 1949 Menardi
366 1893 463 1966 (T.
493 1895 542 1947 3.
582 1894 734 1965 Oper.
775 1891 830 1946 S.
859 1891 1078 1964 Greg.):
1119 1894 1422 1946 Benedicat
1459 1914 1547 1946 cos
1587 1898 1914 1963 omnipotens

102 1985 274 2043 Deus,
320 1986 410 2050 qui
443 2001 538 2033 uos
579 1981 645 2031 Β.
690 1981 844 2032 Petri
880 1982 1229 2033 saluberrima
1268 1985 1601 2049 confessione
1640 1985 1693 2032 in
1735 1983 1914 2034 Eccle-

100 2073 342 2122 siasticae
364 2070 495 2136 fidei
515 2071 765 2134 fundavit
791 2069 1078 2119 soliditate.
1110 2067 1291 2119 Amen.
1345 2066 1587 2119 Similiter
1614 2067 1665 2118 in
1693 2068 1916 2127 collecta,

101 2174 244 2223 quam
273 2154 398 2224 apud
423 2152 682 2204 Romanos
709 2152 1096 2205 vetustissimam
1123 2152 1467 2221 cognoscimus
1494 2171 1563 2204 ex
1585 2151 1917 2222 Gregorianis

102 2238 459 2309 antiquioribus
494 2235 946 2301 Sacramentariis,
988 2256 1016 2288 a
1054 2235 1280 2290 Pamelio
1322 2247 1468 2306 atque
1507 2237 1787 2290 Muratorio
1826 2240 1917 2290 im-

103 2324 313 2397 pressiS‚
350 2341 572 2392 quaeque
599 2324 678 2375 vel
707 2323 797 2374 hoc
824 2333 1047 2394 tempore
1074 2324 1311 2376 recitatur
1338 2324 1387 2375 in
1417 2323 1579 2376 Missa
1606 2325 1806 2395 vigiliae
1834 2344 1918 2378 eo-

100 2413 300 2463 rundem
314 2409 691 2480 Apostolorum,
720 2409 841 2461 haec
870 2410 1129 2479 leguntur:
1162 2412 1391 2463 Praesta
1421 2431 1732 2480 qucwsumus
1760 2417 1917 2463 omni-

97 2507 283 2566 potens
298 2498 464 2556 Deus,
489 2504 547 2548 ut
570 2497 732 2548 nullis
758 2516 853 2548 uos
875 2501 1155 2564 permittas
1175 2498 1666 2565 perturbationibus
1694 2502 1920 2557 concuti,

101 2604 229 2651 quos
257 2587 309 2634 in
337 2581 679 2650 Apostolicae
706 2586 1054 2650 confessionis
1074 2591 1237 2652 petra
1263 2586 1524 2636 solidasti.
1586 2608 1590 2609 ⁷

246 2668 332 2719 44.
371 2666 541 2737 Itaque
561 2675 752 2735 petrae
791 2668 991 2720 nomine
1028 2666 1084 2720 S.
1114 2667 1259 2721 Petri
1298 2670 1662 2722 confessionem
1692 2688 1749 2721 ac
1777 2671 1917 2722 fidem

103 2771 215 2805 csse
243 2752 575 2823 accipiendam
610 2762 751 2804 tanta
789 2772 846 2805 ac
884 2763 983 2805 tam
1025 2764 1198 2823 aperta
1223 2754 1463 2818 Patruin,
1503 2754 1833 2819 Pontificum,
1863 2774 1919 2807 ac

103 2837 566 2891 Ecclesiasticorum
602 2837 836 2889 librorum
872 2838 1070 2888 traditio
1110 2856 1202 2890 nos
1229 2840 1454 2891 dubitare
1479 2856 1580 2890 non
1609 2839 1753 2891 sinit:
1792 2841 1919 2892 unde

105 2926 147 2976 id
188 2925 312 2995 apud
349 2941 521 2976 omnes
559 2921 826 2974 catholicos
862 2934 1099 2975 constans
1146 2934 1196 2976 et
1231 2934 1419 2976 certum
1456 2925 1780 2994 pronuntiare
1819 2945 1917 2978 non

103 3010 341 3063 dubitavit
366 3008 587 3063 Joannes
622 3005 778 3060 Ekius
817 3009 898 3060 lib.
932 3010 978 3061 l.
1031 3011 1119 3062 De
1146 3015 1384 3078 primatu
1414 3012 1569 3062 Petri
1603 3021 1778 3062 contra
1814 3010 1918 3063 Lu-

106 3098 294 3149 {herum
323 3115 428 3167 cap.
455 3094 538 3147 13.
567 3094 648 3146 ubi
674 3094 786 3146 huic
814 3095 1087 3167 explicanti
1112 3094 1471 3166 Evangelicum
1497 3096 1832 3149 testimonium
1860 3099 1918 3150 de

107 3183 196 3234 lide
223 3181 393 3245 Petri,
433 3192 484 3234 et
521 3180 785 3232 affirmanti
823 3201 987 3250 supra
1009 3185 1168 3252 fidem
1199 3184 1353 3234 Petri
1378 3185 1712 3251 aedificatam
1738 3185 1919 3236 Eccle-

104 3271 260 3328 siam,
287 3266 483 3338 reponit
507 3267 881 3321 incunctanter:
929 3271 1058 3328 Quis
1086 3273 1134 3321 ei
1160 3272 1212 3319 iu
1241 3270 1342 3321 lioc
1367 3273 1666 3338 repuyuat?
1688 3274 1804 3340 quis
1833 3291 1917 3322 ne-

102 3358 233 3420 qat?
275 3358 391 3423 quis
430 3358 734 3422 inficiatur?
780 3357 877 3407 Ille
909 3359 1142 3424 prodat,
1184 3358 1415 3408 nominet
1449 3374 1597 3431 quem
1635 3356 1788 3428 kujvcs
1815 3359 1916 3411 dis-

106 3459 382 3493 sensorem.
