<?xml version="1.0" encoding="UTF-8"?>
<!DOCTYPE html PUBLIC "-//W3C//DTD XHTML 1.0 Transitional//EN"
    "http://www.w3.org/TR/xhtml1/DTD/xhtml1-transitional.dtd">
<html xmlns="http://www.w3.org/1999/xhtml" xml:lang="en" lang="en">
 <head>
  <title>
</title>
<meta http-equiv="Content-Type" content="text/html;charset=utf-8" />
  <meta name='ocr-system' content='tesseract 3.04.00' />
  <meta name='ocr-capabilities' content='ocr_page ocr_carea ocr_par ocr_line ocrx_word'/>
</head>
<body>
  <div class='ocr_page' id='page_1' title='image "a546178500balluoft_0403.png"; bbox 0 0 2314 3984; ppageno 0'>
   <div class='ocr_carea' id='block_1_1' title="bbox 751 249 1400 308">
    <p class='ocr_par' dir='ltr' id='par_1_1' title="bbox 751 249 1400 308">
     <span class='ocr_line' id='line_1_1' title="bbox 751 249 1400 308; baseline 0 -1"><span class='ocrx_word' id='word_1_1' title='bbox 751 249 1400 308; x_wconf 70' lang='lat'><strong>—371—</strong></span> 
     </span>
    </p>
   </div>
   <div class='ocr_carea' id='block_1_2' title="bbox 135 413 2041 3333">
    <p class='ocr_par' dir='ltr' id='par_1_2' title="bbox 135 413 1992 1956">
     <span class='ocr_line' id='line_1_2' title="bbox 171 413 1990 491; baseline -0.004 -16"><span class='ocrx_word' id='word_1_2' title='bbox 171 420 293 475; x_wconf 83' lang='lat' dir='ltr'><strong>vitio</strong></span> <span class='ocrx_word' id='word_1_3' title='bbox 316 418 515 474; x_wconf 86' lang='lat' dir='ltr'><strong>divinae</strong></span> <span class='ocrx_word' id='word_1_4' title='bbox 543 419 796 474; x_wconf 64' lang='lat' dir='ltr'><strong>‘voluntati</strong></span> <span class='ocrx_word' id='word_1_5' title='bbox 820 424 1093 491; x_wconf 59' lang='lat' dir='ltr'><strong>repugnat}</strong></span> <span class='ocrx_word' id='word_1_6' title='bbox 1129 427 1214 471; x_wconf 88' lang='lat' dir='ltr'><strong>aut</strong></span> <span class='ocrx_word' id='word_1_7' title='bbox 1237 432 1309 470; x_wconf 79' lang='lat' dir='ltr'><strong>ex</strong></span> <span class='ocrx_word' id='word_1_8' title='bbox 1333 415 1432 470; x_wconf 85' lang='lat' dir='ltr'><strong>alia</strong></span> <span class='ocrx_word' id='word_1_9' title='bbox 1466 423 1611 488; x_wconf 84' lang='lat' dir='ltr'><strong>parte</strong></span> <span class='ocrx_word' id='word_1_10' title='bbox 1634 413 1787 469; x_wconf 86' lang='lat' dir='ltr'><strong>vellet</strong></span> <span class='ocrx_word' id='word_1_11' title='bbox 1820 413 1990 467; x_wconf 87' lang='lat' dir='ltr'><strong>defini-</strong></span> 
     </span>
     <span class='ocr_line' id='line_1_3' title="bbox 170 499 1988 577; baseline -0.004 -18"><span class='ocrx_word' id='word_1_12' title='bbox 170 508 357 559; x_wconf 82' lang='lat' dir='ltr'><strong>tionem</strong></span> <span class='ocrx_word' id='word_1_13' title='bbox 394 506 455 558; x_wconf 86' lang='lat' dir='ltr'><strong>ab</strong></span> <span class='ocrx_word' id='word_1_14' title='bbox 480 504 650 558; x_wconf 89' lang='lat' dir='ltr'><strong>eodem</strong></span> <span class='ocrx_word' id='word_1_15' title='bbox 674 505 981 577; x_wconf 78' lang='lat' dir='ltr'><strong>propositam</strong></span> <span class='ocrx_word' id='word_1_16' title='bbox 1016 522 1110 576; x_wconf 91' lang='lat' dir='ltr'><strong>pro</strong></span> <span class='ocrx_word' id='word_1_17' title='bbox 1134 503 1405 557; x_wconf 86' lang='lat' dir='ltr'><strong>asserenda</strong></span> <span class='ocrx_word' id='word_1_18' title='bbox 1430 499 1810 555; x_wconf 83' lang='lat' dir='ltr'><strong>Monothelitico</strong></span> <span class='ocrx_word' id='word_1_19' title='bbox 1836 518 1988 553; x_wconf 89' lang='lat' dir='ltr'><strong>sensu</strong></span> 
     </span>
     <span class='ocr_line' id='line_1_4' title="bbox 168 586 1990 663; baseline -0.003 -17"><span class='ocrx_word' id='word_1_20' title='bbox 168 593 426 647; x_wconf 88' lang='lat' dir='ltr'><strong>voluntate</strong></span> <span class='ocrx_word' id='word_1_21' title='bbox 459 609 584 656; x_wconf 82' lang='lat' dir='ltr'><strong>una,</strong></span> <span class='ocrx_word' id='word_1_22' title='bbox 624 601 675 644; x_wconf 90' lang='lat' dir='ltr'><strong>et</strong></span> <span class='ocrx_word' id='word_1_23' title='bbox 706 591 997 663; x_wconf 78' lang='lat' dir='ltr'><strong>operatione</strong></span> <span class='ocrx_word' id='word_1_24' title='bbox 1032 607 1164 655; x_wconf 83' lang='lat' dir='ltr'><strong>una3</strong></span> <span class='ocrx_word' id='word_1_25' title='bbox 1211 608 1322 643; x_wconf 91' lang='lat' dir='ltr'><strong>cum</strong></span> <span class='ocrx_word' id='word_1_26' title='bbox 1361 598 1559 643; x_wconf 90' lang='lat' dir='ltr'><strong>constet</strong></span> <span class='ocrx_word' id='word_1_27' title='bbox 1592 606 1730 652; x_wconf 90' lang='lat' dir='ltr'><strong>eum,</strong></span> <span class='ocrx_word' id='word_1_28' title='bbox 1779 586 1862 657; x_wconf 90' lang='lat' dir='ltr'><strong>qui</strong></span> <span class='ocrx_word' id='word_1_29' title='bbox 1897 605 1990 640; x_wconf 87' lang='lat' dir='ltr'><strong>nec</strong></span> 
     </span>
     <span class='ocr_line' id='line_1_5' title="bbox 170 673 1991 750; baseline -0.001 -20"><span class='ocrx_word' id='word_1_30' title='bbox 170 678 344 742; x_wconf 79' lang='lat' dir='ltr'><strong>uniuS‚</strong></span> <span class='ocrx_word' id='word_1_31' title='bbox 379 694 472 730; x_wconf 92' lang='lat' dir='ltr'><strong>nec</strong></span> <span class='ocrx_word' id='word_1_32' title='bbox 497 677 702 749; x_wconf 88' lang='lat' dir='ltr'><strong>duplicis</strong></span> <span class='ocrx_word' id='word_1_33' title='bbox 728 676 1032 750; x_wconf 81' lang='lat' dir='ltr'><strong>operationis</strong></span> <span class='ocrx_word' id='word_1_34' title='bbox 1070 685 1156 729; x_wconf 88' lang='lat' dir='ltr'><strong>aut</strong></span> <span class='ocrx_word' id='word_1_35' title='bbox 1178 676 1452 730; x_wconf 83' lang='lat' dir='ltr'><strong>voluntatis</strong></span> <span class='ocrx_word' id='word_1_36' title='bbox 1476 693 1627 730; x_wconf 85' lang='lat' dir='ltr'><strong>voces</strong></span> <span class='ocrx_word' id='word_1_37' title='bbox 1654 673 1875 728; x_wconf 87' lang='lat' dir='ltr'><strong>adhiberi</strong></span> <span class='ocrx_word' id='word_1_38' title='bbox 1899 693 1991 728; x_wconf 88' lang='lat' dir='ltr'><strong>vo-</strong></span> 
     </span>
     <span class='ocr_line' id='line_1_6' title="bbox 168 762 1990 834; baseline -0.001 -18"><span class='ocrx_word' id='word_1_39' title='bbox 168 765 331 829; x_wconf 83' lang='lat' dir='ltr'><strong>lebat,</strong></span> <span class='ocrx_word' id='word_1_40' title='bbox 366 763 485 815; x_wconf 83' lang='lat' dir='ltr'><strong>nihil</strong></span> <span class='ocrx_word' id='word_1_41' title='bbox 522 765 680 834; x_wconf 89' lang='lat' dir='ltr'><strong>quoad</strong></span> <span class='ocrx_word' id='word_1_42' title='bbox 715 763 808 818; x_wconf 88' lang='lat' dir='ltr'><strong>hoe</strong></span> <span class='ocrx_word' id='word_1_43' title='bbox 843 763 1102 828; x_wconf 85' lang='lat' dir='ltr'><strong>definisse,</strong></span> <span class='ocrx_word' id='word_1_44' title='bbox 1153 763 1240 816; x_wconf 90' lang='lat' dir='ltr'><strong>sed</strong></span> <span class='ocrx_word' id='word_1_45' title='bbox 1278 762 1451 816; x_wconf 88' lang='lat' dir='ltr'><strong>harum</strong></span> <span class='ocrx_word' id='word_1_46' title='bbox 1483 781 1662 817; x_wconf 88' lang='lat' dir='ltr'><strong>vocum</strong></span> <span class='ocrx_word' id='word_1_47' title='bbox 1699 779 1841 813; x_wconf 91' lang='lat' dir='ltr'><strong>usum</strong></span> <span class='ocrx_word' id='word_1_48' title='bbox 1877 779 1990 833; x_wconf 90' lang='lat' dir='ltr'><strong>spe-</strong></span> 
     </span>
     <span class='ocr_line' id='line_1_7' title="bbox 170 846 1989 921; baseline -0.001 -18"><span class='ocrx_word' id='word_1_49' title='bbox 170 860 361 915; x_wconf 85' lang='lat' dir='ltr'><strong>ctasse,</strong></span> <span class='ocrx_word' id='word_1_50' title='bbox 388 869 511 920; x_wconf 88' lang='lat' dir='ltr'><strong>quas</strong></span> <span class='ocrx_word' id='word_1_51' title='bbox 537 869 638 903; x_wconf 91' lang='lat' dir='ltr'><strong>non</strong></span> <span class='ocrx_word' id='word_1_52' title='bbox 662 850 772 903; x_wconf 90' lang='lat' dir='ltr'><strong>ideo</strong></span> <span class='ocrx_word' id='word_1_53' title='bbox 797 854 1037 920; x_wconf 81' lang='lat' dir='ltr'><strong>ineptas,</strong></span> <span class='ocrx_word' id='word_1_54' title='bbox 1063 857 1115 902; x_wconf 88' lang='lat' dir='ltr'><strong>et</strong></span> <span class='ocrx_word' id='word_1_55' title='bbox 1139 849 1512 921; x_wconf 84' lang='lat' dir='ltr'><strong>supprimendas</strong></span> <span class='ocrx_word' id='word_1_56' title='bbox 1538 846 1760 912; x_wconf 90' lang='lat' dir='ltr'><strong>censuit,</strong></span> <span class='ocrx_word' id='word_1_57' title='bbox 1785 847 1989 920; x_wconf 83' lang='lat' dir='ltr'><strong>perinde</strong></span> 
     </span>
     <span class='ocr_line' id='line_1_8' title="bbox 170 932 1989 1007; baseline -0.001 -18"><span class='ocrx_word' id='word_1_58' title='bbox 170 955 227 990; x_wconf 87' lang='lat' dir='ltr'><strong>ac</strong></span> <span class='ocrx_word' id='word_1_59' title='bbox 254 937 296 988; x_wconf 93' lang='lat' dir='ltr'><strong>si</strong></span> <span class='ocrx_word' id='word_1_60' title='bbox 321 955 413 990; x_wconf 89' lang='lat' dir='ltr'><strong>nec</strong></span> <span class='ocrx_word' id='word_1_61' title='bbox 437 955 616 1003; x_wconf 92' lang='lat' dir='ltr'><strong>unam,</strong></span> <span class='ocrx_word' id='word_1_62' title='bbox 654 956 749 991; x_wconf 90' lang='lat' dir='ltr'><strong>nec</strong></span> <span class='ocrx_word' id='word_1_63' title='bbox 785 938 905 990; x_wconf 84' lang='lat' dir='ltr'><strong>duas</strong></span> <span class='ocrx_word' id='word_1_64' title='bbox 943 934 1260 1007; x_wconf 84' lang='lat' dir='ltr'><strong>operationes</strong></span> <span class='ocrx_word' id='word_1_65' title='bbox 1297 954 1354 988; x_wconf 89' lang='lat' dir='ltr'><strong>ae</strong></span> <span class='ocrx_word' id='word_1_66' title='bbox 1388 935 1674 989; x_wconf 86' lang='lat' dir='ltr'><strong>voluntates</strong></span> <span class='ocrx_word' id='word_1_67' title='bbox 1707 934 1760 986; x_wconf 90' lang='lat' dir='ltr'><strong>in</strong></span> <span class='ocrx_word' id='word_1_68' title='bbox 1786 932 1989 988; x_wconf 89' lang='lat' dir='ltr'><strong>Christo</strong></span> 
     </span>
     <span class='ocr_line' id='line_1_9' title="bbox 135 1019 1991 1093; baseline 0 -19"><span class='ocrx_word' id='word_1_69' title='bbox 135 1046 142 1053; x_wconf 93' lang='lat'><em>·</em></span> <span class='ocrx_word' id='word_1_70' title='bbox 169 1023 401 1077; x_wconf 84' lang='lat' dir='ltr'><strong>extitisse</strong></span> <span class='ocrx_word' id='word_1_71' title='bbox 439 1024 692 1087; x_wconf 87' lang='lat' dir='ltr'><strong>crederet,</strong></span> <span class='ocrx_word' id='word_1_72' title='bbox 732 1022 816 1093; x_wconf 91' lang='lat' dir='ltr'><strong>qui</strong></span> <span class='ocrx_word' id='word_1_73' title='bbox 852 1023 974 1074; x_wconf 88' lang='lat' dir='ltr'><strong>duas</strong></span> <span class='ocrx_word' id='word_1_74' title='bbox 999 1030 1206 1074; x_wconf 87' lang='lat' dir='ltr'><strong>naturas</strong></span> <span class='ocrx_word' id='word_1_75' title='bbox 1243 1039 1351 1074; x_wconf 89' lang='lat' dir='ltr'><strong>cum</strong></span> <span class='ocrx_word' id='word_1_76' title='bbox 1377 1019 1763 1093; x_wconf 86' lang='lat' dir='ltr'><strong>proprietatibus</strong></span> <span class='ocrx_word' id='word_1_77' title='bbox 1790 1022 1991 1092; x_wconf 89' lang='lat' dir='ltr'><strong>ejusque</strong></span> 
     </span>
     <span class='ocr_line' id='line_1_10' title="bbox 167 1105 1989 1180; baseline -0.001 -19"><span class='ocrx_word' id='word_1_78' title='bbox 167 1109 380 1180; x_wconf 86' lang='lat' dir='ltr'><strong>propriis</strong></span> <span class='ocrx_word' id='word_1_79' title='bbox 408 1110 666 1162; x_wconf 87' lang='lat' dir='ltr'><strong>confessus</strong></span> <span class='ocrx_word' id='word_1_80' title='bbox 693 1117 800 1174; x_wconf 79' lang='lat' dir='ltr'><strong>est3</strong></span> <span class='ocrx_word' id='word_1_81' title='bbox 828 1108 915 1161; x_wconf 91' lang='lat' dir='ltr'><strong>sed</strong></span> <span class='ocrx_word' id='word_1_82' title='bbox 941 1108 1057 1178; x_wconf 89' lang='lat' dir='ltr'><strong>quia</strong></span> <span class='ocrx_word' id='word_1_83' title='bbox 1076 1108 1128 1160; x_wconf 91' lang='lat' dir='ltr'><strong>in</strong></span> <span class='ocrx_word' id='word_1_84' title='bbox 1147 1107 1247 1160; x_wconf 86' lang='lat' dir='ltr'><strong>illis</strong></span> <span class='ocrx_word' id='word_1_85' title='bbox 1267 1105 1673 1170; x_wconf 83' lang='lat' dir='ltr'><strong>circumstantiiS,</strong></span> <span class='ocrx_word' id='word_1_86' title='bbox 1700 1124 1827 1175; x_wconf 90' lang='lat' dir='ltr'><strong>quae</strong></span> <span class='ocrx_word' id='word_1_87' title='bbox 1853 1125 1989 1178; x_wconf 90' lang='lat' dir='ltr'><strong>spem</strong></span> 
     </span>
     <span class='ocr_line' id='line_1_11' title="bbox 167 1192 1990 1266; baseline -0.001 -19"><span class='ocrx_word' id='word_1_88' title='bbox 167 1195 441 1248; x_wconf 83' lang='lat' dir='ltr'><strong>afferebant</strong></span> <span class='ocrx_word' id='word_1_89' title='bbox 473 1195 610 1266; x_wconf 87' lang='lat' dir='ltr'><strong>pacis</strong></span> <span class='ocrx_word' id='word_1_90' title='bbox 647 1194 1012 1260; x_wconf 83' lang='lat' dir='ltr'><strong>conciliandae,</strong></span> <span class='ocrx_word' id='word_1_91' title='bbox 1050 1195 1214 1247; x_wconf 89' lang='lat' dir='ltr'><strong>minus</strong></span> <span class='ocrx_word' id='word_1_92' title='bbox 1250 1204 1394 1266; x_wconf 88' lang='lat' dir='ltr'><strong>aptus</strong></span> <span class='ocrx_word' id='word_1_93' title='bbox 1429 1192 1688 1247; x_wconf 83' lang='lat' dir='ltr'><strong>videbatur</strong></span> <span class='ocrx_word' id='word_1_94' title='bbox 1722 1194 1990 1246; x_wconf 88' lang='lat' dir='ltr'><strong>earundem</strong></span> 
     </span>
     <span class='ocr_line' id='line_1_12' title="bbox 166 1279 1990 1352; baseline -0.002 -18"><span class='ocrx_word' id='word_1_95' title='bbox 166 1299 343 1334; x_wconf 78' lang='lat' dir='ltr'><strong>vocum</strong></span> <span class='ocrx_word' id='word_1_96' title='bbox 367 1299 516 1347; x_wconf 86' lang='lat' dir='ltr'><strong>usus,</strong></span> <span class='ocrx_word' id='word_1_97' title='bbox 553 1281 636 1350; x_wconf 89' lang='lat' dir='ltr'><strong>qui</strong></span> <span class='ocrx_word' id='word_1_98' title='bbox 659 1281 843 1333; x_wconf 88' lang='lat' dir='ltr'><strong>unitati</strong></span> <span class='ocrx_word' id='word_1_99' title='bbox 868 1281 1214 1352; x_wconf 88' lang='lat' dir='ltr'><strong>impedimento</strong></span> <span class='ocrx_word' id='word_1_100' title='bbox 1255 1288 1417 1344; x_wconf 88' lang='lat' dir='ltr'><strong>esset,</strong></span> <span class='ocrx_word' id='word_1_101' title='bbox 1460 1297 1553 1331; x_wconf 90' lang='lat' dir='ltr'><strong>nec</strong></span> <span class='ocrx_word' id='word_1_102' title='bbox 1586 1279 1804 1348; x_wconf 84' lang='lat' dir='ltr'><strong>dogmati</strong></span> <span class='ocrx_word' id='word_1_103' title='bbox 1829 1280 1990 1349; x_wconf 91' lang='lat' dir='ltr'><strong>quoad</strong></span> 
     </span>
     <span class='ocr_line' id='line_1_13' title="bbox 169 1364 1988 1439; baseline -0.001 -19"><span class='ocrx_word' id='word_1_104' title='bbox 169 1367 498 1420; x_wconf 84' lang='lat' dir='ltr'><strong>substantiam</strong></span> <span class='ocrx_word' id='word_1_105' title='bbox 534 1368 643 1420; x_wconf 90' lang='lat' dir='ltr'><strong>aliis</strong></span> <span class='ocrx_word' id='word_1_106' title='bbox 678 1368 846 1422; x_wconf 86' lang='lat' dir='ltr'><strong>verbis</strong></span> <span class='ocrx_word' id='word_1_107' title='bbox 891 1368 1018 1420; x_wconf 90' lang='lat' dir='ltr'><strong>satis</strong></span> <span class='ocrx_word' id='word_1_108' title='bbox 1056 1367 1306 1439; x_wconf 84' lang='lat' dir='ltr'><strong>explicato</strong></span> <span class='ocrx_word' id='word_1_109' title='bbox 1355 1364 1673 1418; x_wconf 91' lang='lat' dir='ltr'><strong>necessarius</strong></span> <span class='ocrx_word' id='word_1_110' title='bbox 1710 1375 1988 1436; x_wconf 85' lang='lat' dir='ltr'><strong>putaretur.</strong></span> 
     </span>
     <span class='ocr_line' id='line_1_14' title="bbox 168 1450 1991 1525; baseline 0.001 -20"><span class='ocrx_word' id='word_1_111' title='bbox 168 1453 306 1506; x_wconf 87' lang='lat' dir='ltr'><strong>Haec</strong></span> <span class='ocrx_word' id='word_1_112' title='bbox 331 1454 681 1525; x_wconf 83' lang='lat' dir='ltr'><strong>interpretatio</strong></span> <span class='ocrx_word' id='word_1_113' title='bbox 697 1493 711 1518; x_wconf 86' lang='lat'>‚</span> <span class='ocrx_word' id='word_1_114' title='bbox 747 1454 1028 1507; x_wconf 88' lang='lat' dir='ltr'><strong>litterarum</strong></span> <span class='ocrx_word' id='word_1_115' title='bbox 1053 1452 1268 1506; x_wconf 89' lang='lat' dir='ltr'><strong>Honorii</strong></span> <span class='ocrx_word' id='word_1_116' title='bbox 1294 1450 1556 1504; x_wconf 83' lang='lat' dir='ltr'><strong>contextui</strong></span> <span class='ocrx_word' id='word_1_117' title='bbox 1582 1469 1863 1521; x_wconf 87' lang='lat' dir='ltr'><strong>congruens</strong></span> <span class='ocrx_word' id='word_1_118' title='bbox 1879 1493 1893 1518; x_wconf 94' lang='lat'><strong>,</strong></span> <span class='ocrx_word' id='word_1_119' title='bbox 1919 1453 1991 1506; x_wconf 85' lang='lat' dir='ltr'><strong>ita</strong></span> 
     </span>
     <span class='ocr_line' id='line_1_15' title="bbox 168 1536 1992 1611; baseline 0.001 -20"><span class='ocrx_word' id='word_1_120' title='bbox 168 1539 598 1593; x_wconf 88' lang='lat' dir='ltr'><strong>Monotheliticum</strong></span> <span class='ocrx_word' id='word_1_121' title='bbox 624 1559 847 1594; x_wconf 90' lang='lat' dir='ltr'><strong>errorem</strong></span> <span class='ocrx_word' id='word_1_122' title='bbox 874 1540 1048 1593; x_wconf 87' lang='lat' dir='ltr'><strong>saltem</strong></span> <span class='ocrx_word' id='word_1_123' title='bbox 1085 1539 1246 1609; x_wconf 89' lang='lat' dir='ltr'><strong>quoad</strong></span> <span class='ocrx_word' id='word_1_124' title='bbox 1272 1536 1599 1590; x_wconf 88' lang='lat' dir='ltr'><strong>substantiam</strong></span> <span class='ocrx_word' id='word_1_125' title='bbox 1628 1539 1899 1611; x_wconf 76' lang='lat' dir='ltr'><strong>abstergit,</strong></span> <span class='ocrx_word' id='word_1_126' title='bbox 1937 1551 1992 1592; x_wconf 90' lang='lat' dir='ltr'><strong>ut</strong></span> 
     </span>
     <span class='ocr_line' id='line_1_16' title="bbox 168 1624 1989 1698; baseline -0.001 -18"><span class='ocrx_word' id='word_1_127' title='bbox 168 1627 368 1680; x_wconf 89' lang='lat' dir='ltr'><strong>nonnisi</strong></span> <span class='ocrx_word' id='word_1_128' title='bbox 393 1627 628 1697; x_wconf 89' lang='lat' dir='ltr'><strong>iniquiori</strong></span> <span class='ocrx_word' id='word_1_129' title='bbox 653 1627 987 1698; x_wconf 80' lang='lat' dir='ltr'><strong>explicatione</strong></span> <span class='ocrx_word' id='word_1_130' title='bbox 1013 1635 1179 1679; x_wconf 89' lang='lat' dir='ltr'><strong>certus</strong></span> <span class='ocrx_word' id='word_1_131' title='bbox 1206 1643 1351 1679; x_wconf 87' lang='lat' dir='ltr'><strong>error</strong></span> <span class='ocrx_word' id='word_1_132' title='bbox 1376 1624 1635 1695; x_wconf 84' lang='lat' dir='ltr'><strong>praetendi</strong></span> <span class='ocrx_word' id='word_1_133' title='bbox 1659 1626 1833 1696; x_wconf 88' lang='lat' dir='ltr'><strong>possit.</strong></span> <span class='ocrx_word' id='word_1_134' title='bbox 1864 1624 1989 1680; x_wconf 89' lang='lat' dir='ltr'><strong>Cum</strong></span> 
     </span>
     <span class='ocr_line' id='line_1_17' title="bbox 169 1710 1991 1783; baseline 0.001 -17"><span class='ocrx_word' id='word_1_135' title='bbox 169 1723 333 1766; x_wconf 89' lang='lat' dir='ltr'><strong>autem</strong></span> <span class='ocrx_word' id='word_1_136' title='bbox 360 1713 520 1783; x_wconf 89' lang='lat' dir='ltr'><strong>quoad</strong></span> <span class='ocrx_word' id='word_1_137' title='bbox 542 1731 693 1766; x_wconf 89' lang='lat' dir='ltr'><strong>voces</strong></span> <span class='ocrx_word' id='word_1_138' title='bbox 709 1753 723 1778; x_wconf 95' lang='lat'><strong>,</strong></span> <span class='ocrx_word' id='word_1_139' title='bbox 750 1722 853 1765; x_wconf 88' lang='lat' dir='ltr'><strong>tum</strong></span> <span class='ocrx_word' id='word_1_140' title='bbox 876 1715 1053 1777; x_wconf 79' lang='lat' dir='ltr'><strong>uniUS,</strong></span> <span class='ocrx_word' id='word_1_141' title='bbox 1088 1721 1192 1763; x_wconf 88' lang='lat' dir='ltr'><strong>tum</strong></span> <span class='ocrx_word' id='word_1_142' title='bbox 1217 1711 1423 1762; x_wconf 91' lang='lat' dir='ltr'><strong>duarum</strong></span> <span class='ocrx_word' id='word_1_143' title='bbox 1449 1710 1791 1781; x_wconf 87' lang='lat' dir='ltr'><strong>operationum</strong></span> <span class='ocrx_word' id='word_1_144' title='bbox 1819 1731 1877 1766; x_wconf 89' lang='lat' dir='ltr'><strong>ac</strong></span> <span class='ocrx_word' id='word_1_145' title='bbox 1901 1733 1991 1767; x_wconf 89' lang='lat' dir='ltr'><strong>vo—</strong></span> 
     </span>
     <span class='ocr_line' id='line_1_18' title="bbox 166 1796 1990 1871; baseline 0.001 -20"><span class='ocrx_word' id='word_1_146' title='bbox 166 1801 407 1851; x_wconf 88' lang='lat' dir='ltr'><strong>luntatum</strong></span> <span class='ocrx_word' id='word_1_147' title='bbox 446 1799 819 1871; x_wconf 88' lang='lat' dir='ltr'><strong>appellationem</strong></span> <span class='ocrx_word' id='word_1_148' title='bbox 846 1799 1100 1851; x_wconf 90' lang='lat' dir='ltr'><strong>Honorius</strong></span> <span class='ocrx_word' id='word_1_149' title='bbox 1125 1796 1422 1861; x_wconf 83' lang='lat' dir='ltr'><strong>removerit3</strong></span> <span class='ocrx_word' id='word_1_150' title='bbox 1459 1796 1618 1867; x_wconf 87' lang='lat' dir='ltr'><strong>palam</strong></span> <span class='ocrx_word' id='word_1_151' title='bbox 1643 1798 1697 1848; x_wconf 85' lang='lat' dir='ltr'><strong>fit</strong></span> <span class='ocrx_word' id='word_1_152' title='bbox 1735 1816 1844 1851; x_wconf 87' lang='lat' dir='ltr'><strong>eum</strong></span> <span class='ocrx_word' id='word_1_153' title='bbox 1870 1800 1990 1852; x_wconf 89' lang='lat' dir='ltr'><strong>nihil</strong></span> 
     </span>
     <span class='ocr_line' id='line_1_19' title="bbox 167 1882 1991 1956; baseline 0.001 -18"><span class='ocrx_word' id='word_1_154' title='bbox 167 1886 227 1938; x_wconf 93' lang='lat' dir='ltr'><strong>de</strong></span> <span class='ocrx_word' id='word_1_155' title='bbox 255 1886 344 1938; x_wconf 81' lang='lat' dir='ltr'><strong>hac</strong></span> <span class='ocrx_word' id='word_1_156' title='bbox 369 1886 476 1956; x_wconf 84' lang='lat' dir='ltr'><strong>ipsa</strong></span> <span class='ocrx_word' id='word_1_157' title='bbox 502 1887 766 1939; x_wconf 85' lang='lat' dir='ltr'><strong>verborum</strong></span> <span class='ocrx_word' id='word_1_158' title='bbox 793 1883 1148 1956; x_wconf 88' lang='lat' dir='ltr'><strong>quaestione*)</strong></span> <span class='ocrx_word' id='word_1_159' title='bbox 1187 1882 1392 1936; x_wconf 86' lang='lat' dir='ltr'><strong>definire</strong></span> <span class='ocrx_word' id='word_1_160' title='bbox 1418 1882 1664 1948; x_wconf 83' lang='lat' dir='ltr'><strong>voluisse,</strong></span> <span class='ocrx_word' id='word_1_161' title='bbox 1693 1903 1762 1937; x_wconf 83' lang='lat' dir='ltr'><strong>ex</strong></span> <span class='ocrx_word' id='word_1_162' title='bbox 1788 1905 1883 1955; x_wconf 89' lang='lat' dir='ltr'><strong>quo</strong></span> <span class='ocrx_word' id='word_1_163' title='bbox 1910 1905 1991 1939; x_wconf 89' lang='lat' dir='ltr'><strong>er-</strong></span> 
     </span>
    </p>

    <p class='ocr_par' dir='ltr' id='par_1_3' title="bbox 168 1958 2041 3333">
     <span class='ocr_line' id='line_1_20' title="bbox 169 1958 2041 2043; baseline 0.002 -21"><span class='ocrx_word' id='word_1_164' title='bbox 169 1990 256 2023; x_wconf 88' lang='lat' dir='ltr'><strong>ror</strong></span> <span class='ocrx_word' id='word_1_165' title='bbox 282 1971 570 2042; x_wconf 87' lang='lat' dir='ltr'><strong>quicumque</strong></span> <span class='ocrx_word' id='word_1_166' title='bbox 598 1973 784 2042; x_wconf 85' lang='lat' dir='ltr'><strong>aliquot</strong></span> <span class='ocrx_word' id='word_1_167' title='bbox 809 1971 1091 2043; x_wconf 88' lang='lat' dir='ltr'><strong>aequivocis</strong></span> <span class='ocrx_word' id='word_1_168' title='bbox 1115 1970 1284 2024; x_wconf 82' lang='lat' dir='ltr'><strong>verbis</strong></span> <span class='ocrx_word' id='word_1_169' title='bbox 1308 1969 1477 2022; x_wconf 91' lang='lat' dir='ltr'><strong>inesse</strong></span> <span class='ocrx_word' id='word_1_170' title='bbox 1503 1969 1709 2040; x_wconf 87' lang='lat' dir='ltr'><strong>cuipiam</strong></span> <span class='ocrx_word' id='word_1_171' title='bbox 1744 1971 1989 2038; x_wconf 83' lang='lat' dir='ltr'><strong>videatur,</strong></span> <span class='ocrx_word' id='word_1_172' title='bbox 2035 1958 2041 1965; x_wconf 51' lang='grc'><strong>’</strong></span> 
     </span>
     <span class='ocr_line' id='line_1_21' title="bbox 171 2054 1988 2129; baseline 0.002 -21"><span class='ocrx_word' id='word_1_173' title='bbox 171 2075 270 2108; x_wconf 90' lang='lat' dir='ltr'><strong>non</strong></span> <span class='ocrx_word' id='word_1_174' title='bbox 296 2058 592 2111; x_wconf 88' lang='lat' dir='ltr'><strong>definitionis</strong></span> <span class='ocrx_word' id='word_1_175' title='bbox 619 2077 762 2110; x_wconf 90' lang='lat' dir='ltr'><strong>error</strong></span> <span class='ocrx_word' id='word_1_176' title='bbox 788 2058 878 2123; x_wconf 86' lang='lat' dir='ltr'><strong>sit,</strong></span> <span class='ocrx_word' id='word_1_177' title='bbox 919 2059 1005 2111; x_wconf 89' lang='lat' dir='ltr'><strong>sed</strong></span> <span class='ocrx_word' id='word_1_178' title='bbox 1030 2056 1315 2110; x_wconf 89' lang='lat' dir='ltr'><strong>omissionis</strong></span> <span class='ocrx_word' id='word_1_179' title='bbox 1351 2055 1434 2109; x_wconf 89' lang='lat' dir='ltr'><strong>vel</strong></span> <span class='ocrx_word' id='word_1_180' title='bbox 1459 2054 1608 2107; x_wconf 89' lang='lat' dir='ltr'><strong>etiam</strong></span> <span class='ocrx_word' id='word_1_181' title='bbox 1635 2058 1988 2129; x_wconf 82' lang='lat' dir='ltr'><strong>sub1·eptioniS‚</strong></span> 
     </span>
     <span class='ocr_line' id='line_1_22' title="bbox 172 2141 1990 2216; baseline 0.001 -21"><span class='ocrx_word' id='word_1_182' title='bbox 172 2152 222 2195; x_wconf 90' lang='lat' dir='ltr'><strong>et</strong></span> <span class='ocrx_word' id='word_1_183' title='bbox 246 2143 392 2208; x_wconf 85' lang='lat' dir='ltr'><strong>facti,</strong></span> <span class='ocrx_word' id='word_1_184' title='bbox 419 2161 508 2196; x_wconf 91' lang='lat' dir='ltr'><strong>seu</strong></span> <span class='ocrx_word' id='word_1_185' title='bbox 533 2145 882 2198; x_wconf 89' lang='lat' dir='ltr'><strong>oeconomicae</strong></span> <span class='ocrx_word' id='word_1_186' title='bbox 909 2143 1320 2216; x_wconf 86' lang='lat' dir='ltr'><strong>dispensationiS,</strong></span> <span class='ocrx_word' id='word_1_187' title='bbox 1348 2159 1473 2211; x_wconf 87' lang='lat' dir='ltr'><strong>quae</strong></span> <span class='ocrx_word' id='word_1_188' title='bbox 1499 2141 1559 2192; x_wconf 91' lang='lat' dir='ltr'><strong>ad</strong></span> <span class='ocrx_word' id='word_1_189' title='bbox 1585 2141 1723 2194; x_wconf 88' lang='lat' dir='ltr'><strong>fidem</strong></span> <span class='ocrx_word' id='word_1_190' title='bbox 1751 2162 1851 2195; x_wconf 91' lang='lat' dir='ltr'><strong>non</strong></span> <span class='ocrx_word' id='word_1_191' title='bbox 1876 2163 1990 2216; x_wconf 86' lang='lat' dir='ltr'><strong>per-</strong></span> 
     </span>
     <span class='ocr_line' id='line_1_23' title="bbox 172 2227 1987 2303; baseline 0.002 -23"><span class='ocrx_word' id='word_1_192' title='bbox 172 2229 361 2294; x_wconf 85' lang='lat' dir='ltr'><strong>tinent,</strong></span> <span class='ocrx_word' id='word_1_193' title='bbox 399 2239 454 2281; x_wconf 89' lang='lat' dir='ltr'><strong>ut</strong></span> <span class='ocrx_word' id='word_1_194' title='bbox 487 2230 708 2300; x_wconf 89' lang='lat' dir='ltr'><strong>pluribus</strong></span> <span class='ocrx_word' id='word_1_195' title='bbox 747 2231 997 2303; x_wconf 77' lang='lat' dir='ltr'><strong>explicavi</strong></span> <span class='ocrx_word' id='word_1_196' title='bbox 1035 2231 1145 2282; x_wconf 90' lang='lat' dir='ltr'><strong>loco</strong></span> <span class='ocrx_word' id='word_1_197' title='bbox 1173 2229 1372 2280; x_wconf 87' lang='lat' dir='ltr'><strong>laudato</strong></span> <span class='ocrx_word' id='word_1_198' title='bbox 1400 2246 1443 2280; x_wconf 90' lang='lat' dir='ltr'><strong>c.</strong></span> <span class='ocrx_word' id='word_1_199' title='bbox 1474 2227 1559 2279; x_wconf 80' lang='lat'><strong>15.</strong></span> <span class='ocrx_word' id='word_1_200' title='bbox 1588 2246 1638 2279; x_wconf 85' lang='lat' dir='ltr'><strong>n.</strong></span> <span class='ocrx_word' id='word_1_201' title='bbox 1667 2228 1755 2281; x_wconf 83' lang='lat'><strong>35.</strong></span> <span class='ocrx_word' id='word_1_202' title='bbox 1807 2228 1987 2300; x_wconf 89' lang='lat' dir='ltr'><strong>Neque</strong></span> 
     </span>
     <span class='ocr_line' id='line_1_24' title="bbox 171 2313 1989 2389; baseline 0.001 -22"><span class='ocrx_word' id='word_1_203' title='bbox 171 2316 376 2368; x_wconf 89' lang='lat' dir='ltr'><strong>insistas</strong></span> <span class='ocrx_word' id='word_1_204' title='bbox 402 2317 568 2369; x_wconf 85' lang='lat' dir='ltr'><strong>verbis</strong></span> <span class='ocrx_word' id='word_1_205' title='bbox 593 2317 805 2370; x_wconf 86' lang='lat' dir='ltr'><strong>Honorii</strong></span> <span class='ocrx_word' id='word_1_206' title='bbox 829 2319 881 2371; x_wconf 93' lang='lat' dir='ltr'><strong>in</strong></span> <span class='ocrx_word' id='word_1_207' title='bbox 907 2317 1117 2389; x_wconf 89' lang='lat' dir='ltr'><strong>epistola</strong></span> <span class='ocrx_word' id='word_1_208' title='bbox 1144 2316 1203 2368; x_wconf 87' lang='lat' dir='ltr'><strong>ad</strong></span> <span class='ocrx_word' id='word_1_209' title='bbox 1230 2313 1489 2385; x_wconf 86' lang='lat' dir='ltr'><strong>Sergium,</strong></span> <span class='ocrx_word' id='word_1_210' title='bbox 1517 2313 1690 2383; x_wconf 90' lang='lat' dir='ltr'><strong>quibus</strong></span> <span class='ocrx_word' id='word_1_211' title='bbox 1717 2316 1828 2367; x_wconf 89' lang='lat' dir='ltr'><strong>dum</strong></span> <span class='ocrx_word' id='word_1_212' title='bbox 1856 2318 1989 2369; x_wconf 85' lang='lat' dir='ltr'><strong>affir-</strong></span> 
     </span>
     <span class='ocr_line' id='line_1_25' title="bbox 171 2403 1990 2472; baseline 0.003 -19"><span class='ocrx_word' id='word_1_213' title='bbox 171 2403 350 2467; x_wconf 80' lang='lat' dir='ltr'><strong>mavit,</strong></span> <span class='ocrx_word' id='word_1_214' title='bbox 391 2405 542 2455; x_wconf 83' lang='lat' dir='ltr'><strong>Haec</strong></span> <span class='ocrx_word' id='word_1_215' title='bbox 578 2405 847 2457; x_wconf 83' lang='lat' dir='ltr'><strong>nobiscum</strong></span> <span class='ocrx_word' id='word_1_216' title='bbox 883 2412 1059 2457; x_wconf 84' lang='lat' dir='ltr'><strong>vestra</strong></span> <span class='ocrx_word' id='word_1_217' title='bbox 1089 2406 1411 2472; x_wconf 80' lang='lat' dir='ltr'><strong>fraternitas</strong></span> <span class='ocrx_word' id='word_1_218' title='bbox 1432 2403 1741 2469; x_wconf 78' lang='lat' dir='ltr'><strong>praedicet,</strong></span> <span class='ocrx_word' id='word_1_219' title='bbox 1780 2408 1916 2457; x_wconf 78' lang='lat' dir='ltr'><strong>sicut</strong></span> <span class='ocrx_word' id='word_1_220' title='bbox 1941 2414 1990 2457; x_wconf 84' lang='lat' dir='ltr'><strong>et</strong></span> 
     </span>
     <span class='ocr_line' id='line_1_26' title="bbox 169 2486 1988 2558; baseline 0.002 -18"><span class='ocrx_word' id='word_1_221' title='bbox 169 2508 265 2542; x_wconf 88' lang='lat' dir='ltr'><strong>nos</strong></span> <span class='ocrx_word' id='word_1_222' title='bbox 293 2509 356 2541; x_wconf 85' lang='lat' dir='ltr'><strong>ea</strong></span> <span class='ocrx_word' id='word_1_223' title='bbox 380 2491 642 2541; x_wconf 78' lang='lat' dir='ltr'><strong>vobiscum</strong></span> <span class='ocrx_word' id='word_1_224' title='bbox 667 2495 986 2542; x_wconf 78' lang='lat' dir='ltr'><strong>unanimiter</strong></span> <span class='ocrx_word' id='word_1_225' title='bbox 1007 2491 1385 2558; x_wconf 82' lang='lat' dir='ltr'><strong>praedica-mus</strong></span> <span class='ocrx_word' id='word_1_226' title='bbox 1395 2507 1412 2547; x_wconf 84' lang='lat'><em>3</em></span> <span class='ocrx_word' id='word_1_227' title='bbox 1441 2486 1658 2539; x_wconf 90' lang='lat' dir='ltr'><strong>eamdem</strong></span> <span class='ocrx_word' id='word_1_228' title='bbox 1685 2487 1779 2539; x_wconf 85' lang='lat' dir='ltr'><strong>sibi</strong></span> <span class='ocrx_word' id='word_1_229' title='bbox 1806 2499 1855 2541; x_wconf 90' lang='lat' dir='ltr'><strong>et</strong></span> <span class='ocrx_word' id='word_1_230' title='bbox 1873 2489 1988 2543; x_wconf 67' lang='lat' dir='ltr'><strong>Mot-</strong></span> 
     </span>
     <span class='ocr_line' id='line_1_27' title="bbox 169 2571 1988 2646; baseline 0.001 -18"><span class='ocrx_word' id='word_1_231' title='bbox 169 2575 424 2628; x_wconf 88' lang='lat' dir='ltr'><strong>nothelitis</strong></span> <span class='ocrx_word' id='word_1_232' title='bbox 451 2575 751 2628; x_wconf 85' lang='lat' dir='ltr'><strong>sententiam</strong></span> <span class='ocrx_word' id='word_1_233' title='bbox 774 2577 969 2631; x_wconf 85' lang='lat' dir='ltr'><strong>videtur</strong></span> <span class='ocrx_word' id='word_1_234' title='bbox 995 2593 1244 2628; x_wconf 88' lang='lat' dir='ltr'><strong>asserere.</strong></span> <span class='ocrx_word' id='word_1_235' title='bbox 1296 2571 1383 2624; x_wconf 86' lang='lat' dir='ltr'><strong>Ex</strong></span> <span class='ocrx_word' id='word_1_236' title='bbox 1412 2582 1654 2626; x_wconf 80' lang='lat' dir='ltr'><strong>contextu</strong></span> <span class='ocrx_word' id='word_1_237' title='bbox 1681 2574 1810 2627; x_wconf 85' lang='lat' dir='ltr'><strong>enim</strong></span> <span class='ocrx_word' id='word_1_238' title='bbox 1836 2576 1988 2646; x_wconf 88' lang='lat' dir='ltr'><strong>liquet</strong></span> 
     </span>
     <span class='ocr_line' id='line_1_28' title="bbox 169 2660 1986 2735; baseline 0.001 -22"><span class='ocrx_word' id='word_1_239' title='bbox 169 2665 564 2713; x_wconf 77' lang='lat' dir='ltr'><strong>unanimitatem</strong></span> <span class='ocrx_word' id='word_1_240' title='bbox 599 2660 676 2713; x_wconf 90' lang='lat' dir='ltr'><strong>his</strong></span> <span class='ocrx_word' id='word_1_241' title='bbox 710 2662 881 2715; x_wconf 84' lang='lat' dir='ltr'><strong>verbis</strong></span> <span class='ocrx_word' id='word_1_242' title='bbox 917 2661 1184 2713; x_wconf 87' lang='lat' dir='ltr'><strong>indicatam</strong></span> <span class='ocrx_word' id='word_1_243' title='bbox 1218 2660 1397 2712; x_wconf 85' lang='lat' dir='ltr'><strong>referri</strong></span> <span class='ocrx_word' id='word_1_244' title='bbox 1420 2662 1759 2712; x_wconf 88' lang='lat' dir='ltr'><strong>tantummodo</strong></span> <span class='ocrx_word' id='word_1_245' title='bbox 1789 2663 1846 2713; x_wconf 91' lang='lat' dir='ltr'><strong>ad</strong></span> <span class='ocrx_word' id='word_1_246' title='bbox 1874 2681 1986 2735; x_wconf 89' lang='lat' dir='ltr'><strong>sup-</strong></span> 
     </span>
     <span class='ocr_line' id='line_1_29' title="bbox 169 2747 1988 2817; baseline 0.002 -20"><span class='ocrx_word' id='word_1_247' title='bbox 169 2747 479 2817; x_wconf 85' lang='lat' dir='ltr'><strong>pressionem</strong></span> <span class='ocrx_word' id='word_1_248' title='bbox 503 2765 678 2799; x_wconf 81' lang='lat' dir='ltr'><strong>vocmn</strong></span> <span class='ocrx_word' id='word_1_249' title='bbox 704 2751 858 2800; x_wconf 82' lang='lat' dir='ltr'><strong>unius</strong></span> <span class='ocrx_word' id='word_1_250' title='bbox 884 2755 977 2800; x_wconf 85' lang='lat' dir='ltr'><strong>aut</strong></span> <span class='ocrx_word' id='word_1_251' title='bbox 996 2750 1236 2816; x_wconf 64' lang='lat' dir='ltr'><strong>geminae</strong></span> <span class='ocrx_word' id='word_1_252' title='bbox 1257 2748 1539 2798; x_wconf 77' lang='lat' dir='ltr'><strong>voluntatis</strong></span> <span class='ocrx_word' id='word_1_253' title='bbox 1560 2765 1623 2797; x_wconf 84' lang='lat' dir='ltr'><strong>ac</strong></span> <span class='ocrx_word' id='word_1_254' title='bbox 1643 2751 1988 2815; x_wconf 74' lang='lat' dir='ltr'><strong>operationis,</strong></span> 
     </span>
     <span class='ocr_line' id='line_1_30' title="bbox 169 2831 1987 2904; baseline 0.001 -20"><span class='ocrx_word' id='word_1_255' title='bbox 169 2852 313 2902; x_wconf 86' lang='lat' dir='ltr'><strong>quam</strong></span> <span class='ocrx_word' id='word_1_256' title='bbox 339 2831 549 2902; x_wconf 85' lang='lat' dir='ltr'><strong>Sergius</strong></span> <span class='ocrx_word' id='word_1_257' title='bbox 575 2833 815 2904; x_wconf 86' lang='lat' dir='ltr'><strong>petierat,</strong></span> <span class='ocrx_word' id='word_1_258' title='bbox 852 2852 944 2887; x_wconf 90' lang='lat' dir='ltr'><strong>nec</strong></span> <span class='ocrx_word' id='word_1_259' title='bbox 979 2851 1080 2885; x_wconf 93' lang='lat' dir='ltr'><strong>non</strong></span> <span class='ocrx_word' id='word_1_260' title='bbox 1115 2833 1176 2884; x_wconf 89' lang='lat' dir='ltr'><strong>ad</strong></span> <span class='ocrx_word' id='word_1_261' title='bbox 1202 2832 1469 2884; x_wconf 88' lang='lat' dir='ltr'><strong>earundem</strong></span> <span class='ocrx_word' id='word_1_262' title='bbox 1504 2831 1751 2883; x_wconf 88' lang='lat' dir='ltr'><strong>rationum</strong></span> <span class='ocrx_word' id='word_1_263' title='bbox 1777 2834 1857 2885; x_wconf 80' lang='lat' dir='ltr'><strong>vel</strong></span> <span class='ocrx_word' id='word_1_264' title='bbox 1882 2853 1987 2886; x_wconf 91' lang='lat' dir='ltr'><strong>mo-</strong></span> 
     </span>
     <span class='ocr_line' id='line_1_31' title="bbox 168 2917 1986 2992; baseline -0.001 -20"><span class='ocrx_word' id='word_1_265' title='bbox 168 2928 447 2972; x_wconf 86' lang='lat' dir='ltr'><strong>mentorum</strong></span> <span class='ocrx_word' id='word_1_266' title='bbox 474 2937 644 2985; x_wconf 84' lang='lat' dir='ltr'><strong>usum,</strong></span> <span class='ocrx_word' id='word_1_267' title='bbox 673 2939 798 2990; x_wconf 88' lang='lat' dir='ltr'><strong>quae</strong></span> <span class='ocrx_word' id='word_1_268' title='bbox 827 2922 887 2974; x_wconf 89' lang='lat' dir='ltr'><strong>ad</strong></span> <span class='ocrx_word' id='word_1_269' title='bbox 912 2920 1070 2992; x_wconf 89' lang='lat' dir='ltr'><strong>ipsam</strong></span> <span class='ocrx_word' id='word_1_270' title='bbox 1097 2919 1499 2991; x_wconf 88' lang='lat' dir='ltr'><strong>suppressionem</strong></span> <span class='ocrx_word' id='word_1_271' title='bbox 1525 2917 1846 2971; x_wconf 87' lang='lat' dir='ltr'><strong>inducendam</strong></span> <span class='ocrx_word' id='word_1_272' title='bbox 1869 2938 1986 2972; x_wconf 57' lang='lat' dir='ltr'><strong>con÷</strong></span> 
     </span>
     <span class='ocr_line' id='line_1_32' title="bbox 168 3003 1986 3077; baseline 0.002 -21"><span class='ocrx_word' id='word_1_273' title='bbox 168 3006 376 3058; x_wconf 87' lang='lat' dir='ltr'><strong>ferrent.</strong></span> <span class='ocrx_word' id='word_1_274' title='bbox 454 3003 662 3058; x_wconf 87' lang='lat' dir='ltr'><strong>Erravit</strong></span> <span class='ocrx_word' id='word_1_275' title='bbox 698 3007 890 3075; x_wconf 91' lang='lat' dir='ltr'><strong>quidem</strong></span> <span class='ocrx_word' id='word_1_276' title='bbox 924 3006 1210 3069; x_wconf 84' lang='lat' dir='ltr'><strong>HonoriuS,</strong></span> <span class='ocrx_word' id='word_1_277' title='bbox 1260 3006 1371 3057; x_wconf 89' lang='lat' dir='ltr'><strong>dum</strong></span> <span class='ocrx_word' id='word_1_278' title='bbox 1406 3004 1804 3076; x_wconf 88' lang='lat' dir='ltr'><strong>suppressionem</strong></span> <span class='ocrx_word' id='word_1_279' title='bbox 1842 3025 1986 3077; x_wconf 88' lang='lat' dir='ltr'><strong>prae-</strong></span> 
     </span>
     <span class='ocr_line' id='line_1_33' title="bbox 171 3090 1984 3166; baseline 0.003 -24"><span class='ocrx_word' id='word_1_280' title='bbox 171 3091 371 3162; x_wconf 89' lang='lat' dir='ltr'><strong>scripsit</strong></span> <span class='ocrx_word' id='word_1_281' title='bbox 397 3110 565 3144; x_wconf 73' lang='lat' dir='ltr'><strong>eartun</strong></span> <span class='ocrx_word' id='word_1_282' title='bbox 590 3111 795 3157; x_wconf 87' lang='lat' dir='ltr'><strong>vocum,</strong></span> <span class='ocrx_word' id='word_1_283' title='bbox 822 3093 881 3146; x_wconf 89' lang='lat' dir='ltr'><strong>de</strong></span> <span class='ocrx_word' id='word_1_284' title='bbox 907 3093 1083 3164; x_wconf 88' lang='lat' dir='ltr'><strong>quihus</strong></span> <span class='ocrx_word' id='word_1_285' title='bbox 1110 3101 1220 3146; x_wconf 89' lang='lat' dir='ltr'><strong>erat</strong></span> <span class='ocrx_word' id='word_1_286' title='bbox 1246 3091 1489 3161; x_wconf 88' lang='lat' dir='ltr'><strong>quaestio.</strong></span> <span class='ocrx_word' id='word_1_287' title='bbox 1541 3090 1614 3142; x_wconf 81' lang='lat' dir='ltr'><strong>At</strong></span> <span class='ocrx_word' id='word_1_288' title='bbox 1640 3109 1745 3144; x_wconf 90' lang='lat' dir='ltr'><strong>cum</strong></span> <span class='ocrx_word' id='word_1_289' title='bbox 1774 3111 1843 3145; x_wconf 84' lang='lat' dir='ltr'><strong>ex</strong></span> <span class='ocrx_word' id='word_1_290' title='bbox 1876 3093 1984 3166; x_wconf 84' lang='lat' dir='ltr'><strong>ipsa</strong></span> 
     </span>
     <span class='ocr_line' id='line_1_34' title="bbox 170 3177 1985 3250; baseline 0.003 -23"><span class='ocrx_word' id='word_1_291' title='bbox 170 3177 521 3248; x_wconf 90' lang='lat' dir='ltr'><strong>suppressione</strong></span> <span class='ocrx_word' id='word_1_292' title='bbox 547 3189 880 3250; x_wconf 85' lang='lat' dir='ltr'><strong>cognoscatur</strong></span> <span class='ocrx_word' id='word_1_293' title='bbox 899 3199 1008 3233; x_wconf 89' lang='lat' dir='ltr'><strong>eum</strong></span> <span class='ocrx_word' id='word_1_294' title='bbox 1029 3179 1149 3232; x_wconf 90' lang='lat' dir='ltr'><strong>nihil</strong></span> <span class='ocrx_word' id='word_1_295' title='bbox 1167 3179 1396 3248; x_wconf 86' lang='lat' dir='ltr'><strong>utrinque</strong></span> <span class='ocrx_word' id='word_1_296' title='bbox 1417 3177 1664 3243; x_wconf 86' lang='lat' dir='ltr'><strong>definisse,</strong></span> <span class='ocrx_word' id='word_1_297' title='bbox 1682 3178 1831 3231; x_wconf 90' lang='lat' dir='ltr'><strong>immo</strong></span> <span class='ocrx_word' id='word_1_298' title='bbox 1853 3198 1882 3231; x_wconf 91' lang='lat' dir='ltr'><strong>a</strong></span> <span class='ocrx_word' id='word_1_299' title='bbox 1902 3181 1985 3234; x_wconf 89' lang='lat' dir='ltr'><strong>de-</strong></span> 
     </span>
     <span class='ocr_line' id='line_1_35' title="bbox 169 3262 1983 3333; baseline 0.003 -19"><span class='ocrx_word' id='word_1_300' title='bbox 169 3262 382 3315; x_wconf 85' lang='lat' dir='ltr'><strong>finiendo</strong></span> <span class='ocrx_word' id='word_1_301' title='bbox 409 3264 723 3319; x_wconf 86' lang='lat' dir='ltr'><strong>oeconomiae</strong></span> <span class='ocrx_word' id='word_1_302' title='bbox 749 3285 900 3320; x_wconf 86' lang='lat' dir='ltr'><strong>causa</strong></span> <span class='ocrx_word' id='word_1_303' title='bbox 922 3266 1175 3320; x_wconf 87' lang='lat' dir='ltr'><strong>censuisse</strong></span> <span class='ocrx_word' id='word_1_304' title='bbox 1203 3263 1576 3329; x_wconf 61' lang='lat' dir='ltr'><strong>abstinendum,</strong></span> <span class='ocrx_word' id='word_1_305' title='bbox 1605 3263 1713 3333; x_wconf 88' lang='lat' dir='ltr'><strong>quis</strong></span> <span class='ocrx_word' id='word_1_306' title='bbox 1741 3283 1983 3333; x_wconf 83' lang='lat' dir='ltr'><strong>errorem,</strong></span> 
     </span>
    </p>
   </div>
   <div class='ocr_carea' id='block_1_3' title="bbox 170 3486 1982 3599">
    <p class='ocr_par' dir='ltr' id='par_1_4' title="bbox 170 3486 1982 3599">
     <span class='ocr_line' id='line_1_36' title="bbox 286 3486 1982 3540; baseline 0.001 -15"><span class='ocrx_word' id='word_1_307' title='bbox 286 3487 326 3538; x_wconf 77' lang='lat'><strong>‘)</strong></span> <span class='ocrx_word' id='word_1_308' title='bbox 357 3486 468 3526; x_wconf 86' lang='lat' dir='ltr'><strong>Hine</strong></span> <span class='ocrx_word' id='word_1_309' title='bbox 497 3487 540 3526; x_wconf 89' lang='lat' dir='ltr'><strong>in</strong></span> <span class='ocrx_word' id='word_1_310' title='bbox 571 3487 753 3527; x_wconf 79' lang='lat' dir='ltr'><strong>secunda</strong></span> <span class='ocrx_word' id='word_1_311' title='bbox 794 3488 844 3527; x_wconf 82' lang='lat' dir='ltr'><strong>ad</strong></span> <span class='ocrx_word' id='word_1_312' title='bbox 878 3489 1068 3539; x_wconf 83' lang='lat' dir='ltr'><strong>Sergium</strong></span> <span class='ocrx_word' id='word_1_313' title='bbox 1099 3488 1289 3540; x_wconf 81' lang='lat' dir='ltr'><strong>Epistola</strong></span> <span class='ocrx_word' id='word_1_314' title='bbox 1333 3486 1395 3526; x_wconf 84' lang='lat' dir='ltr'><strong>bis</strong></span> <span class='ocrx_word' id='word_1_315' title='bbox 1428 3490 1706 3539; x_wconf 83' lang='lat' dir='ltr'><strong>protestatur,</strong></span> <span class='ocrx_word' id='word_1_316' title='bbox 1748 3499 1836 3528; x_wconf 81' lang='lat' dir='ltr'><strong>non</strong></span> <span class='ocrx_word' id='word_1_317' title='bbox 1867 3489 1982 3529; x_wconf 68' lang='lat' dir='ltr'><strong>debe-</strong></span> 
     </span>
     <span class='ocr_line' id='line_1_37' title="bbox 170 3544 1033 3599; baseline 0.009 -16"><span class='ocrx_word' id='word_1_318' title='bbox 170 3557 262 3585; x_wconf 78' lang='lat' dir='ltr'><strong>mus</strong></span> <span class='ocrx_word' id='word_1_319' title='bbox 294 3544 495 3595; x_wconf 77' lang='lat' dir='ltr'><strong>‹le-finire,</strong></span> <span class='ocrx_word' id='word_1_320' title='bbox 528 3557 614 3586; x_wconf 84' lang='lat' dir='ltr'><strong>non</strong></span> <span class='ocrx_word' id='word_1_321' title='bbox 646 3550 811 3599; x_wconf 78' lang='lat' dir='ltr'><strong>oportet</strong></span> <span class='ocrx_word' id='word_1_322' title='bbox 843 3545 1033 3597; x_wconf 50' lang='lat' dir='ltr'><strong>delinire.</strong></span> 
     </span>
    </p>
   </div>
   <div class='ocr_carea' id='block_1_4' title="bbox 1527 3615 1663 3666">
    <p class='ocr_par' dir='ltr' id='par_1_5' title="bbox 1527 3615 1663 3666">
     <span class='ocr_line' id='line_1_38' title="bbox 1527 3615 1663 3666; baseline 0 0"><span class='ocrx_word' id='word_1_323' title='bbox 1527 3615 1663 3666; x_wconf 65' lang='lat'><strong>24*-</strong></span> 
     </span>
    </p>
   </div>
  </div>
 </body>
</html>
