2320 3990
681 246 1330 319 —133—

99 429 404 495 minuam,
431 447 576 499 quam
602 439 902 501 postremam
929 429 1077 482 etiam
1102 427 1457 482 Theodoretus
1482 427 1676 482 recitat.
1730 426 1912 482 Unita-

95 519 196 572 tan
217 516 347 582 fidei,
372 533 519 586 quam
541 513 668 567 idem
690 513 932 568 Pontifex
959 513 1375 568 abOrientalibus
1394 513 1674 584 requisivit,
1698 512 1911 568 simodo

97 603 281 658 vell-t
306 602 581 655 Ecclesiae
607 603 884 670 copulari,
917 620 948 654 a
977 599 1235 673 catholicis
1257 599 1515 664 omnibuS,
1550 599 1647 669 qui
1666 617 1777 653 eam
1799 599 1912 653 uni-

98 698 252 743 tatem
277 687 615 742 necessariam
641 687 865 741 sciebant
881 725 897 751 ,
932 686 1104 739 eadem
1131 685 1343 756 epistola
1367 684 1611 750 obtinuit,
1649 695 1702 737 ut
1738 704 1809 739 ex
1833 686 1913 739 his

97 774 261 830 verbis
297 773 478 845 liquet,
514 792 640 844 quae
677 772 823 826 satim
857 780 971 844 post
981 761 996 807 ’·
1005 771 1354 842 praecedentia
1381 770 1694 825 Sozomenus
1731 772 1911 824 subdit.

105 863 222 922 Quo
243 866 395 930 facto
420 868 600 929 utpote
626 860 988 912 controversia
995 859 1211 929 judicio
1235 859 1513 911 Romanae
1532 860 1787 911 ecclesiae
1812 865 1912 910 ter-

100 951 324 1008 minata,
359 949 558 1016 sinyuli
582 950 823 1016 quievere
858 961 1024 1012 eaque
1050 948 1289 1012 quaestio
1310 949 1469 1014 finem
1506 947 1775 1012 accepisse
1800 946 1912 996 cisa

98 1042 191 1085 est.
244 1031 504 1086 Romanae
539 1030 670 1085 sedis
697 1029 932 1101 judicium
969 1047 1027 1082 ac
1058 1029 1178 1083 fides
1215 1030 1327 1082 ideo
1363 1029 1759 1083 controversiam
1786 1030 1910 1100 apud

97 1117 382 1172 Orientales
406 1120 771 1171 fervescentem
797 1115 1112 1181 terminavit,
1139 1116 1253 1186 quia
1277 1133 1480 1179 omneS,
1507 1115 1590 1185 qui
1616 1115 1807 1167 nollent
1832 1133 1913 1167 se-

96 1205 262 1275 parari
298 1205 359 1256 ab
384 1201 641 1267 Ecclesia,
681 1221 790 1255 cum
816 1201 1113 1274 Apostolica
1147 1203 1263 1256 sede
1289 1206 1342 1254 in
1371 1205 1602 1275 ejusdem
1624 1204 1757 1272 fidei
1779 1221 1912 1254 cotn-

99 1294 340 1343 rnunz'one
373 1293 575 1342 sociari
610 1299 866 1360 oportere,
903 1289 1027 1360 ipsis
1054 1287 1395 1342 Orientalibus
1428 1298 1740 1360 perspectum
1780 1298 1909 1351 erat,

94 1385 149 1427 ut
173 1394 242 1428 ex
279 1376 385 1447 ipso
420 1376 552 1428 facto
587 1394 695 1428 cum
721 1375 931 1428 Damasi
966 1376 1148 1428 litteris
1185 1375 1476 1427 concinente
1513 1373 1750 1443 colligere
1777 1373 1910 1425 licet.

98 1460 259 1514 Extat
283 1461 380 1513 alia
405 1462 621 1532 ejusdem
647 1460 907 1513 Pontificis
934 1461 1143 1532 epistola
1167 1460 1218 1512 in
1233 1459 1465 1512 Romana
1491 1461 1682 1530 synodo
1708 1460 1912 1532 scripta,

97 1547 174 1599 cui
201 1548 389 1618 adjecta
414 1557 531 1599 sunt
556 1548 795 1617 quaedam
819 1534 1124 1612 decreta,‘in
1150 1547 1323 1618 quibus
1349 1547 1475 1599 idem
1502 1547 1679 1618 dogma
1704 1547 1763 1600 de
1788 1547 1912 1599 divi-

95 1633 253 1685 nitate
277 1630 494 1703 Spiritus
518 1631 692 1686 Sancti
718 1634 1054 1686 constituitur.
1104 1633 1241 1687 Haec
1266 1634 1475 1705 primum
1512 1634 1572 1686 ad
1596 1632 1912 1705 Illyricianos

98 1719 274 1782 missa,
314 1717 487 1771 deinde
513 1736 601 1789 per
627 1715 869 1770 Sabinum
893 1719 1151 1772 diaconum
1178 1720 1394 1790 ejusdem
1421 1720 1703 1790 exemplum
1730 1717 1912 1771 Orien-

97 1804 271 1857 talibus
296 1803 612 1876 inscripttmi,
640 1804 835 1856 allatmn
859 1804 950 1856 fuit
976 1804 1027 1856 in
1054 1804 1331 1870 Orientem,
1357 1805 1547 1876 ipsique
1573 1806 1913 1877 subscripsere

97 1891 147 1943 in
174 1891 490 1943 Antiochena
515 1890 707 1962 synodo
736 1889 1328 1961 congregatiOrientales
1353 1889 1588 1963 Episcopi
1601 1890 1781 1945 CLIII.
1810 1912 1913 1945 om-

99 1995 187 2050 nes
212 1996 444 2029 consona
466 1981 574 2046 fide
599 1980 898 2041 credentes,
938 1986 989 2030 et
1019 1998 1195 2030 omnes
1230 1982 1305 2031 ita
1342 1984 1752 2039 consentientem
1786 1980 1913 2031 unde

97 2062 148 2114 in
174 2063 458 2131 quibusdam
484 2062 731 2115 codicibus
760 2064 879 2116 haec
907 2065 1179 2134 appellatur
1204 2069 1438 2136 synodus
1468 2067 1714 2118 Romana
1743 2075 1791 2118 et
1811 2067 1912 2117 Λη-

101 2150 406 2200 tiochensis:
440 2167 593 2217 eaque
619 2147 879 2200 Romanae
915 2149 1025 2201 fidei
1062 2150 1263 2202 decreta
1287 2152 1590 2204 Antiocheni
1617 2150 1800 2204 Patres
1827 2154 1913 2203 ob-

101 2233 477 2302 sequentissime
493 2244 831 2305 susceperunt,
860 2243 1007 2303 atque
1032 2235 1396 2307 subscriptione
1416 2237 1689 2299 firmarunt,
1718 2238 1913 2290 eadem-

99 2337 191 2387 que
217 2337 324 2371 cum
351 2319 563 2391 propriis
590 2319 1029 2391 subscriptionibus
1056 2319 1267 2373 Romam
1296 2322 1646 2386 transmisere,
1673 2333 1727 2374 ut
1753 2323 1915 2375 unita-

99 2414 197 2457 tem
225 2406 333 2458 fidei
360 2406 572 2476 ejusdem
598 2407 893 2477 probanteS,
931 2425 986 2459 se
1013 2425 1067 2459 se
1094 2408 1363 2461 catholicos
1389 2410 1718 2474 exhiberent,
1746 2410 1915 2478 sicque

101 2491 356 2544 tolleretur
380 2492 439 2544 de
463 2491 621 2544 medio
647 2492 730 2544 illa
755 2492 1023 2545 haereseos
1050 2494 1294 2565 suspicio,
1331 2514 1425 2564 qua
1451 2495 1544 2566 ipsi
1570 2496 1698 2566 apud
1725 2495 1914 2548 Roma-

100 2593 191 2627 nos
217 2577 410 2647 aspersi
434 2578 650 2630 filei-ant.
702 2577 832 2631 Vide
871 2579 958 2632 hac
996 2581 1054 2632 de
1081 2599 1136 2632 re
1163 2581 1301 2652 plura
1339 2581 1390 2633 in
1426 2591 1645 2634 tractatu
1674 2584 1758 2634 Dc
1786 2588 1915 2635 anti-

100 2666 216 2729 quis
252 2665 647 2715 collectionibus
684 2683 947 2718 canonum
983 2676 1112 2735 part.
1141 2667 1192 2718 ’2.
1241 2686 1284 2719 c.
1313 2668 1366 2720 9.
1412 2686 1556 2736 quem
1594 2678 1728 2720 tomo
1766 2670 1912 2721 tertio

102 2746 399 2799 novissimae
425 2748 655 2800 editionis
681 2767 883 2819 operum
908 2749 965 2802 S.
994 2749 1183 2802 Leonis
1210 2753 1550 2822 praefiximus.

245 2832 331 2885 29.
372 2831 587 2885 Valente
613 2833 807 2886 Ariano
834 2834 1052 2905 principe
1076 2836 1183 2887 vita
1214 2837 1408 2900 functo,
1444 2838 1526 2906 qui
1553 2840 1719 2908 plures
1745 2839 1916 2892 catho-

103 2917 221 2969 licos
248 2916 523 2994 Episcopos
559 2938 587 2970 e
621 2919 726 2971 suis
763 2920 960 2972 sedibus
998 2921 1249 2991 pepulerat
1269 2961 1283 2982 ,
1331 2920 1603 2975 Gratianus
1638 2923 1915 2995 Imperator

100 3001 322 3056 Orientis
347 3003 552 3075 imperio
578 3006 761 3077 potitus
780 3007 940 3076 legem
962 3007 1073 3058 tulit
1096 3006 1480 3077 (Theodoret.l.
1495 3011 1544 3062 ἵ).
1566 3008 1700 3062 Hist.
1716 3030 1759 3063 c.
1779 3012 1913 3082 12),

102 3097 160 3142 ut
182 3093 338 3143 aedes
364 3111 551 3143 sacrae
588 3095 655 3144 iis
690 3095 1058 3153 traderentur,
1099 3098 1191 3163 qni
1229 3113 1342 3145 cnm
1373 3095 1611 3149 Damaso
1637 3104 1915 3151 communi-

102 3183 301 3227 carent.
373 3175 647 3247 Imperator
690 3178 878 3231 scilicet
923 3179 1190 3232 catholicus
1238 3185 1299 3232 ab
1338 3178 1599 3252 Episcopis
1645 3185 1916 3238 catholicae

103 3260 212 3312 fidei
246 3262 608 3332 professoribus
641 3262 895 3318 Ecclesias
935 3266 1041 3336 regi
1076 3267 1251 3318 volens
1266 3304 1280 3330 ,
1318 3285 1387 3318 ex
1426 3269 1770 3322 communione
1806 3289 1915 3323 etun

101 3344 321 3399 Damaso
358 3346 588 3401 Romano
626 3349 868 3404 Pontifice
907 3352 1177 3405 catholicae
1224 3351 1335 3404 fidei
1371 3350 1647 3426 Episcopos
1693 3357 1917 3428 dignosci

104 3431 315 3496 sciebat,
353 3434 525 3506 quippe
553 3435 633 3505 qui
660 3454 760 3489 non
786 3437 932 3491 aliam
968 3438 1266 3508 intelligeret
1296 3455 1410 3491 csse
1437 3440 1730 3495 catholicam
1757 3443 1915 3496 tidem.

107 3515 199 3569 nisi
231 3535 354 3586 quae
393 3539 498 3573 cum
543 3522 632 3574 fide
674 3521 1011 3577 Romanorum
1050 3524 1348 3579 Antistitum
1395 3528 1712 3593 conveniret,
1761 3547 1918 3598 neque
