2314 3984
720 246 1100 305 ——257
1194 278 1364 288 -—-

144 417 399 472 Ecclesiae
433 432 718 480 consensu,
749 415 836 469 sed
860 433 950 487 per
974 434 1030 468 se
1055 433 1111 468 se
1136 432 1206 468 ex
1228 411 1542 467 institutione
1566 407 1786 474 Christi,
1821 428 1947 479 quae

144 505 361 575 profecto
387 501 577 572 exigit,
602 510 659 553 ut
682 501 755 553 illi
780 502 1005 555 absolute
1027 518 1201 554 omnes
1225 501 1550 564 adhaereant,
1575 507 1627 551 et
1650 514 1944 550 consensum

142 598 396 662 praestent
419 589 549 640 hono
574 588 780 641 unitatis
795 628 810 653 ,
836 606 963 657 quae
985 587 1039 639 in
1063 586 1155 639 hae
1179 585 1291 639 fidei
1313 595 1457 657 petra
1480 594 1730 654 tamquam
1752 583 1806 635 in
1830 601 1947 636 cen-

142 687 219 729 tro
244 677 484 728 formatur
509 683 561 727 et
585 673 882 727 continetur.
933 669 1063 740 Quid
1087 672 1215 742 quod
1239 669 1499 735 Christus,
1534 688 1641 723 cum
1666 669 1811 724 Petri
1835 669 1946 723 fidei

142 762 409 826 commisit,
444 771 498 813 ut
522 761 574 813 in
598 760 827 832 periculis
865 769 914 812 et
938 757 1328 811 dissensionibus
1363 757 1497 811 circa
1520 757 1662 810 fidem
1686 758 1948 810 conflrma-

142 858 218 902 ret
242 850 453 912 fratreS,
480 846 750 912 commisit,
776 856 831 898 ut
855 863 942 899 eos
966 844 1028 897 ad
1050 861 1310 897 assensum
1335 852 1567 914 cogeret,
1602 853 1653 896 et
1677 843 1729 895 in
1754 842 1944 895 unitate

142 936 447 1000 contineret,
483 952 583 985 non
607 951 728 987 vero
755 930 963 1002 cogendi
987 930 1088 983 vim
1114 947 1184 982 ex
1209 948 1378 983 eorum
1403 947 1651 983 consensu
1675 929 1945 983 derivavit:

141 1022 262 1074 alias
288 1040 388 1074 non
414 1019 768 1082 connnisisset,
802 1026 860 1069 ut
882 1015 991 1088 ipse
1028 1015 1345 1069 confirmaret
1376 1017 1591 1079 fratreS,
1630 1016 1717 1067 sed
1751 1026 1807 1067 ut
1830 1015 1944 1086 ipsi,

141 1107 184 1159 si
220 1108 266 1159 ei
301 1114 616 1178 praestarent
660 1120 946 1167 assensum,
993 1121 1048 1156 se
1085 1120 1140 1155 se
1174 1102 1541 1155 confirmarent.
1615 1099 1746 1153 Idem
1780 1101 1947 1170 itaque

141 1192 459 1247 confirmandi
482 1190 791 1254 mandatum,
825 1189 953 1258 quod
979 1207 1047 1241 ex
1085 1189 1324 1260 primatus
1349 1187 1508 1241 officio
1535 1186 1793 1239 Romanos
1826 1205 1947 1256 quo-

140 1298 232 1349 que
269 1278 413 1332 Petri
446 1294 762 1331 successores
802 1275 1031 1328 similiter
1067 1275 1243 1339 afficit,
1290 1293 1320 1326 a
1354 1276 1566 1326 fratrum
1602 1283 1652 1325 et
1687 1271 1945 1327 Ecclesiae

143 1382 388 1418 consensu
413 1363 619 1434 cogendi
643 1362 743 1415 vim
771 1371 1041 1432 expectare
1066 1361 1161 1413 dici
1185 1379 1286 1412 non
1310 1370 1492 1431 potest.

282 1451 370 1503 32.
411 1447 541 1515 Quid
574 1448 731 1500 dicam
776 1448 835 1499 de
867 1446 1134 1499 traditione
1168 1444 1413 1498 Patrum?
1463 1444 1521 1498 S.
1557 1444 1818 1507 Irenaeus,
1865 1447 1946 1515 qui

145 1536 350 1606 cogendi
382 1535 482 1589 vim
515 1533 775 1586 Romanae
810 1532 920 1586 fidei
951 1542 1053 1585 tam
1090 1531 1274 1585 diserte
1311 1531 1562 1596 attribuit,
1600 1541 1654 1583 ut
1691 1533 1948 1604 scripserit

143 1640 314 1674 omnes
347 1621 558 1690 undique
592 1620 757 1672 fideles
791 1637 899 1671 cum
924 1637 985 1671 ea
1018 1619 1285 1673 convenire
1319 1628 1578 1690 oportere,
1614 1619 1742 1670 hanc
1767 1638 1947 1674 conve-

143 1706 306 1758 niendi
342 1706 690 1759 necessitatem
727 1714 872 1773 atque
916 1704 1016 1757 vim
1054 1705 1325 1758 coactivam
1360 1707 1421 1756 ad
1456 1705 1695 1757 unitatem
1733 1707 1945 1775 ejusdem

141 1791 250 1844 fidei
275 1810 373 1843 non
399 1791 603 1844 deduxit
627 1809 695 1843 ex
721 1807 966 1842 consensu
989 1787 1275 1855 Ecclesiae,
1300 1791 1381 1844 vel
1404 1789 1790 1860 Episcoporum:
1818 1794 1945 1860 quod

142 1895 248 1929 cum
273 1877 398 1929 idem
424 1877 632 1942 fuisset,
672 1895 730 1930 ac
754 1877 919 1929 dicere
945 1877 1174 1928 Necesse
1201 1885 1279 1929 est
1302 1896 1477 1929 omnes
1503 1879 1736 1945 undique
1762 1879 1944 1931 Eccle-

141 1966 247 2015 sias
285 1967 562 2016 convenire
601 1967 654 2015 in
689 1966 798 2032 fide
823 1981 939 2014 cum
966 1963 1240 2024 Romana,
1275 1966 1488 2032 quando
1518 1982 1698 2014 earum
1725 1969 1947 2017 accedat

140 2067 448 2109 consensus3
475 2049 728 2102 ridiculum
753 2049 922 2119 plane,
948 2048 1246 2113 illusorium,
1275 2067 1331 2100 ac
1357 2058 1496 2100 tanto
1523 2047 1744 2102 Doctore
1769 2051 1945 2104 fuisset

142 2133 389 2204 indignum
401 2133 484 2204 *)3
512 2135 597 2187 sed
622 2154 730 2187 eam
756 2133 1104 2187 necessitatem
1131 2134 1336 2186 deduxit
1364 2151 1432 2186 ex
1462 2136 1814 2204 praerogativa
1842 2139 1944 2208 pri-

142 2229 326 2284 matuS,
366 2238 491 2288 quae
517 2220 708 2289 quidem
735 2238 843 2273 cum
869 2219 929 2271 ab
957 2218 1164 2270 aliarum
1189 2218 1527 2274 Ecclesiarum
1562 2238 1809 2274 consensu
1844 2242 1943 2275 non

142 2307 343 2376 pendet,
382 2316 483 2358 tum
519 2325 640 2360 vero
678 2308 739 2358 ad
777 2305 1181 2376 compingendam
1224 2307 1669 2375 continendumque
1705 2308 1943 2362 unitatem

141 2391 392 2456 instituta,
429 2410 528 2444 non
555 2411 624 2445 ex
658 2392 935 2445 earumdem
960 2390 1299 2445 Ecclesiarum
1337 2411 1612 2458 consenSU,
1652 2396 1738 2447 sed
1774 2415 1863 2466 per
1889 2414 1943 2449 se

141 2496 195 2530 se
219 2478 318 2532 vim
345 2478 550 2548 cogendi
587 2479 767 2531 habeat
801 2495 1008 2530 necesse
1034 2488 1128 2530 est.
1178 2477 1259 2530 Ea
1282 2478 1434 2548 igitur
1460 2479 1683 2533 coactiva
1707 2482 1811 2546 viS,
1849 2501 1945 2551 qua

143 2582 312 2617 omnes
336 2564 547 2633 undique
572 2564 739 2617 fideles
766 2564 1034 2618 convenire
1069 2565 1246 2618 dehent
1281 2583 1389 2617 cum
1415 2563 1647 2617 Romana
1683 2567 1774 2619 fide
1800 2587 1944 2639 prop-

143 2658 220 2699 ter
245 2650 350 2718 ejus
377 2649 505 2700 sedis
538 2649 825 2719 primatum,
863 2668 932 2702 ex
955 2649 1152 2703 Irenaei
1185 2660 1350 2703 mente
1384 2650 1456 2702 illi
1491 2652 1658 2721 utique
1694 2655 1942 2724 competit,

109 2782 115 2789 ,
144 2732 225 2801 qui
250 2734 463 2802 ejusdem
496 2734 624 2786 sedis
658 2734 871 2804 primatu
894 2735 1088 2786 fruitur.
1139 2734 1323 2787 Μίνωι]
1348 2736 1596 2800 maxime,
1634 2737 1678 2788 si
1703 2737 1943 2791 Gallicani

145 2819 394 2870 Auctores
431 2836 539 2870 cum
574 2819 667 2870 hoc
689 2819 1022 2872 vetustissimo
1055 2820 1434 2888 doctissimoque
1457 2819 1704 2892 Episcopo
1731 2841 1944 2876 commu-

145 2922 255 2956 nem
293 2904 370 2955 sui
404 2904 515 2957 aevi
546 2904 818 2957 doctrinam
857 2915 1139 2977 exponente
1176 2906 1476 2959 concordare
1502 2918 1786 2960 renuerent.
1837 2909 1943 2963 Ne-

144 3007 237 3058 que
261 2989 561 3042 dissimiliter
597 2989 682 3041 alii
705 2988 919 3055 PatreS,
959 3010 1066 3044 cum
1101 2992 1339 3063 primatus
1374 2993 1771 3063 praerogativam
1796 2997 1942 3049 affer-

147 3084 273 3139 rent,
298 3076 359 3127 ob
386 3094 528 3144 quam
554 3076 663 3129 fidei
686 3076 850 3129 unitas
878 3095 984 3130 cum
1010 3076 1240 3131 Romana
1265 3079 1379 3132 sede
1404 3078 1613 3130 traditur
1639 3083 1940 3147 necessaria,

147 3161 328 3211 nullam
352 3162 647 3216 mentionem
672 3163 858 3216 faciunt
883 3182 1155 3218 consensus
1180 3163 1466 3230 Ecclesiae,
1507 3183 1665 3234 neque
1703 3169 1807 3237 ejus
1833 3170 1940 3222 uni-

151 3423 175 3462 fi
267 3365 306 3413 ·)
338 3365 508 3411 Confer,
552 3377 655 3415 quae
688 3367 727 3405 in
759 3368 861 3409 hanc
892 3383 975 3411 rem
1016 3370 1373 3411 animadvertimus
1413 3382 1502 3421 cap.
1538 3371 1604 3410 13.
1649 3383 1753 3413 num.
1786 3373 1826 3413 5.
1863 3375 1937 3413 snb

178 3436 281 3464 nem.

216 3499 260 3534 P.
291 3499 438 3536 Baller.
475 3499 521 3536 de
552 3498 724 3535 Primam
756 3504 830 3538 etc.
1499 3499 1562 3552 17
