2320 3990
951 206 1619 264 ———-120—-—-

355 374 492 429 inter
530 374 807 430 catholicos
845 373 1022 427 doctos
1061 382 1387 444 sanctosque-
1403 373 1686 449 Episcopos
1720 374 1955 442 adducta,
2002 376 2221 430 nondum

353 464 524 517 fuerat
547 459 855 535 peremtoria
874 459 1064 533 judicio
1093 459 1316 527 definita,
1345 462 1491 514 suum
1500 462 1772 518 ”decretum
1796 464 1872 517 ita
1896 463 2218 535 temperavit,

353 559 409 603 ut
435 549 726 603 Romanam
753 547 1194 615 consuetudinem,
1231 565 1360 619 quae
1396 565 1576 602 veram
1599 550 1880 605 doctrinam
1907 551 2219 618 continebat,

353 645 628 710 praecepto
654 644 706 689 et
731 630 1278 690 excommunicationis
1317 635 1470 690 minis
1503 637 1818 707 sequendam.
1844 638 2217 711 praescribenS,

352 742 509 779 verae
547 723 809 778 doctrinae
846 723 1169 797 provideret,
1211 725 1300 779 sed
1337 723 1664 778 oeconomiae
1703 743 1856 779 causa
1879 727 1932 781 in
1957 738 2104 781 tanta
2139 736 2219 780 tot

351 812 737 886 provinciarum
769 821 821 865 et
857 809 1223 886 Episcoporum
1275 811 1592 866 dissensione
1639 811 1979 868 definitionem
2016 813 2220 886 proprie

353 902 537 956 dictam
583 900 930 973 suspendenS,
967 901 1321 972 neminemque
1360 910 1732 973 repugnantem
1770 911 1886 955 actu
1912 919 2161 973 separans
2189 920 2219 954 a

355 987 707 1042 communione
735 998 787 1042 et
815 988 1009 1043 unitate
1034 987 1296 1043 Ecclesiae
1312 1028 1327 1055 ,
1354 987 1519 1061 ipsum
1545 989 1726 1059 dogma
1752 988 1824 1042 ita
1849 988 2053 1060 reliquit
2077 989 2220 1043 inde-

354 1077 530 1143 cisum,
555 1086 612 1129 ut
639 1076 684 1130 si
711 1075 795 1147 qui
821 1075 979 1130 adhuc
1007 1086 1356 1149 repugnarent
1373 1116 1386 1143 ,
1414 1095 1626 1149 peccare
1654 1076 1850 1148 quidem
1877 1086 2088 1150 possent
2112 1077 2218 1130 ino-

351 1164 626 1231 bedientia,
654 1164 913 1232 scanda10,
940 1164 1261 1232 temeritate,
1290 1165 1334 1218 si
1361 1163 1663 1237 praesertim
1690 1163 1743 1217 in
1771 1164 2036 1218 acerbiora
2060 1165 2219 1219 verba

351 1242 532 1307 contra
556 1252 952 1326 praecipientem
979 1263 1351 1320 excurrerent3
1382 1263 1435 1306 at
1456 1253 1619 1324 quoad
1637 1271 1740 1320 reS,
1765 1271 1856 1307 seu
1876 1254 2060 1323 dogma
2077 1252 2218 1306 inde-

351 1341 545 1394 finitum
581 1350 839 1405 maneret,
881 1341 1055 1394 deduci
1081 1340 1270 1408 exinde
1297 1360 1399 1394 non
1425 1349 1628 1413 posset,
1667 1359 1761 1394 nec
1786 1340 1977 1412 possit,
2017 1358 2107 1393 eos
2134 1340 2219 1392 de-

352 1428 576 1482 seruisse
602 1427 718 1482 fidei
741 1427 1008 1493 unitatem,
1035 1426 1230 1498 hacque
1258 1445 1369 1480 cum
1397 1427 1515 1480 sede
1541 1427 1845 1499 Apostolica
1871 1445 1962 1480 seu
1987 1445 2098 1479 cum
2125 1426 2218 1479 fide

351 1536 381 1569 a
422 1515 672 1570 Romanis
710 1513 1050 1569 Pontificibus
1087 1514 1352 1588 proposita
1393 1533 1451 1569 ac
1489 1514 1695 1569 definita
1733 1515 2079 1569 necessariam
2117 1533 2218 1568 non

351 1604 642 1658 credidisse.
681 1602 739 1657 S.
758 1601 1076 1677 Cyprianum
1098 1603 1313 1676 quidem,
1341 1602 1425 1674 qui
1442 1603 1496 1656 in
1516 1603 1611 1657 hoc
1631 1603 1835 1657 dissidio
1862 1613 2059 1656 tantam
2080 1603 2219 1656 solli-

352 1692 625 1746 citudinem
652 1692 910 1764 praetulit,
938 1711 1002 1745 ne
1033 1693 1355 1763 abrumperet
1379 1690 1628 1743 unitatem
1659 1690 2024 1744 communionis
2053 1701 2104 1743 et
2131 1710 2217 1763 pa-

350 1781 422 1835 cis
463 1800 574 1834 cum
601 1779 838 1834 Romano
878 1779 1130 1834 Poutifice
1158 1788 1209 1832 et
1235 1779 1354 1832 sede
1379 1777 1707 1850 Apostolica,
1749 1797 1896 1848 quam
1938 1777 2217 1831 catholicae

351 1867 562 1921 unitatis
591 1878 820 1922 centrum
847 1878 899 1922 et
926 1868 1177 1940 originem
1203 1867 1459 1920 fatebatur
1475 1906 1488 1932 ,
1530 1886 1560 1920 a
1586 1866 1698 1919 fidei
1723 1866 1939 1932 unitate,
1978 1866 2040 1918 ob
2069 1886 2217 1937 quam

349 1955 521 2009 unitas
561 1956 928 2010 communionis
964 1966 1044 2010 est
1081 1954 1399 2021 necessaria,
1447 1953 1669 2009 voluisse
1717 1954 2032 2020 desciscere,
2073 1954 2217 2025 quasi

355 2045 482 2098 hanc
519 2063 678 2115 aeque
716 2046 898 2099 saltem
938 2044 1286 2099 necessariam
1313 2062 1416 2097 non
1443 2043 1699 2108 crederet,
1738 2042 1991 2096 affirmare
2029 2042 2217 2114 poterit.
2292 2083 2294 2085 >

350 2152 515 2199 nemo,
545 2133 629 2205 qui
657 2153 767 2187 cum
795 2133 1054 2206 principiis
1084 2135 1192 2204 ejus
1220 2142 1372 2186 antea
1398 2130 1673 2203 propositis
1701 2130 1973 2184 cohaerere
1999 2130 2141 2184 velit.

1191 2299 1237 2366 g.
1279 2295 1371 2351 lv.

350 2403 626 2456 I⁴'c‘rmitiani‚
662 2404 870 2454 Γαείαηί,
905 2408 944 2445 et
975 2405 1127 2456 Optata·
1158 2403 1419 2444 testimonia.
1469 2401 1800 2443 Donatistarum
1842 2403 2113 2456 aliorumque
2146 2415 2216 2444 ve-

530 2469 669 2506 terum
698 2464 1084 2506 schismaticorum
1113 2464 1500 2515 Heretc'cormnque
1531 2463 1771 2504 sententiae
1802 2475 2031 2515 expensae..

497 2566 584 2620 16.
640 2564 889 2637 Cypriani
915 2564 1222 2618 testimoniis
1250 2563 1462 2635 subjicio
1484 2563 1646 2616 locum
1670 2561 1714 2615 F
1717 2561 1955 2615 irmiliani
1975 2561 2215 2635 Episcopi

350 2652 644 2707 Caesareae
666 2651 1014 2725 Cappadociae
1037 2671 1106 2705 ex
1129 2651 1344 2724 epistola
1366 2651 1454 2706 75.
1476 2650 1611 2704 inter
1634 2647 1992 2722 Cyprianicas.
2033 2649 2216 2721 Neque

348 2762 439 2814 pro
469 2742 811 2796 confirmanda
850 2741 1158 2795 necessitate
1197 2739 1409 2792 unitatis
1438 2758 1548 2793 cum
1576 2737 1813 2790 Romano
1841 2736 2094 2792 Pontifice
2121 2738 2216 2791 mi-

348 2830 472 2882 nimi
498 2830 730 2884 habenda
756 2819 1030 2882 credantur
1056 2830 1216 2883 verba
1240 2828 1373 2880 illius
1390 2867 1405 2893 ,
1433 2825 1517 2897 qui
1546 2825 1788 2880 adversus
1816 2824 1874 2879 S.
1903 2825 2216 2899 Stephanum

347 2916 544 2989 Papam
571 2915 802 2970 acerbius
842 2915 1102 2978 scribens,
1138 2915 1385 2969 unitatem
1412 2924 1464 2968 et
1491 2914 1891 2968 communionem
1932 2916 2036 2985 ejus
2070 2914 2215 2985 parvi

348 3006 527 3060 secisse
554 3004 717 3060 videri
743 3014 931 3078 potest.
983 3002 1234 3057 Accidere
1261 3003 1395 3056 enim
1420 3001 1464 3054 F
1469 3000 1722 3053 irmiliano
1747 3000 1929 3071 potuit,
1959 3001 2088 3071 quod
2117 3001 2217 3054 alia

347 3094 618 3148 occasione
645 3094 705 3146 de
732 3093 841 3146 aliis
869 3091 1164 3147 observavit
1186 3090 1492 3153 BossuetuS,
1519 3097 1576 3139 ut
1600 3087 1680 3140 ille
1705 3087 1898 3141 scilicet
1920 3087 2216 3160 principiinn

351 3181 593 3254 optimum
619 3181 673 3234 in
699 3200 808 3234 rem
833 3190 1154 3253 praesentem
1184 3176 1397 3242 viderit,
1440 3185 1494 3228 at
1521 3174 2058 3247 praeoccupationibus
2097 3195 2216 3230 cau-

347 3289 533 3340 saeque
547 3268 1170 3342 praejudiciisimpeditus,
1194 3262 1609 3336 consequentiam
1631 3281 1733 3315 non
1757 3263 1957 3318 viderit.
1998 3263 2082 3318 En
2095 3263 2214 3319 Fir-

348 3357 543 3411 miliani
562 3368 783 3411 textum.
823 3356 998 3428 Atque
1024 3377 1122 3428 eqo
1144 3359 1200 3408 in
1224 3356 1327 3407 leae
1349 3359 1512 3423 parte
1521 3355 1674 3423 juste
1699 3354 1955 3422 indignor
1977 3355 2054 3405 ad
2074 3354 2215 3405 Itane

347 3455 458 3500 tam
485 3453 730 3515 apertam
759 3454 812 3498 et
836 3449 1180 3516 manifestam
1212 3441 1481 3509 Stephani
1506 3443 1819 3503 stultitiam,
1847 3443 1998 3511 qaod
2020 3444 2114 3511 qai
2138 3443 2216 3493 sic

349 3538 418 3589 tle
445 3535 811 3606 spise-opums
853 3538 937 3587 sui
962 3537 1082 3588 loco
1108 3533 1410 3602 fior-tatur,
1454 3537 1505 3582 et
1533 3550 1584 3582 se
1629 3533 2015 3584 successionem
2060 3529 2218 3582 Petri
