2314 3984
923 206 1107 215 .,--
1191 173 1328 232 3310
1417 206 1595 214 -..-.

329 341 527 410 Petri,⁷
550 343 630 403 cui
655 343 912 412 tamquam
932 342 1264 410 &nusiamento
1285 351 1352 396 et·
1369 352 1544 398 centro
1570 342 1782 397 unitatis
1808 359 1984 397 omnes
2011 341 2196 396 adhae-

330 442 499 498 reant,
523 441 578 484 et
604 447 734 500 quae
756 447 940 484 omnes
962 447 1036 484 ex
1060 429 1331 502 praecipuo
1354 429 1728 502 fineprimatus
1751 431 1808 486 in
1833 430 2195 503 ejusdemfidei

330 521 527 573 unitate
555 517 850 585 confirmet,
878 518 1012 590 quod
1035 516 1411 573 definitionibus
1439 517 1672 572 efficitur.
1691 543 1697 567 ·.
1722 519 1870 574 Adeo
1899 521 2037 574 solas
2063 522 2197 593 ejus-

331 607 468 661 modi
490 605 817 661 definitiones
839 598 1209 680 promissiones
1224 603 1436 662 *Christi
1467 605 1774 679 respiciunt,
1809 617 1863 662 et
1884 608 1939 662 in
1965 607 2046 661 his
2072 607 2196 661 solis

331 695 658 750 infallibilitas
680 693 985 750 Pontificum
1010 694 1334 766 requirenda.
1371 692 1607 749 Secundo
1634 695 1860 768 cogitent
1884 714 2199 750 communem

331 803 449 839 esse
488 783 872 856 Theologorum
909 784 1191 838 doctrinam
1207 824 1223 849 ,
1270 783 1327 836 in
1362 782 1487 856 ipsis
1521 783 1837 856 generalium
1873 783 2200 837 conciliorum

335 873 465 927 actis
492 874 630 927 solas
652 872 978 927 definitiones
1004 872 1120 926 fidei
1142 872 1247 925 vim
1272 871 1583 925 infallibilem
1611 870 1828 938 habere,
1857 881 1909 925 et
1934 873 1998 925 ad
2023 889 2200 925 assen-

332 979 443 1014 sum
469 979 685 1033 cogere,
714 980 810 1016 nec
837 963 1038 1029 obesse,
1065 960 1111 1015 si
1133 961 1218 1016 vel
1241 960 1372 1014 ratio
1400 959 1695 1026 definiendi,
1720 959 1804 1015 vel
1829 959 1931 1012 alia
1954 959 2200 1031 quaedam

335 1049 462 1103 actis
490 1049 658 1103 obiter
683 1049 880 1104 inserta
906 1051 1244 1104 difficultatem
1279 1051 1564 1114 facessant,
1605 1059 1694 1102 aut
1721 1068 1751 1102 a
1775 1048 1997 1103 veritate
2024 1047 2204 1102 abesse

334 1138 623 1192 videantur.
677 1137 830 1206 Vide,
858 1158 985 1211 quae
1009 1138 1064 1192 in
1091 1138 1222 1191 hanc
1247 1156 1355 1192 rem
1381 1137 1668 1192 Bossuetus
1696 1156 1807 1191 cum
1836 1134 1982 1191 Cano
2010 1135 2204 1189 monuit

335 1224 848 1280 lib.3..Defensionis
865 1246 908 1280 c.
929 1228 978 1279 1.
997 1225 1152 1298 (tom.
1171 1225 1256 1297 1.)
1289 1236 1342 1279 et
1366 1245 1498 1296 quae
1525 1227 1701 1280 eodem
1726 1224 1859 1278 libro
1888 1224 2025 1277 addit
2051 1223 2200 1277 024.

334 1313 421 1366 ubi
459 1313 520 1366 (16
557 1313 770 1383 quadam
809 1311 1062 1365 Bonifacii
1085 1310 1226 1364 V111.
1267 1312 1630 1366 constitutione
1666 1330 1956 1366 sermonem
1991 1311 2203 1375 facienS,

337 1400 697 1472 distinguenda
723 1419 839 1454 esse
867 1400 970 1466 ait,
1011 1419 1141 1470 quae
1168 1398 1421 1454 Pontifex
1447 1400 1663 1473 exponit
1687 1399 1741 1452 in
1768 1399 2012 1467 exordio,
2052 1399 2114 1452 ab
2140 1398 2205 1452 iis

337 1508 468 1560 quae
495 1489 696 1543 definit:
729 1491 888 1542 Haec
915 1492 1055 1542 enim
1080 1508 1191 1541 non
1220 1490 1459 1562 ejusdem
1484 1491 1696 1542 virtutis
1724 1508 1838 1542 esse
1865 1495 1918 1541 et
1940 1507 2103 1557 saepe
2130 1489 2206 1540 di-

337 1582 545 1641 ximuS,
585 1586 638 1632 et
668 1577 943 1630 OMNES
979 1581 1321 1648 confitentur.
1375 1574 1569 1630 Confer
1607 1575 1949 1643 conditioneS,
1989 1593 2117 1646 quas
2145 1576 2207 1627 ad

338 1666 543 1739 proprie
571 1666 755 1720 dictam
783 1665 1125 1719 definitionem
1152 1666 1267 1719 fidei
1291 1665 1423 1719 idem
1448 1665 1735 1719 Bossuetus
1762 1664 2004 1736 requirit,
2034 1673 2085 1718 et
2111 1681 2206 1735 ego

341 1774 541 1826 quoque
569 1774 681 1809 cum
707 1754 818 1827 ipso
846 1754 1090 1824 requisivi
1117 1754 1170 1807 in
1208 1754 1292 1807 lib.
1333 1756 1423 1808 De
1451 1759 1504 1807 vi
1521 1758 1792 1824 primatus
1831 1773 1941 1826 cap.
1973 1752 2059 1806 13.
2087 1771 2205 1824 pag.

340 1844 469 1898 315.
505 1853 562 1895 ut
598 1862 745 1898 error
780 1843 1023 1915 probetur
1063 1842 1117 1895 in
1158 1842 1450 1897 definitione
1485 1842 1617 1896 fidei.
1674 1840 1867 1896 Confer
1893 1839 2208 1914 potissimum

343 1931 527 1985 ibidem
562 1941 739 1984 notata
778 1950 914 1983 num.
953 1931 1045 1984 36.
1084 1950 1203 2004 pag.
1232 1931 1359 1986 377.
1410 1931 1496 1984 ubi
1533 1930 1898 2003 quamplurima
1942 1927 2211 1983 Pontificia

343 2021 644 2073 documenta
679 2039 709 2072 a
747 2019 1120 2073 definitionibus
1157 2020 1479 2092 segreganda
1516 2018 1735 2072 ostendi.
1799 2016 1890 2071 Ex
1925 2017 2003 2071 his
2044 2026 2211 2070 autem

344 2107 606 2180 principiis
647 2118 829 2162 contra
863 2108 1269 2162 infallibilitatem
1307 2108 1431 2161 nihil
1466 2109 1683 2182 probare
1720 2117 1890 2180 potest
1916 2125 2090 2171 error,
2129 2103 2213 2175 qui

345 2197 429 2251 vel
456 2205 626 2250 certus
653 2197 858 2250 omnino
886 2216 989 2250 non
1016 2197 1084 2251 sit
1108 2197 1163 2251 in
1189 2197 1396 2269 negotio
1423 2197 1567 2264 fidei,
1600 2198 1685 2252 vel
1713 2197 1776 2250 ad
1801 2194 2006 2269 proprie
2032 2194 2213 2247 dictam

347 2283 686 2339 definitionem
714 2304 1034 2357 nequaquam
1059 2286 1333 2360 pertineat.
1388 2283 1447 2339 Si
1473 2304 1576 2339 non
1604 2285 1789 2339 sufficit
1815 2303 1991 2350 error,
2031 2282 2116 2354 qui
2142 2282 2215 2335 al-

345 2384 549 2428 terutra
575 2393 645 2428 ex
671 2385 818 2446 parte
844 2376 1070 2429 deficiat:
1097 2376 1255 2428 multo
1282 2375 1448 2428 minus
1475 2374 1689 2428 sufficiet
1716 2393 1880 2438 error,
1909 2371 1993 2442 qui
2019 2370 2215 2424 deficiat

348 2480 418 2514 ex
443 2471 676 2531 utraque.

497 2547 594 2620 Eja
633 2566 768 2602 nunc
806 2568 1049 2622 percurre
1086 2549 1344 2621 singuIOS,
1383 2549 1467 2619 qui
1502 2557 1849 2621 opponuntur,
1889 2565 2122 2613 errores;
2164 2556 2214 2599 et

348 2637 581 2692 invenies
606 2656 672 2690 ne
699 2655 854 2690 unum
880 2637 1078 2709 quidem
1104 2637 1348 2710 reperiri,
1385 2637 1469 2708 qui
1495 2655 1599 2690 non
1625 2655 1696 2691 ex
1721 2655 1822 2688 uno
1840 2676 1854 2700 ,
1891 2636 1975 2690 vel
1998 2644 2241 2705 utroque.

352 2726 507 2779 etiam
544 2744 615 2778 ex
655 2725 820 2798 capite
860 2726 1122 2780 claudicet.
1174 2723 1261 2779 Ne
1287 2735 1538 2798 repetam,
1578 2743 1706 2796 quae
1744 2723 1854 2777 dixi
1891 2723 1944 2776 in
1973 2723 2100 2776 libro
2127 2724 2217 2775 De

351 2818 406 2867 vi
421 2818 694 2884 primatus
722 2832 767 2867 c.
800 2813 885 2866 15.
915 2813 962 2882 ἓ.
994 2815 1044 2869 7.
1087 2824 1139 2868 et
1165 2833 1308 2886 seqq.
1344 2815 1430 2868 ubi
1467 2813 1740 2887 praecipua
1766 2830 1997 2866 errorum
2023 2812 2219 2883 objecta

355 2902 606 2974 expendi,
635 2901 714 2956 hic
739 2911 938 2954 tantum
964 2921 1128 2974 pauca
1155 2903 1382 2975 adjiciam
1409 2903 1469 2958 (16
1495 2904 1665 2976 lapsu,
1693 2901 1780 2974 qui
1804 2900 2036 2953 Honorio
2064 2918 2220 2972 oppo-

354 2991 512 3053 situS‚
550 2990 649 3044 etsi
685 2990 999 3064 potissimam
1036 2992 1459 3046 etvefficaciorem
1494 2991 1829 3064 objectionem
1857 2987 2119 3042 continere
2143 2986 2221 3041 vi-

358 3079 532 3144 detur,
571 3097 675 3132 non
714 3098 816 3132 una
853 3089 1079 3146 tantum,
1121 3080 1211 3133 sed
1248 3090 1463 3150 utraque
1503 3097 1574 3133 ex
1606 3088 1752 3151 parte
1778 3078 1994 3130 laborat.
2048 3073 2219 3128 Nimis

357 3169 587 3239 profecto
623 3167 849 3239 iniquum
890 3186 1156 3222 censorem
1190 3167 1274 3222 ille
1312 3186 1368 3222 se
1406 3169 1718 3240 praeferret,
1754 3164 1839 3236 qui
1875 3182 2029 3220 voces
2064 3168 2222 3218 unius

359 3258 653 3311 voluntatis
691 3256 746 3309 in
783 3257 969 3311 litteris
1009 3257 1071 3310 ad
1097 3254 1338 3329 Sergium
1363 3257 1426 3309 ab
1451 3254 1685 3309 Honorio
1712 3262 2222 3327 usurpatas-conten-

362 3343 536 3410 deret,
581 3354 637 3397 ut
671 3342 1062 3398 Monothelitico
1100 3363 1256 3399 sensu
1281 3345 1580 3401 excluderet
1615 3364 1647 3398 a
1673 3341 1880 3399 Christo
1906 3342 2222 3397 voluntatem

362 3431 662 3499 humanam,
713 3452 823 3487 cum
861 3451 933 3487 ex
968 3443 1216 3488 contextu
1250 3432 1572 3487 manifestum
1608 3432 1676 3487 sit
1711 3432 1876 3505 ipsum
1914 3449 2028 3484 eam
2066 3428 2223 3482 solam

363 3521 678 3576 voluntatem
727 3521 997 3575 humanam
1035 3521 1386 3595 expunxisse,
1440 3541 1583 3592 quae..
1608 3540 1679 3576 ex
1711 3518 1954 3592 originali
1991 3517 2133 3590 culpa
2166 3534 2225 3570 ac
