2320 3990
979 209 1552 267 ...Β-,-

336 381 642 438 sententiam
667 391 765 436 etc.
795 397 924 452 quae
951 379 1014 433 ad
1038 396 1235 432 merum
1258 377 1505 435 honorem
1528 381 1818 454 pertinent,
1845 398 2024 436 vermn
2043 381 2194 435 etiam

336 490 429 544 pro
447 473 567 543 jure
593 488 685 523 suo
712 466 961 523 Senatum
985 467 1238 533 indicere,
1266 467 1469 521 referre
1490 467 1554 521 de
1579 469 1827 540 negotiiS,
1861 487 2050 541 rogare
2077 487 2194 523 sen-

335 559 552 624 tentiaS,
589 567 640 611 et
667 557 1018 623 consultando,
1055 555 1336 623 monendo,
1372 554 1807 618 hortando-totam
1833 557 2084 612 actionem
2111 577 2195 611 re-

335 666 459 719 gere
486 646 642 700 solet:
683 664 813 717 quae
837 664 965 700 vera
991 654 1042 698 et
1067 644 1298 718 propria,
1337 653 1389 696 at
1415 642 1542 697 meri
1570 641 1763 697 ordinis
1780 645 1901 717 jura
1926 655 2073 712 sunt,
2101 664 2195 699 nec

334 735 605 808 primatum
630 733 759 787 meri
785 733 979 788 ordinis
1004 733 1278 788 excedunt.

482 824 535 877 2.
577 820 660 888 Si,
689 821 886 892 quando
915 821 1085 894 agitur
1111 822 1171 875 de
1196 821 1416 894 primatu
1442 818 1667 873 Romani
1692 818 1959 875 Pontificis
1975 861 1989 887 ,
2017 821 2078 875 de
2102 821 2195 876 hoc

336 930 437 964 uno
475 910 604 964 meri
637 909 829 963 ordinis
877 909 1099 982 primatu
1136 920 1406 981 ageretur3
1444 909 1604 975 nulla,
1650 909 1731 963 vel
1768 908 2031 962 admodum
2067 910 2196 964 levis

338 1018 448 1053 cum
475 998 746 1053 haereticis
775 1007 924 1069 atque
945 997 1281 1052 schismaticis
1300 997 1423 1070 ipsis
1444 1006 1582 1051 esset
1603 996 1878 1050 contentio.
1915 990 2045 1050 Cum
2065 997 2198 1051 enim

338 1087 392 1140 in
419 1087 558 1140 omni
594 1097 742 1141 coetu
780 1104 992 1140 necesse
1019 1086 1114 1152 sit,
1148 1104 1302 1138 unum
1340 1085 1556 1156 aliquem
1595 1084 1771 1138 ordine
1807 1103 2075 1157 praeesse,
2114 1085 2196 1156 qui

337 1175 536 1247 publica
562 1175 770 1246 negotia
795 1184 1107 1248 permoveat,
1137 1184 1188 1228 et
1213 1174 1483 1239 actionem,
1513 1182 1808 1243 coetumque
1834 1173 1995 1245 ipsum
2022 1184 2196 1245 regat,

339 1263 451 1334 quis
477 1263 526 1316 id
551 1264 605 1316 in
630 1265 742 1317 sola
766 1261 1003 1317 Ecclesia
1029 1273 1080 1317 et
1105 1263 1240 1315 inter
1265 1260 1549 1334 Episcopos
1574 1260 1843 1315 Ecclesiae
1880 1262 2198 1335 praepositos

338 1351 687 1404 necessarium
712 1351 1055 1403 inficiabitur?
1107 1349 1240 1402 Hinc
1266 1348 1550 1402 Salmasius
1586 1350 1640 1402 in
1676 1349 1994 1422 praefatione
2030 1351 2199 1423 operis

338 1440 427 1491 De
444 1443 692 1509 primatu
721 1439 917 1508 Papae
946 1437 1166 1510 scripsit:
1220 1437 1294 1490 Ut
1317 1441 1372 1490 in
1401 1441 1546 1490 omni
1571 1439 1765 1490 ordine
1791 1442 2065 1506 primatus
2106 1447 2201 1500 est,

339 1531 468 1597 qaia
495 1535 547 1580 et
566 1530 777 1598 primus
805 1546 1015 1597 semper
1044 1529 1243 1598 aliquis
1271 1528 1434 1579 datur
1462 1528 1699 1588 ordinis,
1737 1533 1797 1601 iet
1820 1529 2114 1589 secundus,
2151 1534 2203 1580 et

338 1619 556 1679 tertins3
596 1619 673 1668 ita
707 1618 762 1667 in
800 1618 993 1668 ordine
1033 1617 1453 1684 Episcoporum.
1515 1612 1574 1665 In
1602 1614 1694 1666 hoc
1729 1623 1895 1666 autem
1919 1612 2201 1686 Episcopo-

340 1722 451 1755 rum
490 1704 666 1756 ordine
704 1703 973 1774 primatum
1013 1700 1255 1773 ejusmodi
1291 1699 1515 1753 tribuere
1543 1699 1780 1754 Romano
1807 1699 2047 1755 Pontifici
2087 1721 2201 1756 suc-

342 1790 537 1843 cessori
563 1788 620 1843 S.
649 1788 814 1855 Petri,
844 1790 1141 1863 qui-primas
1168 1788 1302 1841 inter
1328 1787 1606 1860 Apostolos
1636 1808 1665 1841 a
1687 1786 1894 1842 Christo
1921 1790 2199 1857 institutus,

339 1877 628 1950 Apostolici
666 1878 864 1950 collegii
903 1889 1073 1932 rector
1108 1877 1228 1943 fuit,
1278 1878 1515 1949 cujusque
1554 1877 1699 1930 sedes
1737 1876 1975 1931 Romana
2011 1879 2201 1951 primas

343 1985 540 2038 semper
565 1965 618 2018 in
643 1963 878 2019 Ecclesia
905 1966 1106 2033 habuit,
1135 1985 1282 2020 nemo
1312 1965 1601 2036 quicquam,
1630 1966 1712 2020 vel
1738 1966 1921 2019 diutius
1949 1985 2202 2039 repugna-

341 2064 437 2108 ret.
486 2052 563 2107 Ob
589 2072 742 2106 unum
759 2055 1136 2126 jurisdictionis
1153 2055 1439 2127 primatum,
1468 2053 1551 2124 qui
1580 2054 1823 2108 adversus
1850 2055 2126 2108 schismata
2153 2066 2203 2108 et

344 2143 585 2195 haereses
613 2161 811 2214 semper
846 2143 899 2195 in
924 2142 1162 2197 Ecclesia
1187 2142 1455 2214 plurimum
1481 2141 1670 2208 valuit,
1705 2142 2015 2195 schismatici
2053 2154 2202 2214 atque

346 2229 591 2283 haeretici
626 2230 679 2282 in
719 2230 944 2284 eamdem
980 2231 1150 2284 sedem
1198 2229 1475 2300 iniquiores
1513 2229 1652 2283 litem
1688 2240 1986 2297 moverunt,
2036 2232 2204 2304 parati

340 2327 511 2370 tamen
547 2317 738 2371 ordinis
775 2319 1045 2390 primatum
1079 2319 1152 2372 illi
1188 2318 1490 2382 concedere,
1530 2317 1574 2370 si
1614 2337 1674 2370 eo
1711 2337 1811 2371 uno
1850 2329 2090 2372 contenta
2116 2321 2200 2372 sit.

344 2402 583 2458 Claudius
612 2405 808 2475 quidem
836 2403 1119 2458 Salmasius
1145 2405 1199 2458 in
1225 2406 1428 2458 laudata
1452 2405 1767 2477 praefatione
1794 2408 2059 2460 memorati
2086 2427 2204 2481 ope-

342 2493 443 2557 ris,
480 2492 531 2544 in
573 2511 667 2562 quo
706 2492 868 2564 ipsum
894 2493 1162 2565 primatum
1190 2503 1403 2546 conatur
1431 2504 1688 2560 evertere,
1730 2494 1788 2547 de
1815 2493 2087 2549 haereticis
2114 2516 2203 2568 pa-

343 2581 443 2633 lam
477 2581 694 2647 fatetur,
734 2582 1086 2650 Reformatos
1121 2586 1415 2652 primatum
1455 2590 1662 2636 tantum
1699 2585 1909 2636 ordinis
1943 2587 1999 2635 in
2041 2586 2203 2655 Papa

344 2690 667 2739 aynoscere3
704 2669 754 2722 id
782 2679 949 2722 autem
989 2688 1140 2722 unum
1181 2689 1268 2724 eos
1295 2670 1553 2742 indignari
1592 2669 1691 2737 ait,
1732 2670 1863 2740 quod
1890 2672 2083 2742 Papae
2102 2694 2202 2742 po·

342 2765 507 2811 testas
533 2779 641 2810 non
664 2761 874 2828 primas
902 2761 957 2809 in
985 2761 1179 2812 ordine
1200 2767 1411 2829 parteS,
1438 2767 1534 2812 aut
1551 2761 1704 2812 sedes
1723 2766 1907 2812 tenere
1934 2768 2203 2822 contenta,

343 2865 596 2915 suprema
623 2848 880 2906 omnium,
921 2850 1015 2916 qui
1039 2850 1095 2898 in
1135 2849 1324 2918 aliqua
1360 2855 1486 2901 sunt
1500 2855 1776 2918 potestate
1804 2855 1899 2901 aut
1923 2850 2204 2919 diynitate,

344 2934 535 2985 haberi
558 2935 687 2985 vult.
741 2931 811 2984 Et
847 2933 900 2985 in
925 2932 1194 3006 Apparatn
1230 2936 1452 3006 ejusdem
1490 2935 1659 3006 operis
1698 2953 1815 3006 pag.
1847 2935 1968 2988 172.
2021 2932 2202 2986 Palam

346 3019 505 3091 recipi
547 3039 699 3091 posse
745 3021 989 3088 affirmat,
1038 3021 1082 3074 si
1127 3021 1294 3074 redire
1339 3025 1630 3075 sustineret
1672 3021 1748 3072 ad
1775 3025 2074 3091 primatum
2119 3042 2203 3075 or-

345 3106 475 3159 dinis
488 3105 564 3174 *).
593 3105 809 3179 Idipsum
835 3110 895 3162 de
922 3109 1257 3163 schismaticis
1286 3128 1345 3162 eo
1374 3108 1561 3162 certius
1590 3119 1686 3174 est,
1716 3109 1846 3179 quod
1872 3108 2203 3163 hiRomanae

404 3256 446 3307 *)
479 3257 562 3296 Hic
593 3258 704 3297 haud
736 3259 1010 3300 omittendum
1053 3258 1242 3306 videtur,
1286 3257 1396 3298 hunc
1439 3257 1627 3298 eumdem
1659 3258 1910 3310 scriptorem
1951 3258 1992 3297 in
2028 3258 2205 3310 epistola

343 3317 405 3356 27
437 3317 532 3355 libri
565 3318 687 3369 primi
721 3321 990 3371 epistolarum
1022 3321 1185 3361 Gallice
1228 3320 1388 3371 scripta
1419 3331 1487 3358 an.
1531 3319 1665 3359 1630.
1697 3322 1919 3370 antequam
1949 3318 2097 3357 librum
2142 3318 2203 3358 De

343 3377 541 3429 primatu
574 3377 723 3429 Papae
756 3379 1018 3429 lucubraret,
1066 3381 1298 3420 confessum
1330 3379 1488 3426 fuisse,
1537 3379 1640 3418 meri
1671 3379 1830 3418 ordinis
1861 3379 2080 3431 primatum
2113 3380 2203 3418 sinc

345 3436 430 3476 ullo
471 3438 700 3489 praecipuo
735 3440 831 3489 jure
873 3452 1029 3482 summo
1074 3440 1274 3481 Pontifici
1317 3439 1506 3480 tribuere
1549 3441 1717 3491 penitus
1760 3451 1852 3479 esse
1895 3451 1921 3478 a
1961 3439 2203 3490 primitivae

343 3495 568 3538 Ecclesiae
598 3499 746 3551 praxi,
791 3502 834 3540 et
866 3513 892 3540 a
922 3501 1202 3542 Hierarchiae
1230 3499 1565 3542 Ecclesiasticae
1607 3499 1848 3540 conditione
1880 3499 2076 3540 alienum.
2140 3499 2204 3540 De.

345 3568 502 3609 penser
534 3559 656 3601 aussi
687 3571 769 3613 que
800 3563 907 3602 cette
937 3558 1163 3615 primaute'
1189 3561 1244 3603 ne
1273 3560 1358 3602 soit
1390 3563 1515 3603 autre
1555 3560 1679 3602 chose
1711 3556 1868 3614 qu'une
1898 3570 2132 3612 preseance
2165 3563 2205 3601 et
