2314 3984
947 185 1610 244 ——w—

357 358 693 425 omniumque
718 358 833 425 ejus
856 356 1066 407 aetatis¹
1077 359 1377 407 ποίη-κη’(
1390 355 1769 410 Constantium
1781 359 2071 427 spat-sium
2080 358 2208 409 mul-

357 451 467 497 tum
491 444 836 512 sanquinem,
861 444 1072 512 eisquc,
1095 443 1192 511 qui
1214 443 1596 512 repugnabant
1618 449 1734 518 ejus
1759 436 2035 506 vdluntutiss
2048 447 2210 498 'circa

358 531 739 590 Arianismum,
763 531 934 599 ipsius
959 533 1102 582 iram
1120 531 1297 599 fuisse
1320 532 1671 584 memdam.
1704 533 1826 603 Eyo
1851 502 2043 586 iff'hon
2068 535 2210 593 dico,

358 626 418 672 ut
441 617 717 671 Liberium
745 634 992 672 excusem
1010 655 1025 683 ‚
1062 619 1162 671 sed
1185 624 1246 671 ut
1285 621 1521 685 sciatur,
1554 637 1758 672 omnem
1795 627 1997 683 aetum,
2037 625 2130 692 qui
2161 624 2216 672 vi

361 713 748 778 extorquetur,
793 725 865 758 ex
891 706 1132 777 quolibet
1137 711 1280 779 jure
1315 707 1526 760 mellum
1550 725 1686 761 esse.
1754 705 2087 762 Manifestum
2126 727 2213 762 au-

358 805 461 849 tem
487 793 779 848 interfuisse
804 794 1122 860 violentiam,
1161 811 1232 848 ex
1267 812 1366 866 qua
1403 793 1616 866 quisque
1654 793 1953 866 dignoscere
1993 805 2214 868 poterat,

359 875 478 936 num
506 881 698 936 actibus
724 882 970 954 ejusmodi
996 881 1218 954 quolibet
1236 884 1355 955 jure
1381 881 1530 935 nullis
1547 922 1561 949 ,
1587 890 1764 955 utpote
1788 901 1891 936 non
1917 883 2121 936 omnino
2157 883 2218 936 li-

358 971 495 1026 beris
523 981 574 1026 et
598 970 900 1026 voluntariis
927 970 1191 1042 quicquam
1227 971 1550 1025 deferendum
1591 979 1757 1036 esset,
1796 970 1997 1025 etiamsi
2032 970 2217 1042 aliquid

360 1062 682 1133 praeferrent
693 1057 1000 1112 definitionis
1017 1077 1266 1113 erroneae
1280 1059 1414 1113 circa
1427 1059 1572 1112 fidem
1594 1056 1754 1131 (quod
1771 1068 1941 1113 tamen
1961 1078 2063 1112 non
2088 1059 2217 1132 est),

359 1149 491 1202 idem
516 1147 800 1201 Bossuetus
828 1147 1094 1201 coufirmat
1118 1166 1255 1200 num.
1288 1147 1411 1200 110.
1455 1147 1726 1200 Violentia
1753 1151 1891 1200 enim
1908 1153 2218 1218 manifesta-

361 1243 468 1299 tur,
509 1255 629 1290 eum
655 1239 774 1306 quis
799 1255 909 1288 non
934 1243 1171 1289 mutatur
1196 1239 1303 1288 m'sz'
1318 1252 1426 1305 per
1453 1239 1585 1297 vim,
1620 1240 1674 1288 et
1696 1238 1915 1306 quando
1942 1240 2018 1290 ad
2033 1240 2218 1307 pristi-

360 1344 485 1378 num
509 1326 657 1376 redit
689 1342 924 1383 sensum,
962 1326 1143 1374 statim
1178 1341 1244 1374 ae
1283 1325 1339 1373 in
1379 1323 1680 1375 libertatem
1704 1327 2035 1376 restituitur:
2075 1332 2134 1375 ut
2168 1322 2220 1374 in

362 1410 574 1467 Liberio
601 1410 788 1475 evenit,
816 1408 900 1480 qui
926 1426 1027 1462 non
1054 1409 1216 1462 solum
1243 1418 1360 1461 ante
1381 1408 1608 1475 exilium,
1636 1409 1726 1462 sed
1746 1409 1915 1462 statim
1935 1410 2088 1463 etiam
2108 1420 2222 1482 post

364 1499 742 1555 restitutionem
787 1507 967 1551 contra
1003 1496 1357 1550 Arianisnmm
1395 1507 1603 1551 strenue
1636 1497 1908 1554 dimicavit.
1964 1494 2072 1551 Cur
2098 1516 2221 1569 ergo

365 1589 442 1642 hic
469 1597 649 1642 auctor
674 1584 873 1640 Liberii
898 1586 1091 1657 lapsum
1118 1584 1272 1638 toties
1300 1585 1562 1658 opposuit,
1598 1585 1684 1662 qui
1711 1604 1821 1640 cum
1845 1595 1924 1639 tot
1950 1604 2020 1639 ex
2048 1585 2222 1659 eapiti-

365 1679 457 1732 bus
483 1685 645 1742 nutet,
674 1683 815 1729 certe
843 1683 1010 1727 autem
1035 1692 1140 1726 non
1165 1672 1318 1727 fuerit
1343 1673 1396 1726 in
1423 1674 1714 1728 definitione
1742 1674 1946 1729 erronei
1972 1673 2223 1746 dogmatis

367 1765 502 1818 circa
526 1763 698 1828 fidem,
725 1779 820 1816 nec
846 1761 900 1814 in
926 1761 1216 1816 definitione
1243 1762 1435 1829 libera3
1465 1763 1527 1816 ad
1552 1773 1874 1835 praesentem
1911 1763 2095 1817 thesim
2121 1781 2223 1816 non

367 1852 587 1926 pertinet
603 1891 617 1917 ,
644 1868 743 1921 qua
766 1849 1095 1903 infallibilitas
1122 1849 1370 1904 Romanis
1396 1849 1664 1924 Episcopis
1697 1852 1965 1919 asseritur,
2003 1861 2226 1905 tantum-

370 1941 517 1994 modo
542 1939 596 1992 in
622 1937 797 1992 liberis
825 1948 876 1991 et
913 1938 1117 2011 proprie
1151 1938 1298 1991 dictis
1323 1938 1438 1992 fidei
1463 1938 1861 1993 definitionibus:
1901 1941 1964 1994 ad
1991 1959 2118 2011 quae
2144 1957 2226 1992 so-

373 2030 472 2082 lum
499 2029 787 2082 referuntur
813 2025 1178 2098 promissiones
1207 2023 1439 2080 Christi?

1213 2187 1261 2257 g.
1292 2186 1391 2240 tx.

465 2296 666 2347 Lamus,
699 2295 775 2348 qui
810 2293 1004 2336 Honorio
1037 2294 1261 2347 tribuitur,
1290 2298 1503 2347 quantum
1535 2295 1650 2336 absit
1681 2308 1708 2336 a
1740 2291 1991 2345 definitione
2013 2291 2139 2345 fidei.

519 2383 607 2437 32.
672 2380 958 2437 Videndum
992 2397 1126 2433 nunc
1161 2381 1222 2434 de
1260 2381 1405 2454 lapsu
1445 2381 1681 2435 Honorii.
1749 2381 1888 2436 Tota
1926 2384 2033 2455 ejus
2070 2383 2229 2455 culpa,

375 2489 715 2542 quaecumque
750 2469 908 2521 fuisse
934 2469 1198 2533 credatur,
1237 2469 1289 2520 in
1330 2469 1601 2522 omissione
1637 2468 1941 2522 definitionis
1970 2488 2039 2523 ex
2067 2470 2229 2522 officio

375 2558 598 2612 edendae
625 2555 863 2610 collocari
900 2555 963 2608 ad
998 2573 1241 2608 summum
1275 2566 1472 2628 potest,
1511 2574 1614 2609 non
1639 2574 1764 2611 vero
1789 2556 1843 2609 in
1869 2574 2087 2610 erronea
2113 2557 2230 2611 defi-

377 2647 587 2700 nitione.
639 2642 900 2697 Excitatis
929 2643 1061 2697 enim
1086 2642 1149 2696 iis
1174 2643 1339 2697 turbis
1378 2644 1512 2698 circa
1537 2645 1659 2697 duas
1689 2642 1884 2698 Christi
1909 2645 2233 2717 operationes

379 2745 431 2789 et
467 2734 784 2798 voluntateS,
821 2749 950 2802 quae
988 2749 1164 2784 omnes
1205 2730 1497 2786 Orientales
1533 2731 1820 2787 dividebant
1855 2729 2143 2800 EcclesiaS‚
2183 2744 2233 2788 et

379 2823 480 2876 nisi
506 2821 653 2876 citius
682 2819 971 2893 sopirentur
991 2818 1269 2874 difinitione
1290 2819 1523 2874 catholici
1543 2821 1794 2892 dogmatis
1816 2822 1876 2875 de
1897 2822 2086 2875 duabus
2113 2840 2232 2895 ope-

379 2910 662 2964 rationibus
689 2918 740 2961 et
764 2905 1107 2962 voluntatibus
1142 2907 1197 2961 in
1225 2906 1432 2962 Christo
1469 2909 1599 2962 haud
1634 2909 1972 2982 pugnantibus
1997 2909 2231 2973 invicem,

379 2998 687 3073 pernitiosus
714 3013 860 3049 error
887 2993 1022 3048 circa
1047 2994 1192 3047 fidem
1219 2996 1322 3049 late
1347 2996 1644 3068 irrepsisset
1669 3006 1720 3049 et
1747 2996 2077 3063 obtinuisset3
2119 3014 2176 3050 re
2205 3015 2235 3048 a

379 3087 542 3140 tribus
567 3082 884 3139 Patriarchis
912 3082 974 3135 ad
997 3082 1349 3154 Apostolieam
1376 3085 1541 3138 sedem
1571 3083 1764 3145 delata,
1801 3083 1982 3136 summi
2017 3082 2233 3137 Pontifi-

382 3176 456 3230 cis
483 3184 596 3229 erat
622 3174 683 3227 ob
710 3172 955 3226 unitatem
981 3170 1096 3224 fidei
1121 3170 1521 3237 custodiendam,
1561 3181 1612 3224 et
1638 3171 1700 3224 ad
1742 3172 2110 3226 confirmandos
2137 3174 2234 3225 fra-

381 3274 491 3317 tres
527 3263 581 3315 in
619 3280 677 3315 re
715 3260 918 3315 minime
945 3261 1163 3314 obscura
1187 3257 1525 3312 definitionem
1560 3277 1588 3312 e
1616 3257 1763 3314 Petri
1791 3259 2026 3314 cathedra
2066 3260 2231 3314 edere.

383 3350 438 3404 Id
474 3360 643 3404 autem
678 3347 941 3402 Honorius
974 3347 1353 3418 haudquaquam
1384 3347 1669 3419 praestitit,
1719 3366 1822 3402 non
1874 3349 2003 3419 quod
2050 3348 2234 3419 aliquid

385 3437 631 3493 catholieo
658 3435 882 3507 dogmati
907 3434 1219 3489 contrarium
1239 3433 1452 3490 sentiret
1473 3436 1743 3509 (duplicem
1770 3435 1902 3490 enim
1927 3437 2235 3491 voluntatem

389 3537 441 3582 et
467 3523 815 3599 operationem
840 3522 1081 3579 indicavit
1103 3522 1427 3589 sufficienter,
1454 3543 1562 3578 cum
1577 3524 1630 3577 in
1645 3522 1702 3578 S.
1717 3522 1912 3579 Leonis
1933 3523 2235 3578 sententiam
