2314 3984
938 184 1596 246 ——288—-

345 364 448 408 tem
472 353 705 410 Ecclesia
731 369 930 425 semper
954 351 1148 424 indiget
1172 354 1270 408 hoe
1286 355 1502 423 officio,
1521 357 1813 428 quicumque
1850 358 1918 411 sit
1943 356 2196 429 legitimus

346 440 494 496 Petri
518 458 813 506 successor,
851 438 936 510 qui
971 439 1086 494 huic
1113 440 1278 495 officio
1316 443 1693 512 satisfacturuS,
1732 456 1787 499 ut
1811 446 2058 500 unitatem
2083 443 2197 497 fidei

345 528 590 594 vindicet,
617 528 904 599 fratresque
931 527 1193 582 confirmet
1209 569 1222 594 ,
1259 529 1459 600 aliquod
1483 531 1665 604 dogma
1683 534 1910 588 >declaret
1935 544 2085 605 atque
2111 533 2196 586 de-

345 615 509 682 finiat,
550 617 657 688 ejus
697 616 927 670 doctrina
961 615 1251 689 accipienda
1286 618 1384 672 erit
1422 618 1496 672 uti
1533 619 1763 674 doctrina
1795 618 1853 675 S.
1894 620 2066 687 Petri,
2105 639 2195 692 pro

346 723 446 775 qua
481 701 718 759 Christus
757 704 956 771 oravit,
991 723 1057 758 ne
1092 703 1354 759 deficeret:
1393 707 1524 760 unde
1558 725 1661 760 non
1698 708 1855 762 solum
1894 709 2106 762 concilia
2146 717 2197 761 et

345 791 535 847 Patres
571 790 630 846 S.
666 791 879 846 Petrum
929 792 982 846 in
1033 793 1409 847 successorihus
1460 795 1596 867 loqui
1629 797 1847 868 professi
1884 805 2031 862 sunt,
2083 797 2197 848 dum

347 882 491 935 fidem
517 882 724 948 docent,
765 881 852 936 sed
890 881 999 954 ipse
1035 900 1230 952 quoque
1255 881 1538 937 Bossuetus
1575 883 1629 936 in
1667 884 1853 938 celebri
1878 901 2112 936 sermone
2139 883 2200 935 ad

347 969 551 1023 comitia
591 967 731 1023 Cleri
772 967 1024 1023 Gallicani
1061 988 1144 1022 an.
1185 969 1346 1023 1681.
1398 981 1448 1024 et
1486 971 1539 1024 in
1578 970 1998 1026 Meditationibus
2047 988 2198 1042 super

346 1056 681 1129 Evangelium
721 1057 799 1111 die
828 1057 915 1112 72.
955 1058 1105 1112 fateri
1143 1058 1309 1111 debuit
1336 1059 1699 1126 certissimum,
1738 1079 1807 1114 ex
1836 1057 2031 1113 Christi
2057 1077 2199 1112 man-

347 1147 463 1199 dato
491 1144 652 1200 Petro
679 1146 996 1212 intimatum,
1026 1165 1226 1218 semper
1251 1146 1412 1219 ipsum
1440 1147 1652 1202 Petrum
1678 1148 1732 1201 in
1759 1148 1864 1201 suis
1892 1147 2200 1201 successori-

346 1236 440 1288 bus
467 1234 632 1304 loqui,
669 1243 722 1287 et
759 1234 1080 1303 loquuturum
1115 1253 1346 1306 semper,
1385 1236 1468 1306 qui
1502 1238 1690 1291 fratres
1719 1237 1981 1290 confirmet
2005 1235 2058 1287 in
2084 1234 2196 1287 fide.

347 1321 479 1375 Vide
506 1323 611 1392 ejus
636 1321 792 1374 verba
819 1319 982 1391 capite
1006 1322 1331 1391 praecedenti
1369 1341 1507 1374 num.
1538 1324 1625 1378 18.
1655 1333 1706 1376 et
1732 1325 1819 1377 22.
1874 1319 2020 1389 Quod
2046 1322 2091 1374 si
2116 1322 2200 1374 de-

347 1409 602 1462 finitiones
637 1425 988 1461 successorum
1013 1404 1159 1460 Petri
1197 1408 1457 1462 habendae
1495 1419 1613 1463 sunt
1645 1411 1719 1462 uti
1758 1409 1987 1463 doctrina
2013 1408 2146 1462 edita
2173 1427 2202 1461 a

349 1496 609 1566 S.Petro;
638 1497 898 1550 habendae
917 1496 1144 1568 profecto
1159 1505 1277 1548 sunt
1295 1496 1369 1549 uti
1395 1515 1455 1550 ea
1481 1498 1709 1552 doctrina
1735 1517 1794 1552 ac
1819 1499 1959 1564 fides,
1983 1515 2075 1571 pro
2103 1515 2203 1567 qua

348 1585 584 1641 Christus
610 1585 796 1639 oravit.
824 1583 1006 1655 Neque
1019 1602 1143 1638 vcro
1168 1583 1212 1637 si
1235 1584 1344 1654 quis
1367 1584 1502 1640 inter
1525 1586 1617 1640 hos
1633 1584 1689 1640 S.
1705 1585 1854 1641 Petri
1879 1604 2202 1640 successores

348 1677 400 1729 in
436 1676 529 1729 hac
564 1674 795 1728 doctrina
828 1672 1154 1746 proponenda
1192 1672 1456 1743 aliquando
1493 1685 1719 1742 erraret,
1757 1675 1881 1729 nihil
1914 1673 2204 1748 praejudicii

350 1765 538 1819 rediret
563 1763 617 1816 in
643 1782 753 1816 eam
781 1760 1150 1814 successionem
1170 1801 1183 1826 ,
1223 1760 1423 1814 etiamsi
1455 1764 1538 1818 vel
1573 1764 1680 1836 ipse
1719 1764 1927 1818 subinde
1963 1783 2018 1817 se
2046 1762 2204 1817 corri-

349 1861 521 1925 geret,
561 1850 644 1905 vel
680 1850 1024 1921 corrigeretur
1064 1849 1124 1901 ab
1155 1848 1286 1902 aliis.
1338 1847 1552 1923 Semper
1579 1852 1711 1920 enim
1750 1871 1927 1906 verum
1955 1861 2091 1906 esset
2116 1870 2203 1923 pe-

349 1951 505 2006 tram,
535 1949 586 1993 et
610 1939 985 1992 fundamentum
1011 1934 1276 1992 Ecclesiae
1314 1939 1367 1991 in
1405 1958 1464 1993 eo
1492 1936 1743 1993 Pontifice
1780 1940 2042 2010 aliquando
2070 1939 2204 1992 defe-

350 2029 482 2083 cisse
498 2069 511 2094 ,
552 2045 765 2098 eamque
792 2026 975 2079 seriem
1002 2044 1060 2078 ac
1087 2027 1459 2080 successionem
1488 2027 1752 2097 aliquando
1778 2027 1934 2081 fuisse
1961 2027 2205 2081 contami-

349 2127 548 2183 natam,
577 2117 785 2188 ipsaque
811 2113 1046 2168 Ecclesia
1072 2114 1120 2168 ei
1145 2115 1426 2168 adhaerens
1451 2113 1554 2187 (uti
1571 2134 1641 2169 ex
1660 2115 1979 2169 institutione
1992 2112 2203 2180 Christi,

350 2225 408 2259 ac
428 2207 543 2278 jure
570 2204 814 2276 primatus
843 2201 1107 2275 deberet),
1144 2202 1197 2255 in
1236 2203 1329 2256 fide
1357 2204 1617 2270 deficeret,
1656 2204 1737 2259 vel
1774 2222 1995 2257 renuens
2021 2203 2091 2256 illi
2119 2204 2205 2256 ad-

350 2296 593 2358 haerere,
624 2288 820 2345 Christi
846 2291 1215 2344 institutionem
1253 2293 1541 2357 desereret,
1576 2302 1627 2345 et
1653 2291 1875 2364 ineptam
1902 2293 2200 2346 declararet.

497 2381 584 2435 20.
613 2379 796 2451 Neque
824 2379 987 2433 dicas:
1016 2378 1128 2433 Hac
1155 2380 1353 2433 ratione
1380 2380 1641 2434 dicendum
1667 2380 1884 2446 videtur,
1912 2399 2015 2433 non
2042 2381 2202 2433 solum

351 2470 613 2524 Romanos
640 2467 918 2520 Pontifices
946 2486 1060 2520 esse
1086 2467 1451 2520 indefectibiles
1478 2469 1532 2520 in
1558 2469 1680 2533 fide,
1708 2487 1883 2522 verum
1910 2468 2061 2520 etiam
2089 2486 2204 2521 esse

350 2555 718 2630 impeccabiles,
771 2552 1175 2607 Fundamentum
1214 2554 1347 2607 enim
1384 2553 1645 2609 Ecclesiae
1684 2574 1714 2609 a
1741 2553 1946 2609 Christo
1986 2556 2202 2628 positum

351 2665 453 2699 non
481 2654 559 2698 est
585 2642 685 2696 nisi
710 2643 832 2696 fides
868 2662 898 2695 a
924 2641 981 2695 S.
1010 2640 1158 2695 Petri
1195 2642 1509 2713 praedicata,
1550 2653 1599 2696 et
1639 2643 1700 2695 ad
1736 2662 2058 2697 successores
2097 2646 2204 2715 ejus

350 2733 670 2797 transmissa,
699 2741 750 2785 et
777 2732 837 2784 ab
866 2731 1067 2795 iisdem,
1097 2730 1292 2801 quando
1321 2749 1445 2802 opus
1474 2741 1579 2793 est,
1605 2730 1972 2785 definitionibus
1999 2733 2203 2804 dogma-

351 2823 466 2877 ticis
493 2830 695 2875 asserta
722 2829 773 2873 et
797 2819 1083 2885 vindicata,
1119 2818 1250 2872 unde
1277 2819 1487 2885 sufficit,
1527 2819 1573 2872 si
1608 2819 1661 2872 in
1688 2820 1932 2891 ejusmodi
1957 2820 2204 2874 definitio-

352 2911 499 2964 nibus
525 2929 584 2963 ac
611 2907 841 2962 doctrina
865 2908 979 2961 fidei
1004 2925 1319 2977 nequaquam
1346 2907 1595 2961 deficiant.
1649 2905 1707 2960 Si
1741 2907 1792 2960 in
1830 2908 1940 2961 aliis
1978 2907 2203 2960 materiis

352 2998 576 3073 practice
604 2998 866 3062 labantur,
907 2997 1041 3049 facta
1077 2995 1320 3066 ejusmodi
1357 3013 1460 3048 non
1487 3005 1604 3048 sunt
1628 3005 1772 3067 petra
1798 3013 1888 3049 seu
1911 2995 2204 3048 fundamen-

352 3099 458 3142 tum
484 3086 778 3148 Ecclesiae,
806 3085 893 3138 sed
921 3084 1029 3138 sola
1056 3081 1315 3146 doctrina,
1354 3100 1483 3152 quae
1510 3081 1661 3135 etiam
1686 3081 1738 3134 in
1766 3083 2037 3136 criminoso
2063 3082 2205 3136 Pon-

353 3177 486 3231 tifice
511 3173 888 3239 indefectibilis,
916 3173 980 3225 ad
1006 3170 1380 3225 custodiendam
1407 3169 1521 3222 fidei
1544 3169 1788 3224 unitatem
1820 3171 2019 3226 sufficit.
2070 3170 2205 3225 Idem

356 3274 453 3329 est,
482 3263 525 3316 si
553 3262 750 3334 quidam
770 3260 1067 3325 PontificeS,
1093 3276 1196 3311 non
1216 3256 1444 3311 doctrina
1462 3258 1609 3324 falsa,
1637 3260 1725 3312 sed
1744 3259 2016 3313 omissione
2036 3268 2206 3312 rectae

356 3352 638 3416 doctrinae,
667 3369 777 3404 cum
803 3348 1083 3403 definienda
1109 3356 1262 3412 esset,
1287 3345 1537 3413 labantur,
1565 3357 1616 3400 et
1640 3357 1878 3420 peccent:
1905 3345 2205 3399 omissiones

356 3438 490 3493 enim
523 3437 665 3509 hujus
692 3436 898 3510 generis
934 3454 1036 3490 non
1074 3445 1192 3489 sunt
1228 3443 1376 3508 petra
1400 3432 1691 3500 Ecclesiae,
1733 3435 1820 3487 sed
1859 3431 2204 3498 definitiones3

357 3526 582 3597 satisque
611 3536 715 3591 est,
759 3525 801 3577 si
839 3543 940 3578 non
977 3534 1186 3596 peccent
1222 3522 1271 3576 id
1297 3522 1573 3577 definiendo
1613 3523 1742 3594 quod
1777 3522 1952 3576 falsum
1981 3530 2086 3586 est,
2123 3520 2204 3591 qui
