2320 3990
965 224 1310 282 51-—

95 396 283 453 unitate
309 394 494 447 idcirco
521 393 777 464 descivit),
804 394 890 446 sed
909 393 1172 464 specialem
1193 391 1450 461 quamdam
1470 391 1730 447 caritatem
1754 393 1915 447 innuit

96 479 494 535 Christianorum
521 479 798 552 propriam,
839 496 936 549 qua
961 477 1290 534 adhaerentes
1314 477 1601 548 pastoribus
1628 487 1680 532 et
1702 475 1915 551 Episco-

94 567 167 638 pis
193 566 327 618 nulla
351 566 575 620 scissura
600 565 789 632 divisis,
810 565 942 618 nulla
960 565 1245 634 dogmatmu
1272 561 1519 616 varietate
1546 563 1914 631 dissidentibus,

94 653 165 705 ita
189 652 326 704 inter
351 670 407 705 se
434 670 489 706 se
516 652 627 705 fidei
654 650 986 706 consensione
1004 650 1310 719 junguntur,
1337 657 1391 700 ut
1417 647 1598 719 (Rom.
1617 652 1702 718 12,
1729 671 1778 707 v.
1798 652 1914 725 16.)

93 741 320 808 idipsum
346 743 564 792 invicem
583 743 880 799 sentientes,
905 735 1033 806 quod
1052 734 1330 810 Apostolus
1349 734 1559 801 monuit,
1587 754 1759 791 omnes
1780 757 1916 792 eam-

93 826 199 879 dem
225 826 336 878 fidei
362 827 603 879 unitatem
628 825 766 898 pacis
803 823 998 878 vinculo
1037 819 1337 874 custodiant.
1387 819 1519 875 Hinc
1551 822 1747 877 unitate
1786 826 1915 878 cari-

93 913 212 965 tatis
240 912 487 966 contineri
514 912 755 965 unitatem
780 909 892 963 fidei
906 906 1137 960 Africani
1151 905 1387 978 Episcopi
1408 908 1460 960 in
1475 906 1710 962 Sardinia
1737 912 1913 965 exules

91 998 427 1068 prodiderunt.
480 999 736 1058 Membra,
761 995 1006 1067 inquiunt,
1035 992 1133 1064 (T.
1155 994 1207 1046 5.
1232 990 1424 1047 Concil.
1454 993 1620 1066 Ven.)
1649 997 1912 1050 Ecclesia-

89 1088 209 1136 stiei
231 1088 478 1154 corporis
623 1087 678 1136 in
704 1087 906 1136 unitate
940 1084 1072 1152 fidei
1107 1099 1389 1150 compayes
1427 1084 1620 1133 retinet
1655 1086 1911 1136 caritatis.

87 1168 156 1223 Et
182 1170 410 1223 similiter
435 1154 543 1223 clun
568 1180 683 1242 post
708 1170 1019 1224 Acacianum
1045 1166 1261 1221 schisma
1286 1166 1514 1220 caritatis
1538 1176 1587 1220 et
1609 1168 1912 1221 communio-

91 1256 168 1308 nis
193 1255 361 1309 unitas
387 1256 624 1310 restituta
648 1255 757 1322 fuit,
795 1256 939 1328 (ibid.
967 1254 1091 1309 626.
1119 1255 1168 1306 b.
1195 1253 1320 1308 6⁶28.
1349 1255 1395 1306 d.
1424 1254 1549 1309 629.
1580 1272 1623 1306 c.
1643 1253 1766 1307 630.
1796 1273 1839 1308 c.
1863 1265 1913 1308 et

89 1341 231 1413 alibi)
272 1343 330 1395 de
366 1343 559 1396 unitate
596 1362 790 1413 quoque
826 1340 936 1394 fidei
974 1339 1120 1392 simul
1157 1339 1349 1392 reddita
1385 1348 1436 1392 et
1475 1337 1824 1394 Occidentales
1863 1351 1913 1394 et

92 1426 378 1480 Orientales
416 1429 630 1482 laetatos
664 1430 900 1500 legilnuS‚
938 1435 1205 1497 propterea
1243 1426 1371 1494 quod
1395 1425 1482 1477 illa
1508 1427 1568 1477 ad
1594 1425 1721 1478 hanc
1747 1427 1820 1479 ita
1846 1428 1913 1479 sit

89 1513 392 1578 necessaria,
419 1523 473 1565 ut
499 1513 619 1568 haec
647 1514 754 1567 sine
780 1513 865 1565 illa
891 1522 1029 1565 stare
1055 1530 1156 1563 non
1181 1510 1358 1582 possit.
1410 1509 1519 1563 Hac
1545 1512 1603 1564 de
1630 1530 1782 1565 causa
1808 1514 1913 1581 lau÷

89 1599 232 1651 datus
258 1598 534 1668 Apostolus
560 1600 802 1652 unitatem
829 1597 1056 1651 caritatis
1085 1595 1360 1650 Corinthiis
1389 1599 1768 1665 commendam,
1796 1618 1912 1654 sen-

87 1683 354 1736 tentiarum
378 1685 622 1737 unitatem
661 1683 1052 1737 commendavit:
1093 1683 1173 1751 (l.
1205 1679 1326 1734 Cor.
1357 1683 1406 1733 l.
1434 1700 1483 1735 v.
1515 1683 1631 1755 10.)
1679 1686 1911 1739 Obsecro

87 1778 256 1822 autem
281 1789 388 1831 vos,
407 1774 634 1838 fratres,
652 1789 758 1839 per
783 1788 972 1822 nomen
999 1768 1223 1819 Domini
1245 1771 1420 1820 nostri
1445 1769 1576 1820 Jesu
1611 1770 1830 1833 Christi,
1856 1780 1913 1824 ut

85 1857 314 1923 idipsum
354 1858 545 1910 dicatis
580 1876 786 1918 omnes,
825 1863 876 1908 et
899 1874 1006 1907 non
1045 1857 1230 1906 sintin
1259 1856 1402 1907 vobis
1428 1856 1743 1919 schismata3
1797 1863 1911 1911 sitis

86 1950 255 1994 autem
272 1946 511 2011 perfecti
541 1947 596 1996 in
624 1946 804 1997 eodem
830 1962 1002 2002 sensu,
1028 1944 1084 1992 in
1118 1944 1302 1994 eadem
1330 1946 1617 1995 sententia.-
1647 1945 1789 2013 quasi
1809 1964 1909 1997 non

87 2028 234 2080 alium
256 2028 401 2081 finem
423 2049 569 2098 quam
587 2029 831 2082 unitatem
851 2028 963 2082 fidei
978 2032 1153 2081 unitas
1175 2029 1402 2083 caritatis
1423 2029 1717 2100 respiceret,
1735 2031 1793 2084 de
1814 2051 1911 2102 qua

86 2124 351 2184 propterea
377 2116 642 2170 affirmavit
655 2114 710 2183 Ἴ
736 2114 891 2167 Felix
903 2112 1008 2177 III.7
1037 2123 1122 2166 aut
1146 2114 1309 2184 potius
1329 2113 1581 2180 Gelasius,
1606 2117 1910 2171 Communia

89 2200 212 2269 (quo
235 2199 431 2252 nomine
449 2201 607 2254 veteri
632 2201 843 2253 formula
878 2198 1089 2252 visibilis
1116 2200 1282 2251 unitas
1319 2200 1544 2252 caritatis
1572 2201 1910 2273 significatur)

88 2288 163 2338 ad
180 2288 340 2356 fidem
358 2291 619 2354 pertinet:
647 2296 698 2339 et
714 2285 1088 2339 Tertullianus:
1117 2284 1224 2356 (De
1249 2286 1544 2358 praescript.
1562 2305 1604 2339 c.
1623 2287 1741 2359 21.)
1766 2291 1910 2342 Com-

87 2375 406 2424 municamus
435 2374 669 2425 ecclesiis
693 2371 1037 2442 Apostolicis,
1065 2376 1213 2443 quod
1228 2375 1378 2425 nulla
1398 2375 1647 2426 doctrina
1673 2378 1907 2430 diversa:

87 2457 213 2511 idest
246 2459 373 2528 quod
401 2477 498 2511 una
523 2458 739 2511 omnium
765 2468 843 2511 est
869 2459 1006 2525 fides,
1047 2477 1136 2511 seu
1162 2460 1222 2511 ob
1251 2460 1469 2530 ejusdem
1506 2460 1618 2513 fidei
1643 2462 1906 2516 unitatem.

226 2543 277 2596 5.
330 2542 495 2597 Porro
534 2545 628 2598 hae
678 2545 801 2598 duae
846 2545 1066 2598 unitates
1105 2545 1216 2598 fidei
1249 2555 1300 2599 et
1343 2546 1569 2599 caritatis
1613 2556 1715 2600 tam
1759 2567 1910 2602 verae

87 2627 279 2683 Christi
315 2629 576 2684 Ecclesiae
615 2631 1019 2703 singulorumque
1071 2634 1178 2703 ejus
1210 2633 1544 2686 membrorum
1581 2635 1814 2706 propriae
1853 2654 1910 2688 ac

86 2716 403 2770 necessariae
429 2728 561 2783 sunt,
587 2728 642 2770 ut
668 2717 750 2787 qui
776 2719 1021 2772 alterutra
1046 2729 1243 2784 careat,
1274 2719 1318 2772 is
1346 2738 1459 2772 esse
1486 2721 1682 2778 desinat
1708 2722 1761 2774 in
1787 2741 1909 2776 vera

86 2798 332 2854 Ecclesia.
384 2801 514 2856 Hinc
541 2805 634 2855 duo
662 2813 804 2867 sunt,
851 2822 978 2873 quae
1004 2803 1229 2856 homines
1257 2806 1316 2856 ab
1342 2804 1575 2857 Ecclesia·
1598 2807 1909 2875 potissimum

89 2887 383 2952 excludunt,
420 2888 673 2954 haeresiS,
710 2907 806 2958 qua
849 2888 1041 2941 tollitur
1079 2888 1246 2941 unitas
1285 2887 1420 2952 fidei,
1458 2897 1507 2940 et
1534 2889 1771 2957 schisma,
1813 2911 1909 2962 quo

87 2972 312 3025 caritatis
338 2973 504 3027 unitas
533 2975 779 3027 adimitur.
857 2972 983 3028 Cum
1011 2983 1175 3026 autem
1201 2974 1443 3045 primatus
1470 2971 1526 3026 S.
1543 2973 1688 3029 Petri
1715 2997 1772 3031 ac
1799 2997 1910 3031 suc-

87 3077 340 3111 cessorum
367 3061 473 3130 ejus
500 3060 561 3111 ob
588 3059 829 3113 unitatem
856 3061 1009 3113 totius
1036 3058 1296 3114 Ecclesiae
1335 3063 1728 3115 conservandam
1764 3064 1910 3116 insti-

86 3153 220 3196 tutus
237 3183 250 3208 ‚
278 3145 328 3198 vi
355 3144 579 3198 coactiva
606 3144 761 3198 eidem
787 3146 968 3199 unitati
995 3148 1273 3200 servandae
1301 3158 1350 3200 et
1377 3147 1706 3200 continendae
1734 3168 1908 3202 neces-

202 3331 241 3386 ‘)
273 3334 376 3375 Vide
407 3339 506 3374 tom.
538 3337 582 3374 5.
614 3337 773 3376 Concil.
805 3337 906 3379 Ven.
939 3338 1040 3378 edit.
1074 3338 1154 3378 col.
1190 3338 1290 3377 190.
1322 3337 1390 3376 ubi
1413 3337 1541 3378 Felici
1573 3338 1645 3376 111.
1678 3337 1756 3378 hoc
1789 3352 1908 3391 opus-

87 3393 218 3432 culum
247 3394 464 3433 tribuitur:
497 3393 569 3433 sed
603 3395 740 3434 verius
770 3397 1031 3437 tribuendum
1068 3410 1159 3436 esse
1193 3397 1364 3437 Gelasio
1396 3398 1428 3436 Ι.
1461 3396 1710 3437 ostendimus
1735 3399 1777 3437 in
1798 3403 1906 3438 trac-

86 3454 178 3490 tatu
218 3451 281 3491 De
312 3454 633 3494 collectionibus
663 3458 770 3506 part.
801 3457 842 3496 2.
876 3470 911 3498 c.
948 3457 1017 3496 11.
1051 3455 1087 3509 §.
1121 3456 1162 3495 4.
1198 3468 1236 3496 n.
1271 3457 1313 3494 9.
1346 3459 1444 3500 tom.
1477 3459 1519 3500 3.
1554 3457 1598 3494 S.
1631 3457 1788 3496 Leonis
1829 3469 1900 3496 no-

90 3509 277 3550 vissimae
309 3512 519 3553 editionie.

1490 3599 1563 3652 4.
