2314 3984
827 226 1479 285 ——389—

298 401 455 441 tionum
483 396 794 442 Pontfflcinrnm
825 397 1133 439 infallibilitate.
1163 398 1212 440 V.
1243 397 1556 449 Infaut‘bilitas.
1614 395 1728 436 Nulli
1759 407 1925 436 errores
1953 397 2062 437 Pon-

299 459 482 500 tificibus
509 456 703 500 attributi
734 460 830 497 sunt
861 469 1027 498 errores
1058 456 1344 498 definitionum
1374 457 1487 497 fidei.
1516 455 1566 499 V.
1597 454 1793 497 Errores.

240 519 549 560 Demonstratio
567 516 825 568 Theologica
855 529 906 556 ex
936 516 1164 557 traditione
1194 528 1395 568 quaenam
1425 515 1630 556 habenda.
1662 515 1768 555 221.
1809 514 1919 555 Num
1936 516 2059 566 pauci

301 581 444 619 textus
473 577 626 628 objecti
659 576 812 616 obsint.
843 576 950 615 220.
978 577 1020 616 ἰιι
1052 579 1168 615 nota.

240 639 287 679 S.
319 637 540 688 Dionysius
572 635 872 675 Alexandrinus
904 635 1015 686 egit,
1058 646 1111 674 ne
1141 633 1375 686 Stephanus
1404 634 1522 686 Papa
1551 634 1727 674 Asianos
1771 637 1814 673 et
1844 633 2061 672 Africanos

299 697 341 735 in
371 697 616 747 quaestione
647 694 699 733 de
731 695 933 746 baptismo
966 694 1018 733 ab
1049 693 1242 734 Ecclesia
1269 697 1366 733 actu
1396 693 1674 744 praecideret.
1707 694 1809 733 167.
1843 692 1944 732 168.

238 754 464 795 Distinctio
508 755 615 793 inter
646 754 786 793 sedem
818 757 861 793 et
892 752 1217 805 praesidentem,
1259 765 1333 792 seu
1366 753 1476 792 inter
1508 752 1768 798 cathedram,
1810 764 1883 791 seu
1914 751 2061 792 Eccle-

297 814 399 852 siam
431 813 658 852 Romanam
689 817 731 852 et
764 825 939 852 summos
970 811 1220 858 Pontifices,
1264 824 1354 851 cum
1385 812 1527 862 agitur
1569 812 1620 851 de
1653 812 1946 863 praerogativa
1975 812 2059 862 pri-

298 876 444 919 matus,
477 873 678 924 rejicitur.
708 871 812 912 246.
845 876 887 918 et
918 883 1034 922 seqq.
1083 870 1261 920 Objecta
1291 872 1336 910 S.
1367 871 1522 911 Leonis
1567 872 1660 910 loca
1701 870 1923 922 explicata.
1953 870 2058 911 247.

299 932 400 971 248.
461 932 588 971 Ratio
631 931 833 983 primatus
872 932 1076 982 repugnat
1118 929 1213 968 huic
1246 929 1522 969 distinctioni.
1554 930 1658 969 248.
1689 930 1793 973 249,
1854 930 1944 968 Nec
1975 941 2057 969 non

299 991 475 1030 traditio
495 992 678 1030 Patrum.
708 990 782 1029 ibi.
827 990 898 1029 Jus
931 992 973 1028 et
1003 992 1255 1039 potestatem
1284 990 1397 1028 sedis
1416 989 1683 1040 Apostolicae
1715 1002 1740 1028 a
1764 988 2056 1040 jurisdictione

299 1050 440 1101 Papae
471 1061 551 1089 non
583 1049 916 1099 distinguendum
947 1049 1174 1087 Bossnetns
1205 1049 1373 1087 fatetur.
1405 1048 1508 1086 251.

239 1109 463 1147 Distinctio
494 1107 690 1147 notabilis
719 1107 830 1146 inter
858 1106 1154 1158 promissiones
1185 1106 1340 1146 Christi
1372 1110 1414 1145 et
1447 1105 1536 1160 ejus
1566 1110 1804 1158 praecepta.
1837 1105 1940 1144 314.

238 1167 451 1206 Doduvelli
484 1178 602 1205 error
632 1168 815 1205 notatus.
846 1166 920 1204 39.

238 1225 300 1264 De
330 1226 512 1266 Dominis
541 1224 598 1264 Μ.
629 1225 828 1264 Antonius
857 1225 1076 1275 allegatus.
1105 1224 1178 1264 20.
1211 1224 1285 1264 33.
1317 1223 1390 1263 41.
1423 1224 1496 1263 69.

237 1285 483 1324 Donatistae
514 1296 586 1324 cur
616 1283 858 1323 dictitarent
889 1296 935 1323 se
964 1287 1125 1335 partem
1155 1283 1310 1322 habere
1341 1283 1382 1321 in
1416 1283 1516 1321 urbe
1548 1283 1692 1322 Roma.
1727 1283 1828 1329 126.
1890 1283 2059 1332 Scripta

298 1345 344 1383 S.
367 1344 582 1395 Augustini
615 1344 656 1382 in
677 1343 919 1383 Donatistas
951 1354 1071 1394 quam
1100 1342 1378 1381 necessariam
1408 1342 1584 1393 probent
1615 1342 1814 1380 unitatem
1837 1354 1927 1380 cum
1957 1342 2058 1380 sede

299 1403 552 1453 Apostolica.
595 1403 694 1441 147.
736 1406 779 1442 et
810 1414 925 1452 seqq.
987 1402 1050 1442 De
1091 1413 1199 1440 novo
1241 1401 1430 1440 examine
1474 1401 1708 1441 Donatistis
1749 1413 1971 1446 concesso,
2016 1405 2057 1439 et

298 1473 383 1503 cur.
418 1463 516 1503 196.
578 1462 640 1500 De
680 1472 759 1500 non
800 1461 975 1500 absimili
1015 1460 1259 1500 oeconomia
1300 1460 1440 1499 habita
1472 1472 1561 1499 cum
1592 1460 1825 1499 Donatistis
1858 1460 2054 1510 antiquis.

299 1521 400 1561 196.
432 1522 473 1560 in
506 1524 617 1560 nota.

236 1579 422 1630 Dupinus
463 1579 700 1620 Ludovicus
740 1579 872 1619 Ellies
915 1578 1134 1629 allegatus.
1168 1578 1240 1618 10.
1284 1581 1326 1617 et
1367 1591 1485 1630 seqq.
1568 1579 1671 1630 Ejus
1712 1577 1904 1628 exceptio
1944 1577 2055 1615 circa

295 1637 552 1690 Evangelica
582 1639 824 1677 testimonia
855 1640 898 1676 et
938 1637 988 1676 de
1029 1638 1208 1688 primatu
1240 1637 1457 1678 refellitur.
1487 1638 1562 1678 26.
1605 1642 1646 1677 et
1678 1650 1790 1688 seqq.
1851 1637 2054 1675 Testimo-

300 1698 409 1738 nium
443 1698 494 1737 de
524 1698 699 1737 unitatis
732 1701 873 1737 centro
908 1697 950 1736 in
980 1697 1167 1737 Romana
1195 1696 1388 1738 Ecclesia
1419 1698 1571 1737 locato.
1603 1697 1708 1737 225.
1741 1700 1783 1735 et
1815 1707 1928 1746 seqq.

236 1794 478 1857 Ecclesiae
510 1812 816 1853 fundamentum
845 1812 965 1852 fides.
997 1814 1072 1853 78.
1133 1813 1326 1853 Ecclesia
1357 1813 1578 1854 aedificata
1619 1826 1742 1865 supra
1773 1812 1893 1851 fidem
1925 1812 2055 1850 Petri.

295 1874 368 1913 70.
399 1874 472 1912 71.
505 1873 707 1923 quomodo
738 1872 1063 1923 intelligendum.
1092 1873 1167 1912 78.
1228 1874 1318 1916 Quo
1349 1885 1474 1912 sensu
1505 1873 1726 1913 aedificata
1757 1883 1880 1923 super
1912 1870 2056 1910 sunda-

295 1935 473 1971 mentum
505 1932 794 1983 Apostolorum
825 1935 867 1970 et
898 1931 1211 1983 Prophetarum.
1243 1932 1315 1971 79.
1348 1934 1388 1971 ἱη
1422 1937 1536 1971 nota.

236 1992 430 2032 Ecclesia
462 2003 564 2037 una,
609 1995 652 2031 et
695 1991 747 2029 de
779 1992 867 2040 ejns
900 1994 1070 2031 unitate.
1101 1990 1174 2031 48.
1238 1991 1386 2030 Unitas
1429 1993 1516 2041 ejus
1556 1990 1708 2042 duplex
1749 1989 1938 2028 caritatis
1983 1999 2055 2026 seu

299 2041 606 2096 communionis,
639 2053 682 2088 et
713 2049 826 2088 fidei.
858 2050 930 2088 49.
992 2050 1138 2088 Unitas
1168 2049 1266 2088 fidei
1297 2051 1437 2101 potior
1466 2050 1538 2090 49.
1571 2051 1623 2088 ob
1657 2062 1776 2100 quam
1807 2059 2054 2087 conservan-

296 2109 389 2148 dam
419 2109 556 2147 unitas
589 2108 777 2147 caritatis
808 2120 882 2146 seu
914 2109 1208 2148 communionis
1239 2113 1303 2148 est
1336 2110 1602 2148 necessaria.v
1621 2110 1694 2147 50.
1726 2109 1772 2149 V.
1818 2107 1983 2146 Unitas.

235 2167 427 2208 Ecclesia
460 2167 660 2218 quomodo
692 2179 880 2207 connexa
923 2171 966 2206 et
1008 2167 1274 2207 sacerdotum
1306 2169 1466 2219 glutino
1499 2168 1706 2219 copulata.
1742 2167 1839 2206 112.
1883 2165 2055 2204 definita

296 2239 321 2266 a
352 2227 398 2265 S.
428 2227 634 2277 Cypriano
681 2225 803 2266 Plebs
843 2226 1055 2267 sacerdoti
1094 2227 1339 2268 coadunata
1380 2231 1421 2268 et
1448 2227 1616 2279 pastori
1646 2239 1724 2266 suo
1756 2238 1862 2276 grex
1893 2225 2054 2265 adhae—

293 2297 407 2325 ‘re-ns
441 2285 539 2326 112.

234 2344 428 2385 Ecclesia
459 2347 659 2394 quatenus
692 2343 854 2383 dicatur
883 2345 1147 2396 Apostolica‚
1182 2348 1223 2385 et
1256 2345 1307 2384 de
1341 2345 1677 2397 Apostolicitatis
1708 2347 1822 2384 nota.
1856 2343 1955 2384 151.
2000 2343 2053 2381 Ut

294 2404 493 2455 probetur
522 2403 759 2454 Apostolica
790 2415 895 2442 nunc
925 2406 1170 2456 praesertim
1201 2405 1424 2445 convenire
1455 2405 1579 2444 debet
1609 2417 1699 2444 cum
1729 2404 1940 2444 Romanae
1969 2401 2053 2442 Ec-

295 2463 448 2501 clesiae
479 2461 583 2512 fide,
616 2465 658 2500 et
690 2474 777 2500 cur.
812 2463 911 2501 153.
943 2464 985 2501 in
1016 2467 1130 2505 nota.

233 2521 423 2560 Ecclesia
439 2520 654 2559 Catholica
686 2531 847 2572 semper
870 2521 1076 2569 adhaesit,
1110 2526 1153 2560 et
1182 2501 1426 2561 adhaerebit
1443 2524 1654 2562 Romanae
1687 2521 1798 2567 fidei,
1834 2524 1876 2558 et
1910 2520 2050 2559 defini-

291 2580 472 2619 tionibus
504 2578 615 2618 sedis
645 2579 921 2630 Apostolicae.
952 2581 1057 2619 258.
1103 2581 1407 2621 Promissiones
1437 2581 1591 2620 Christi
1624 2581 1762 2619 sactae
1795 2580 1891 2618 fidei
1923 2580 2053 2629 Petri,

293 2650 345 2677 ex
375 2638 522 2688 quibus
550 2637 653 2676 haec
683 2638 910 2677 infallibilis
941 2640 1158 2689 probatur,
1190 2640 1366 2678 redeunt
1398 2640 1452 2678 ad
1482 2640 1714 2679 Ecclesiam
1749 2652 1797 2678 eo
1815 2639 1939 2690 quod
1970 2639 2051 2677 Ec-

291 2697 422 2736 clesia
451 2696 692 2734 adhaerenti
723 2708 883 2747 semper
913 2697 1010 2735 fidei
1035 2699 1168 2747 Petri,
1201 2702 1242 2736 et
1274 2710 1557 2738 successorum
1588 2700 1690 2749 ejus,
1723 2698 1923 2738 adhaeret
1954 2697 2049 2736 fidei

291 2755 495 2794 infallibili
528 2766 579 2793 ex
610 2754 754 2793 iisdem
784 2756 1012 2806 promissis.
1044 2755 1148 2794 294.

232 2817 276 2854 S.
307 2815 425 2854 Elias
455 2813 689 2864 Episcopus
719 2814 1121 2865 Hierosolymitanus
1150 2814 1401 2856 vindicatus.
1434 2815 1538 2854 342.

231 2873 430 2924 Ephesini
462 2872 629 2911 concilii
659 2872 790 2912 verba
820 2873 871 2912 de
903 2874 942 2913 vi
974 2874 1167 2912 coactiva
1196 2874 1308 2913 sedis
1327 2875 1592 2926 Apostolicae
1623 2874 1677 2913 ad
1698 2873 1909 2912 unitatem.
1948 2874 2047 2912 178.

230 2932 456 2983 Epiphanii
488 2931 686 2983 Episcopi
719 2933 798 2971 ΟΡ.
831 2933 1121 2971 testimonium.
1152 2932 1253 2971 212.

229 2991 508 3042 Episcopatus
548 2989 751 3041 quomodo
796 3002 847 3029 ex
876 2993 920 3032 S.
953 2992 1159 3042 Cypriano
1201 2993 1258 3031 sit
1289 2992 1332 3031 in
1364 2995 1452 3031 tota
1482 2991 1675 3032 Ecclesia
1707 3002 1833 3035 nnus,
1877 2992 1991 3042 quus
2024 3003 2048 3030 a

289 3050 462 3100 singulis
494 3050 535 3088 in
568 3049 742 3088 solidum
774 3061 868 3101 pars
898 3053 1080 3090 tenetur.
1113 3051 1212 3090 112.

230 3108 429 3160 Episcopi
459 3109 590 3147 totius
621 3109 862 3160 Ecclesiae,
908 3111 975 3160 qui
1007 3109 1234 3148 succedunt
1266 3109 1503 3162 Apostolis,
1543 3109 1716 3148 subsunt
1734 3108 1922 3147 Romano
1947 3108 2047 3159 Epi-

289 3179 416 3218 scopo
447 3178 690 3207 successore
723 3169 767 3209 S.
800 3169 941 3215 Petri‚
983 3169 1044 3207 uti
1075 3169 1262 3220 Apostoli
1303 3169 1499 3207 suberant
1528 3169 1652 3207 Petro
1695 3168 1858 3206 ratione
1898 3167 2047 3218 prima-

290 3229 370 3267 tus.
411 3226 458 3265 V.
496 3227 703 3277 Apostoli.
764 3227 916 3266 Relate
958 3227 1011 3266 ad
1050 3239 1148 3267 suos
1191 3227 1380 3266 subditos
1420 3230 1516 3266 sunt
1554 3230 1773 3277 pastores;
1821 3227 1954 3265 relate
1993 3226 2046 3264 ad

289 3285 458 3323 Petrum
489 3286 532 3322 et
560 3295 825 3325 successores
856 3287 969 3326 Petri
1000 3290 1096 3325 sunt
1128 3298 1242 3325 oves.
1275 3287 1347 3325 97.
1410 3286 1639 3326 Discrimen
1671 3287 1780 3325 inter
1810 3285 2044 3336 Episcopos

288 3347 331 3383 et
362 3354 539 3382 summos
567 3343 792 3384 Pontifices
831 3346 967 3397 quoad
1007 3346 1296 3396 obligationem
1339 3345 1649 3384 conservandae
1687 3345 1860 3384 unitatis
1891 3345 1931 3383 in
1964 3345 2045 3383 Ec-

291 3403 430 3442 clesia.
462 3401 565 3440 275.

230 3461 406 3502 Errores
423 3460 610 3511 plerique
635 3461 906 3502 Pontificibus
927 3463 1117 3502 attributi
1143 3474 1223 3502 non
1255 3463 1466 3514 pertinent
1498 3462 1550 3502 ad
1581 3462 1716 3510 fidem,
1750 3466 1791 3502 et
1825 3462 1891 3512 qui
1924 3461 2043 3513 pauci

291 3519 345 3560 ad
388 3518 508 3560 fidem
552 3520 697 3560 referri
746 3525 919 3572 queunt,
984 3534 1064 3563 non
1109 3525 1204 3563 sunt
1252 3533 1416 3563 errores
1464 3521 1750 3563 definitionum
1798 3521 1910 3560 fidei.
1941 3520 2046 3563 296:
