2314 3984
693 254 1342 312 ἠως)..-

120 423 828 492 1M4·2mm1quaaomnes
853 421 1127 475 catholicae
1149 419 1411 474 Ecclesiae
1430 417 1948 498 ncmsotmfmveeg

119 504 572 572 donn-‘sedetiam
597 508 899 561 conveniant
924 524 1132 561 necesse
1156 514 1260 571 est3
1296 522 1357 558 ac
1375 502 1927 558 -ideim-aliumnzzsin.

115 595 336 665 gularum
351 591 688 646 Ecclesiarum
710 593 914 646 traditio
927 610 1021 664 per
1038 596 1095 644 se
1113 608 1171 644 sc
1186 608 1288 644 non
1299 588 1817 662 'probaturaeatbolicoe
1831 587 1929 645 nisi

117 681 166 731 in
183 678 379 730 imitate
403 695 511 730 cum
527 676 786 730 Romanaz
814 677 1047 731 Romana
1073 680 1241 728 autem
1264 693 1353 746 per
1377 691 1515 728 sese
1536 673 1782 727 catholica
1799 673 1927 727 satis

116 765 378 835 probatur,
405 763 519 831 quia
545 780 652 815 cum
678 760 1150 816 omnes->catholicae
1174 758 1582 813 Ecclesiaccum-
1606 759 1718 830 ipsa
1743 765 1927 813 conve-

117 850 282 913 uiant,
309 848 534 911 traditio,
562 865 689 916 quae
713 848 953 919 probatur
967 844 1234 910 Romana,
1272 844 1416 897 simul
1440 843 1686 898 catholica
1708 845 1926 897 omnium

117 935 322 988 aliarum
349 944 398 987 et
423 932 694 989 catholicae
717 931 976 986 Ecclesiae
1000 930 1200 983 traditio
1227 931 1481 1001 probatur.
1510 929 1618 982 Hoc
1642 947 1795 983 sensu
1821 931 1928 1000 qui-

117 1038 320 1088 cumque
355 1017 634 1089 Episcopi,
671 1016 933 1070 Romanae
968 1015 1100 1068 sedis
1133 1016 1410 1068 doctrinam
1446 1013 1607 1084 aliqua
1644 1016 1928 1085 dogmatica

115 1122 415 1157 summorum
448 1101 744 1155 Pontificum
778 1101 988 1172 epistola
1025 1100 1274 1154 definitam
1313 1101 1543 1152 conferre
1577 1111 1786 1170 possunt
1817 1121 1928 1155 cum

113 1207 232 1242 suae
248 1191 491 1258 'cujusque
502 1185 760 1239 Ecclesiae
784 1187 1050 1239 traditione
1078 1196 1224 1256 atque
1245 1185 1488 1249 doctrina,
1514 1194 1569 1236 nt
1594 1186 1640 1236 si
1665 1186 1793 1239 banc
1817 1205 1927 1239 cum

113 1275 194 1326 itta
220 1273 513 1326 concordem
537 1272 975 1343 deprehenderint,
1003 1273 1294 1326 catholicam
1320 1289 1433 1323 esse
1464 1281 1798 1340 agnoscentes
1825 1273 1927 1324 lae-

116 1369 297 1412 tentur.
370 1357 478 1410 Hac
513 1377 634 1411 sane
670 1358 896 1411 methodo
935 1358 1014 1410 usi
1051 1357 1298 1410 Gallicani
1334 1356 1608 1408 Antistites
1645 1354 1701 1408 S.
1729 1355 1926 1410 Irenaei

116 1443 514 1514 praedecessoris
542 1444 617 1495 sui
643 1443 884 1514 principio
913 1442 1228 1495 necessariae
1255 1442 1460 1493 unitatis
1486 1441 1683 1505 imbuti,
1724 1460 1926 1495 suarum

117 1529 452 1581 Ecclesiarum
479 1528 791 1580 traditionem
832 1547 940 1580 cum
966 1527 1200 1580 Leonina
1237 1546 1326 1580 seu
1352 1527 1583 1580 Romana
1609 1529 1926 1582 consentien-

115 1625 211 1666 tem
238 1613 387 1676 nacti,
414 1614 642 1680 gaudium
668 1632 807 1665 suum
825 1615 1158 1678 declararunt,
1185 1623 1235 1666 et
1245 1612 1435 1666 Leonis
1462 1613 1752 1678 doctrinam,
1780 1633 1925 1683 quam

114 1718 200 1770 per
225 1717 282 1751 os
309 1700 412 1768 ejus
449 1697 609 1751 Deum
645 1699 872 1751 docuisse
907 1700 1249 1763 crediderunt,
1283 1718 1384 1751 non
1411 1699 1698 1769 judicarunt
1735 1718 1925 1765 veram,

113 1785 224 1852 quia
249 1784 580 1836 concordabat
605 1802 711 1835 cum
738 1802 844 1847 sua,
872 1784 957 1835 sed
978 1801 1117 1835 suam
1139 1802 1310 1836 veram
1339 1793 1726 1852 constanterque
1751 1794 1926 1837 tenen-

112 1871 221 1922 dam
259 1868 712 1939 deprehenderunt,
739 1868 853 1937 quia
880 1886 986 1921 cum
1014 1867 1247 1922 Romana
1274 1866 1464 1921 Leonis
1491 1869 1583 1922 fide
1621 1873 1926 1924 concordare

112 1956 312 2008 inventa
337 1964 431 2007 est.

254 2040 339 2093 79.
390 2037 498 2091 Hac
525 2039 694 2092 eadem
722 2041 915 2093 ratione
941 2042 1159 2094 eamdem
1198 2041 1254 2094 S.
1294 2041 1481 2096 Leonis
1508 2041 1788 2114 Epistulam
1815 2061 1923 2095 cum

113 2142 230 2176 suae
254 2124 512 2176 Ecclesiae
539 2134 588 2176 et
621 2123 677 2176 S.
706 2125 963 2177 Ambrosii
995 2128 1261 2179 traditione
1289 2130 1558 2181 contulisse
1593 2129 1785 2180 dicendi
1810 2139 1924 2179 sunt

114 2207 346 2279 Episcopi
382 2209 668 2278 provinciae
706 2209 1129 2276 Mediolanensis,
1179 2212 1294 2280 quin
1340 2213 1522 2265 exinde
1563 2214 1743 2282 aliquid
1779 2233 1926 2284 prae-

102 2293 271 2361 judicii
296 2293 483 2345 illatum
499 2295 746 2364 judicetur
771 2295 1035 2349 Romanae
1061 2297 1340 2361 doctrinae,
1369 2316 1574 2366 quacum
1602 2299 1782 2351 debere
1807 2317 1926 2351 con-

113 2378 284 2430 venire
311 2397 503 2431 omnem
531 2381 820 2445 doctrinam,
849 2400 976 2450 quae
1002 2382 1243 2435 catholica
1271 2383 1353 2447 sit,
1381 2384 1551 2436 cadem
1578 2383 1924 2438 Mediolanen-

111 2463 180 2515 sis
207 2464 408 2516 traditio
435 2465 685 2516 docuerat.
738 2463 883 2531 Quod
917 2467 959 2518 si
985 2467 1056 2518 illi
1082 2478 1284 2537 praeter
1321 2467 1376 2519 S.
1405 2469 1665 2522 Ambrosii
1699 2471 1925 2523 traditio-

112 2565 220 2600 nem
249 2549 439 2601 collatis
466 2549 616 2601 etiam
642 2550 996 2604 ctunLeonina
1022 2553 1233 2622 epistola
1259 2554 1370 2606 aliis
1385 2554 1699 2623 antiquorum
1712 2553 1922 2607 Patrum

110 2632 403 2696 sententiis,
441 2632 807 2704 Eutychianum
845 2655 1066 2689 errorem
1107 2657 1162 2690 se
1195 2640 1460 2692 damnasse
1499 2641 1836 2702 affirmarunt,
1864 2661 1922 2695 eo

113 2720 235 2782 quia
274 2720 448 2768 omnia
486 2717 621 2788 (ejus
657 2720 924 2789 epistolae)
966 2728 1220 2792 majorum
1267 2728 1396 2793 fidei
1431 2728 1581 2777 nobis
1632 2731 1923 2795 antiquitus

113 2801 342 2851 traditae
367 2807 480 2851 tota
499 2806 738 2868 puritate
764 2809 1107 2866 conveniunt5
1133 2806 1181 2856 id
1205 2825 1260 2858 se
1285 2809 1466 2860 fecisse
1492 2810 1798 2871 addiderunt,
1834 2833 1922 2864 uu-

113 2887 372 2935 ctoritatae‘s
411 2893 616 2938 vestrae
655 2886 820 2956 (Inter
844 2885 1100 2941 Leoninas
1140 2908 1215 2960 ep.
1257 2891 1343 2944 97.
1381 2891 1552 2962 Papae
1591 2896 1919 2967 respondent)

105 2971 459 3034 praecedente
484 2976 759 3032 sententia,
786 2980 836 3024 et
855 2975 1151 3026 litterarum
1181 2985 1476 3030 vestrarum
1489 2983 1722 3046 formam
1740 2978 1921 3050 sequu-

110 3060 213 3104 tos:
241 3071 364 3120 quae
392 3054 702 3108 auctoritatis
728 3066 779 3108 et
805 3058 1010 3109 unitatis
1046 3059 1290 3113 rationem
1328 3062 1453 3114 satis
1477 3062 1761 3132 indigitant.
1812 3064 1919 3118 Ne-

111 3152 203 3201 que
228 3136 479 3190 doctrinae
505 3141 816 3194 concordiam
844 3160 949 3196 cum
976 3144 1199 3196 doctrina
1225 3147 1538 3216 antiquorum
1563 3149 1765 3202 laudare
1781 3189 1795 3214 ‚
1829 3169 1919 3204 ne-

110 3237 201 3285 que
227 3221 536 3274 concordiam
559 3223 715 3293 ipsam
741 3235 988 3296 tamquam
1015 3228 1258 3282 rationem
1283 3234 1509 3300 proferre
1532 3234 1790 3302 quicquam
1809 3236 1917 3288 offi-

111 3302 192 3354 cit.
231 3302 373 3355 Nihil
399 3305 527 3356 enim
552 3305 809 3364 Ecclesiae
835 3313 1145 3382 dogmatibus
1171 3316 1456 3385 praejudicii
1483 3327 1649 3383 creat,
1676 3319 1759 3388 qni
1783 3321 1916 3374 veri-

109 3396 257 3440 tatem
283 3388 407 3440 satis
431 3408 519 3458 per
544 3408 599 3443 se
625 3394 839 3460 certam,
881 3407 965 3449 aut
993 3397 1186 3450 aliunde
1213 3400 1468 3469 probatam
1493 3402 1603 3455 aliis
1630 3413 1778 3473 atque
1805 3406 1913 3459 aliis

110 3473 434 3525 monumentis
473 3475 758 3543 confirmat,
798 3480 838 3532 si
878 3483 1168 3550 praesertim
1204 3483 1250 3535 id
1287 3484 1463 3551 faciat,
1504 3486 1572 3539 uti
1612 3498 1660 3560 et
1697 3487 1826 3542 Galli
1866 3500 1914 3542 et
