2314 3984
748 234 1396 294 ——381--—-

164 425 310 478 qnam
333 406 460 460 idem
485 405 761 459 Bossuetus
787 403 1011 469 induxit,
1038 404 1191 457 allata
1216 402 1315 457 alia
1338 399 1655 456 distinctione
1678 399 1814 454 inter
1836 399 1979 455 fldem

165 493 314 547 seriei
338 502 389 546 et
413 489 1101 556 successionisPontificum‚
1137 508 1196 544 ac
1231 489 1374 542 fidem
1408 487 1740 558 singulorum,
1775 485 1981 558 perinde

165 597 222 633 ac
248 579 291 632 si
315 580 399 632 illa
421 579 625 632 immota
650 587 701 630 et
724 576 1070 630 indefectibilis
1097 575 1179 640 sit,
1206 585 1258 629 et
1282 575 1380 629 dici
1401 573 1580 647 possit,
1607 573 1807 627 etiamsi
1829 572 1982 642 aliqui

163 665 427 738 separatim
465 664 728 734 aliquando
766 662 996 716 deficiant
1033 659 1201 732 (quod
1237 680 1339 715 non
1373 661 1536 714 minus
1572 660 1795 732 ineptum
1832 669 1981 730 atque

163 770 446 824 repugnans
473 769 621 822 supra
647 749 692 818 §-
720 749 772 803 9.
800 746 1163 818 ostendimus)=
1200 757 1256 799 ut
1291 755 1488 802 constet
1525 755 1664 800 certa
1689 745 1893 800 traditio
1920 747 1981 799 de

160 837 363 891 immota
389 847 440 891 et
464 836 782 889 indefectibili
807 835 1070 889 Romanae
1096 833 1228 886 sedis
1268 852 1358 887 seu
1380 831 1643 886 Ecclesiae
1676 833 1797 898 fide,
1834 851 1981 902 quam

161 924 210 975 hi
246 923 340 995 ipsi
379 923 654 978 adversarii
690 930 1013 994 praesumunt
1046 920 1407 985 certissimam,
1455 929 1507 972 et
1541 928 1774 973 constent
1811 929 1981 972 certae

162 1007 354 1063 Christi
378 1009 766 1082 promissioneS,
805 1007 978 1078 quibus
1005 1006 1175 1059 eadem
1200 1006 1404 1058 traditio
1430 1005 1692 1071 innititur-3
1731 1014 1982 1070 constent,

160 1098 376 1166 inquam,
403 1104 857 1166 componanturque
885 1093 1045 1163 aliquo
1070 1093 1216 1145 modo
1243 1109 1353 1144 cum
1372 1092 1569 1143 illorum
1589 1092 1858 1156 sententia,
1884 1109 1983 1161 qua

161 1181 432 1235 Pontifices
457 1179 730 1234 definiendo
756 1179 868 1232 fidei
893 1179 1124 1250 dogmata
1149 1196 1323 1232 errare
1359 1195 1509 1250 posse
1534 1187 1587 1230 et
1611 1178 1873 1247 aliquando
1900 1195 1982 1230 er·

160 1286 301 1324 rasse
339 1267 675 1331 arbitrantur,
727 1265 826 1318 alia
861 1266 1042 1338 aptiori
1079 1266 1123 1317 si
1159 1264 1267 1318 fieri
1302 1273 1492 1336 potest,
1540 1282 1632 1317 nec
1669 1273 1981 1335 repugnante

160 1354 504 1408 conciliatione
527 1352 760 1405 utendum
786 1360 880 1404 est.

303 1439 422 1492 Non
448 1440 547 1492 alia
572 1448 736 1491 autem
760 1448 963 1509 praesto
990 1457 1104 1492 esse
1128 1439 1324 1493 videtur
1348 1436 1447 1490 nisi
1471 1436 1724 1491 distinctio
1743 1435 1879 1491 inter
1898 1437 1982 1491 de-

161 1526 441 1591 fiuitioneS,
477 1543 600 1596 quas
626 1523 899 1578 Pontifices
933 1526 1113 1591 edunt,
1150 1535 1206 1577 ut
1229 1524 1343 1578 fidei
1376 1523 1560 1576 unitati
1587 1542 1657 1577 ex
1692 1525 1852 1578 officio
1878 1524 1981 1596 pri-

158 1622 320 1664 matus
347 1612 695 1665 custodiendae
719 1611 1050 1682 prospiciant,
1078 1622 1128 1666 et
1154 1612 1287 1666 inter
1312 1621 1482 1664 cetera
1507 1610 1829 1673 documenta,
1855 1630 1980 1681 quae

159 1699 238 1750 vel
265 1700 325 1751 ad
350 1699 491 1751 fidem
517 1718 618 1752 non
642 1698 917 1771 pertinent,
954 1700 1036 1752 vel
1061 1699 1183 1752 nihil
1209 1698 1335 1752 certi
1360 1696 1607 1767 dogmatis
1632 1697 1686 1750 in
1712 1716 1982 1751 conserva-

158 1785 345 1838 tionem
370 1785 574 1838 unitatis
602 1786 925 1839 constituunt.
964 1783 1108 1837 Hanc
1134 1783 1502 1836 distinctionem
1529 1801 1598 1836 ex
1624 1784 1867 1855 primatus
1893 1803 1982 1838 na-

158 1880 273 1922 tura
307 1889 365 1924 ac
389 1871 513 1936 fine,
551 1891 643 1925 nec
679 1891 780 1925 non
815 1890 884 1925 ex
923 1870 1309 1924 circumstantiis
1341 1869 1562 1942 ipsarum
1596 1870 1979 1941 promissionum

160 1955 350 2009 Christi
374 1968 566 2011 erutam
591 1978 735 2012 nemo
755 1961 869 2030 jure
894 1956 1112 2028 rejiciet3
1152 1966 1202 2009 et
1228 1957 1321 2010 hoc
1357 1956 1549 2026 quidem
1584 1974 1736 2009 sensu
1761 1957 1981 2026 quicum-

161 2062 253 2111 que
280 2061 366 2096 eos
393 2043 682 2115 Theologos
709 2045 1057 2115 explicandOS,
1086 2043 1464 2112 contrariasque
1491 2061 1682 2107 eorum,
1709 2043 1782 2095 uti
1806 2044 1980 2097 viden-

159 2138 259 2194 tur,
287 2130 564 2182 sententias
591 2130 918 2183 conciliandas
943 2139 1098 2201 putet,
1124 2128 1343 2182 inveniet
1371 2130 1612 2198 quomodo
1639 2129 1734 2200 ipsi
1753 2141 1978 2183 veterum

158 2216 474 2269 traditionem
500 2217 668 2288 reipsa
693 2235 793 2269 non
820 2215 1150 2280 deseruerint,
1177 2215 1264 2268 sed
1291 2214 1655 2280 continuarint,
1682 2216 1755 2268 ita
1779 2227 1835 2268 ut
1861 2236 1980 2270 con-

158 2301 315 2354 tentio
353 2312 462 2355 tota
496 2313 547 2356 et
581 2303 906 2356 contradictio
942 2302 995 2355 in
1020 2303 1287 2355 verborum
1320 2311 1512 2354 tantum
1538 2302 1903 2373 significatione
1929 2314 1979 2357 et

157 2387 570 2459 interpretatione
607 2390 807 2442 diversa
840 2389 1006 2461 posita
1039 2389 1122 2440 sit.
1182 2385 1375 2455 Quodsi
1408 2389 1530 2441 haec
1568 2389 1851 2442 conciliatio
1891 2392 1978 2442 ab·

157 2472 362 2526 horrere
386 2492 591 2544 prorsus
626 2476 857 2528 credatur
895 2476 956 2528 ab
983 2475 1249 2527 eorundem
1288 2485 1545 2528 auctorum
1581 2494 1757 2540 sensu,
1794 2480 1878 2546 qui
1901 2477 1979 2529 in·

155 2559 500 2612 fallibilitatem
526 2559 840 2614 Pontificiam
874 2561 926 2614 in
964 2561 1086 2633 ipsis
1112 2560 1311 2633 proprie
1336 2560 1480 2613 dictis
1506 2561 1872 2615 definitionibus
1898 2581 1980 2615 re-

158 2645 268 2716 ipsa
291 2645 552 2703 videantur
587 2646 856 2718 impetere,
894 2647 943 2699 id
968 2647 1188 2718 ipsorum
1225 2646 1623 2701 inadvertentiae
1647 2649 1977 2715 tribuendum,

157 2731 240 2801 qui
275 2750 365 2803 pro
405 2740 520 2803 apta
555 2742 606 2785 et
639 2750 861 2803 congrua
897 2732 1214 2785 distinctione
1250 2741 1400 2802 atque
1438 2734 1788 2789 conciliatione
1826 2737 1979 2788 certis

158 2818 412 2889 principiis
438 2829 796 2891 repugnantem
823 2819 1113 2872 attulerunt.

298 2903 351 2956 Id
376 2914 541 2958 autem
567 2905 902 2975 quodcumque
928 2905 1013 2971 sit,
1041 2904 1308 2959 eorundem
1333 2906 1613 2959 sententiae
1638 2906 1842 2959 nihilum
1861 2926 1978 2979 pro-

157 2989 300 3042 derit.
352 2989 564 3063 Semper
599 2995 731 3045 enim
769 2991 891 3046 haec
928 2991 1215 3045 contrariae
1253 2992 1398 3044 nobis
1424 2993 1705 3046 sententiae
1731 2993 1874 3064 origo
1899 2994 1977 3046 in-

157 3076 348 3129 ductam
385 3078 446 3130 ab
482 3077 604 3148 ipsis
638 3077 909 3132 novitatem
947 3078 1260 3148 antiquorum
1298 3079 1555 3132 traditioni
1588 3080 1893 3152 oppositam,
1926 3091 1980 3134 et

155 3162 413 3234 promissis
452 3161 644 3218 Christi
683 3164 987 3218 contrariam
1025 3164 1150 3216 satis
1196 3165 1508 3235 reprobabit,
1552 3175 1605 3219 et
1648 3166 1975 3220 circumstan-

156 3247 258 3301 tiae
283 3248 553 3301 difficillimi
578 3251 878 3316 schismatiS,
905 3268 1030 3320 quae
1051 3250 1290 3320 ejusmodi
1308 3251 1523 3306 novitati
1547 3252 1862 3307 occasionem
1887 3272 1975 3308 seu

157 3351 357 3387 causam
374 3335 631 3402 dederunt,
660 3337 930 3407 quibusque
946 3345 1090 3390 vetus
1109 3335 1312 3388 traditio
1332 3336 1606 3393 deserenda
1621 3341 1734 3394 visa
1758 3350 1853 3407 est,
1880 3359 1973 3394 ex·

158 3438 334 3474 cusare
360 3421 554 3491 quidem
579 3440 666 3475 eos
703 3422 1011 3493 aliquatenus
1037 3430 1328 3492 potuerunt,
1367 3440 1470 3476 non
1508 3434 1672 3480 autem
1697 3426 1971 3481 novitatem

158 3505 208 3558 in
245 3516 349 3560 tuto
388 3526 590 3579 ponere.
667 3506 845 3579 Neque
882 3509 1118 3565 invictam
1155 3508 1502 3566 auctoritatem
1546 3511 1670 3584 ipsis
1708 3522 1972 3585 praestare
