2314 3984
392 372 523 444 quod
558 371 807 427 rationem
846 388 941 444 pro
977 371 1043 426 vi
1067 373 1318 431 coactiva>
1331 372 1642 431 adunanda
1689 396 1717 430 a
1762 378 1908 432 nobis
1941 378 2253 453 propositam

344 526 354 535 x
390 479 502 533 cap.
530 459 583 513 9.
612 476 665 511 ιι.
697 458 747 511 l.
775 458 986 514 mirifice
1012 461 1297 515 confirmat.
1647 493 1651 496 .

533 545 589 600 9.
629 542 904 618 Subjiciam
927 547 1247 621 Alphonsum
1273 546 1851 620 Tostatums-qniaetsi'
1836 571 1891 606 1n
1917 554 2252 624 Defensorio

389 633 801 690 adversariorum
846 635 1079 708 partibus
1125 635 1508 709 patrocinatus3
1561 635 1721 692 nihilo
1766 648 1939 696 tamen
1982 638 2163 695 minus‘
2199 641 2252 694 in

390 741 502 795 cap.
530 720 682 778 XVI.
711 721 967 776 Matthaei
992 723 1255 797 proposita
1289 722 1617 795 quaestione,
1656 740 1747 778 cur
1785 723 1993 782 Christo
2027 729 2253 784 interro-

389 810 534 882 ganti
571 828 748 864 omnes
786 809 1070 882 Apostolos
1121 811 1258 865 circa
1293 811 1466 878 fidem,
1512 828 1641 864 unus
1676 809 1866 868 Petrus
1914 817 2251 888 responderit,

391 915 502 950 cum
529 907 684 952 antea
715 897 881 952 eidem
910 894 1121 953 Christo
1147 898 1525 971 interroganti,
1554 898 1671 969 quid
1697 899 1927 956 homines
1953 903 2014 956 de
2040 921 2096 957 se
2122 903 2256 958 dice·

390 995 536 1053 rent,
577 1004 753 1040 omnes
780 986 1197 1058 respondissent,
1237 987 1368 1040 hanc
1407 987 1709 1042 solutionem
1737 982 1910 1059 quinto
1947 990 2059 1044 loco
2093 991 2254 1063 ponit,

391 1091 519 1144 quae
546 1074 791 1128 unitatem
819 1073 932 1127 fidei
961 1092 1073 1128 cum
1100 1073 1338 1128 Romana
1374 1075 1493 1129 sede
1530 1076 1800 1129 tenendam
1837 1095 2086 1149 expresse
2111 1078 2256 1151 inge-

390 1159 476 1212 rit.
540 1161 740 1222 Quinto
769 1165 896 1232 quia
923 1182 1042 1216 cum
1072 1164 1274 1217 Petrus
1297 1167 1518 1233 futurus
1546 1171 1685 1216 esset
1701 1172 1915 1234 pastor,
1943 1173 1996 1218 et
2011 1169 2254 1236 populus

391 1249 550 1301 debet
573 1256 755 1302 tenere
780 1251 944 1302 talem
965 1253 1130 1320 fidem
1147 1292 1163 1312 ,
1191 1253 1404 1322 qualem
1422 1259 1620 1321 pastor
1647 1256 1949 1322 confitetur,
1977 1261 2030 1306 et
2056 1254 2254 1308 Petrus

384 1338 609 1403 futurus
637 1342 758 1388 erat
780 1339 1104 1389 universalis
1124 1345 1354 1406 pastor-3
1381 1341 1553 1390 voluit
1585 1339 1849 1400 Christus,
1876 1343 2025 1409 quod
2047 1346 2255 1410 confes·

392 1423 474 1472 sio
494 1421 631 1491 fidei
657 1429 796 1474 esset
814 1441 920 1491 per
950 1422 1177 1477 Petrum
1203 1425 1407 1486 solum,
1432 1431 1494 1477 ut
1517 1412 1918 1487 insinuaretur,
1957 1430 2108 1496 quod
2131 1429 2255 1482 talis

386 1511 525 1579 fides
560 1512 796 1562 tenenda
836 1517 938 1571 est,
978 1530 1138 1581 quam
1170 1514 1467 1582 praedicat
1494 1512 1744 1566 Romana
1783 1516 1966 1576 sedes,
2003 1534 2141 1585 quae
2180 1524 2259 1569 est

393 1605 562 1667 caput
586 1605 639 1650 et
660 1606 833 1651 mater
861 1601 1241 1664 ecclesiarum,
1269 1604 1359 1654 cui
1387 1600 1589 1654 Petrus
1607 1604 1878 1670 praefuit.

543 1685 630 1738 10.
670 1684 887 1740 Petrum
916 1688 975 1740 de
1002 1686 1184 1742 Marca
1211 1689 1340 1760 apud
1369 1687 1694 1742 adversarios
1722 1688 1997 1754 celebrem,
2028 1688 2127 1741 etsi
2153 1707 2255 1742 non

392 1789 552 1842 aeque
578 1771 631 1824 in
659 1773 889 1826 omnibus
917 1792 1026 1827 cum
1053 1774 1229 1829 iisdem
1255 1776 1577 1840 sentientem,
1604 1775 1888 1847 praeterire
1909 1794 2011 1830 non
2031 1794 2254 1848 possum,

392 1858 575 1932 quippe
601 1861 686 1931 qui
710 1861 763 1913 in
789 1860 1054 1932 utriusque
1081 1863 1292 1916 unitatis
1318 1863 1503 1916 honum
1531 1863 1720 1916 eximia
1755 1863 2046 1917 testimonia
2074 1882 2256 1937 suppe-

393 1946 547 2013 ditat,
600 1967 728 2019 quae
765 1967 876 2003 cum
911 1950 1135 2022 ipsorum
1174 1951 1581 2006 adversariorum
1620 1952 1889 2005 sententiis
1930 1953 2254 2024 conveniunt,

392 2045 674 2107 nostroque
714 2038 983 2110 systemati
1018 2038 1241 2091 maxime
1278 2048 1578 2109 congruunt.
1632 2037 1689 2091 In
1725 2039 2064 2092 Concordiae
2102 2058 2254 2111 opere

394 2122 455 2174 ab
484 2122 792 2176 adversariis
819 2125 1164 2178 commendato
1193 2125 1276 2178 lib.
1295 2126 1346 2178 2.
1368 2144 1411 2178 c.
1430 2127 1481 2178 ἱ).
1503 2135 1773 2198 postquam
1798 2143 1935 2177 num.
1951 2126 2003 2178 2.
2035 2126 2257 2179 asseruit

396 2209 752 2265 necessitatem
790 2212 1155 2266 communionis
1196 2231 1304 2266 cum
1334 2212 1569 2266 Romana
1597 2213 1747 2278 sede,
1785 2212 1908 2266 adeo
1948 2222 2006 2265 ut
2032 2216 2173 2267 nulli
2199 2217 2256 2266 li-

394 2302 585 2361 cuerit,
611 2319 711 2353 uec
737 2304 870 2370 ipsis
899 2306 1059 2355 etiam
1087 2300 1366 2372 Apostolis
1395 2302 1788 2371 Episcopatum
1814 2309 1997 2353 tenere
2025 2302 2257 2354 alienum

394 2406 429 2438 a
455 2392 824 2442 communione
864 2398 916 2443 et
951 2393 1228 2444 consortio
1265 2393 1515 2451 unitatis,
1556 2409 1694 2459 quae
1719 2391 1862 2458 viyet
1899 2392 1954 2441 in
1991 2390 2258 2441 cathedra

399 2473 585 2536 Petri,
613 2485 664 2528 et
690 2495 825 2529 num.
856 2479 907 2528 5.
938 2477 1238 2541 affirmavit,
1269 2495 1413 2537 eum,
1450 2479 1544 2546 qui
1570 2477 1779 2527 alienus
1807 2478 1878 2526 sit
1903 2477 1969 2527 ab
1998 2478 2256 2528 ecclcsiae

398 2559 680 2614 Romanae
718 2568 1112 2625 communione,
1150 2583 1183 2615 a
1221 2581 1456 2632 corpore
1494 2564 1658 2614 totius
1697 2562 1979 2614 Ecclesiae
2017 2564 2257 2615 avulsum

395 2650 450 2699 in
472 2653 922 2720 pereyrinitatem
950 2653 1236 2722 quamdam
1263 2653 1468 2720 redi9i3
1496 2666 1619 2701 mox
1648 2667 1784 2700 num.
1813 2649 1866 2702 6.
1897 2665 2006 2700 cum
2035 2666 2257 2701 commu-

396 2734 563 2788 nionis
588 2737 783 2791 unitate
809 2738 923 2791 fidei
949 2757 1146 2809 quoque
1170 2738 1416 2792 unitatem
1436 2737 1749 2810 jungendam
1775 2735 2130 2808 praescribens
2157 2737 2256 2789 ait:

405 2823 692 2879 Commune
730 2826 834 2879 lzoc
868 2829 1108 2896 officium
1142 2830 1527 2880 communionis
1567 2844 1686 2878 cum
1724 2827 1952 2879 ecclesia
1989 2825 2257 2886 Romana,

395 2915 486 2966 cui
521 2916 883 2983 impendendo
920 2933 1038 2966 cum
1077 2918 1269 2968 ceteris
1304 2915 1604 2984 provinciis
1652 2913 1839 2966 Gallia
1879 2913 2257 2981 adstringitur,

396 3011 728 3070 cognoverat
763 3011 888 3056 ante
925 3021 1106 3056 omncs
1141 3005 1523 3054 vetustissimus
1562 3002 1656 3052 ille
1684 2999 2124 3068 Luydunensium
2150 2997 2256 3050 An-

396 3091 543 3143 tistes
582 3091 869 3153 Irenaeus·‚
915 3091 1010 3160 qui
1037 3108 1176 3142 unus
1213 3091 1436 3158 scripsit
1492 3086 1716 3148 QUOD
1760 3085 2033 3138 OMNES
2088 3087 2257 3137 SEN-

406 3177 705 3231 TIEBAN
715 3179 774 3232 T.
827 3177 911 3230 Ad
939 3175 1227 3230 Romanam
1266 3173 1559 3239 ecclesiam,
1600 3176 1801 3244 inquit,
1838 3182 2044 3245 propter
2080 3182 2257 3246 poten-

397 3264 580 3320 tiorem
604 3265 1027 3340 principalitatem
1062 3280 1274 3318 necesse
1311 3271 1391 3316 est
1417 3279 1616 3315 omnem
1644 3260 1919 3315 convenire
1944 3258 2254 3314 Ecclesiam:

399 3357 558 3422 quasi
581 3357 791 3409 diceret
798 3361 973 3429 Juxta
998 3354 1350 3406 sinceriorem
1367 3351 1594 3403 illorum
1621 3350 1909 3402 verborum
1935 3352 2256 3416 interpreta-

396 3443 618 3504 tionem,
659 3462 776 3496 eam
802 3462 916 3497 esse
941 3445 1047 3495 vim
1070 3441 1323 3500 unitatis,
1359 3457 1498 3508 quae
1517 3440 1893 3508 principatum
1920 3444 1974 3489 et
1996 3438 2256 3506 oriqinem

400 3548 434 3582 a
460 3529 618 3582 Petri
641 3532 767 3583 sede
793 3532 980 3592 trahit,
1008 3537 1068 3584 ut
1093 3545 1211 3583 cum
1237 3544 1301 3579 ea
1327 3528 1595 3579 sentiendi
1620 3524 1823 3596 (utique
1848 3524 1900 3577 in
1926 3523 2044 3589 fide,
2073 3523 2132 3576 de
2160 3541 2258 3592 qua
