2314 3984
743 279 917 288 ---
1005 245 1132 304 383
1201 238 1393 287 ·-—-

159 427 261 483 est,
286 427 343 470 ut
366 418 474 488 ejus
499 413 1007 487 gratiaantiquorum
1031 414 1284 469 sententia
1308 414 1369 468 de
1393 412 1656 467 Romanae
1691 413 1805 468 fidei
1828 415 1981 470 firmi·-

158 513 263 557 tate
289 513 436 572 atque
459 499 806 555 infallibilitate
829 501 883 554 in
909 501 1198 555 definiendis
1223 500 1479 556 catholicis
1497 499 1830 570 dogmatibus,
1854 520 1982 573 quae

157 588 416 662 promissis
441 584 660 653 Christi,
687 588 1000 658 antiquorum
1025 587 1314 653 traditione,
1341 605 1400 641 ac
1422 585 1679 659 principiis
1704 588 1868 641 nostri
1891 607 1982 662 sy·-

159 675 388 730 stematis
423 674 826 728 adversariorum
863 690 1114 728 consensu
1145 673 1501 728 demonstratis
1542 673 1864 746 legitimeque
1897 677 1981 731 de-

158 762 314 816 ductis
338 761 537 815 fulcitur
552 799 566 826 ,
593 762 867 815 deserenda
892 761 976 814 sit.

301 845 400 915 Qui
424 847 676 902 Bossueto
701 848 798 920 ipsi
820 847 1082 920 plurimum
1107 846 1334 900 deferunt
1348 887 1362 913 ,
1398 855 1588 919 ponant
1610 846 1712 899 tria
1734 847 1822 901 illa
1844 850 1982 921 prin-

159 934 312 1006 cipia,
339 953 464 1004 quae
490 934 548 988 de
574 933 806 987 Romana
831 935 924 988 fide
948 934 1077 987 idem
1100 933 1298 988 Auctor
1323 933 1603 987 certissima
1627 935 1806 987 statuit
1831 935 1980 1007 (Vid.

160 1031 334 1075 textus
371 1022 431 1074 de
468 1021 520 1075 vi
547 1021 789 1093 primatus
814 1040 859 1075 c.
889 1020 974 1075 14.
1003 1020 1050 1088 §.
1075 1019 1191 1091 4.);
1241 1019 1282 1073 1.
1311 1018 1519 1074 Certum
1548 1038 1662 1074 6336
1686 1019 1744 1074 S.
1771 1020 1983 1076 Petrum

159 1126 353 1179 semper
377 1108 430 1160 in
455 1107 827 1160 successoribus
851 1106 1050 1171 vivere,
1086 1116 1233 1177 atque
1257 1106 1310 1159 in
1334 1106 1458 1177 ipsis
1482 1105 1615 1175 loqui
1630 1145 1645 1171 ,
1682 1117 1732 1160 et
1757 1109 1985 1179 loquutu-

159 1213 268 1245 rum
294 1212 491 1264 semper
516 1211 627 1246 eam
651 1193 814 1258 fidem,
841 1211 990 1263 quam
1017 1191 1254 1248 Christus
1278 1194 1410 1246 hono
1435 1191 1644 1244 unitatis
1669 1192 1781 1246 fidei
1805 1194 1858 1246 in
1884 1193 1985 1248 Pe-

158 1290 238 1333 tro
265 1298 324 1333 ac
349 1279 725 1333 successorihus
763 1282 870 1352 ejus
906 1281 1104 1334 ratione
1139 1280 1383 1351 primatus
1408 1278 1563 1332 totius
1588 1277 1851 1334 Ecclesiae
1874 1283 1986 1334 fun-

159 1367 441 1419 damentum
477 1366 711 1419 instituit.
773 1366 836 1418 ΙΙ.
879 1364 1084 1420 Certum
1122 1385 1315 1437 quoque
1349 1383 1461 1418 esse
1498 1366 1718 1419 eamdem
1756 1367 1898 1421 fidem
1932 1369 1985 1421 in

160 1453 394 1507 cathedra
418 1452 563 1506 Petri
587 1453 878 1524 depositam,
905 1462 955 1506 et
980 1456 1041 1505 ad
1067 1453 1266 1506 eosdem
1290 1469 1608 1506 successores
1633 1453 1983 1507 transmissam

159 1557 272 1592 esse
307 1528 502 1611 petram
535 1539 671 1591 illam
707 1540 929 1604 firmam,
967 1539 1223 1604 stabilem,
1262 1549 1314 1593 et
1337 1539 1621 1604 immotam,
1659 1557 1811 1611 supra
1835 1559 1984 1610 quam

161 1623 354 1682 Christi
378 1625 814 1697 pollicitationibus
848 1636 899 1679 et
933 1626 1164 1679 oratione
1202 1626 1444 1678 munitam
1469 1635 1616 1695 atque
1640 1626 1888 1680 firmatam
1913 1628 1986 1680 ita

159 1711 390 1765 Ecclesia
415 1712 670 1766 aedificata
695 1722 802 1774 est,
837 1722 892 1764 ut
917 1722 1094 1766 contra
1117 1713 1278 1783 ipsam
1303 1723 1481 1784 portae
1515 1711 1666 1765 inferi
1691 1716 1986 1785 praevalere

161 1817 262 1851 non
286 1799 499 1870 possint,
525 1816 618 1851 1166
642 1817 873 1869 umquam
901 1799 968 1852 sit
993 1800 1262 1852 defectura.
1299 1799 1385 1851 111.
1414 1796 1621 1852 Certum
1645 1802 1846 1854 tandem
1873 1819 1986 1855 esse

161 1886 288 1937 hanc
323 1885 466 1937 fidem
501 1884 706 1955 perinde
742 1886 991 1938 firmatam
1029 1895 1079 1938 et
1111 1885 1494 1939 indefectibilem
1531 1905 1633 1939 non
1671 1905 1784 1940 esse
1811 1888 1986 1940 distin-

162 1971 404 2039 guendam
441 1983 475 2022 *a
507 1971 629 2035 fide,
666 1990 812 2040 quam
849 1992 876 2026 e
912 1971 1058 2025 Petri
1090 1971 1220 2025 Sede
1256 1990 1576 2025 successores
1620 1977 1726 2043 ejus
1765 1973 1985 2028 Romani

163 2055 434 2109 Pontifices
461 2057 668 2121 docent,
695 2067 746 2110 et
771 2076 840 2111 ex
866 2059 963 2111 fine
987 2059 1230 2129 primatus
1257 2059 1521 2123 definiunt,
1559 2068 1614 2110 ut
1638 2060 1690 2111 in
1716 2061 1985 2115 dissensio-

163 2142 307 2194 nibus
333 2152 385 2194 et
410 2143 769 2196 controversiis
795 2144 907 2196 fidei
931 2146 1116 2198 fratres
1141 2145 1194 2197 in
1218 2146 1410 2197 unitate
1446 2144 1557 2197 fidei
1595 2148 1886 2200 contineant
1911 2158 1986 2200 at-

165 2247 258 2296 que
285 2228 596 2281 confirment.
646 2229 787 2284 Haec
812 2232 911 2283 tria
935 2231 981 2283 si
1007 2231 1289 2285 certissima
1324 2231 1478 2302 ipsius
1502 2230 1741 2285 Bossueti
1768 2235 1986 2287 auctori-

162 2324 268 2366 tate
293 2315 605 2368 concedenda
630 2316 758 2382 sint,
795 2336 962 2371 nonne
1000 2319 1338 2372 definitionum
1362 2317 1770 2389 Apostolicarum
1806 2320 1986 2372 infalli-

162 2400 355 2464 bilitas,
394 2419 520 2469 quae
559 2402 743 2456 exinde
778 2406 1066 2458 necessario
1104 2405 1353 2475 sequitur,
1392 2405 1674 2458 certissima
1699 2406 1889 2476 pariter
1915 2407 1986 2458 di-

164 2486 320 2538 cenda
345 2486 477 2538 erit?
526 2485 714 2541 Nonne
747 2493 1044 2561 sperandum
1082 2503 1160 2545 est
1195 2494 1304 2544 fore
1338 2501 1394 2543 ut
1418 2491 1515 2556 illi,
1555 2492 1638 2560 qui
1673 2490 1831 2543 eidem
1856 2492 1986 2544 Bos-

164 2582 304 2625 sueto
330 2572 552 2626 maxime
578 2575 890 2641 deferentes,
929 2579 1036 2648 ejus
1068 2578 1379 2649 potissimum
1415 2576 1716 2630 auctoritate
1754 2578 1815 2629 ab
1856 2579 1986 2631 anti-

162 2677 370 2728 quorum
397 2660 649 2711 sententia
674 2679 734 2713 ac
755 2663 1024 2727 traditione
1050 2673 1395 2727 recesserunt,
1429 2682 1570 2716 mero
1602 2663 1899 2734 praejudicio
1928 2683 1986 2717 ac

162 2745 324 2797 studio
350 2744 563 2815 partium
587 2763 644 2798 se
668 2757 923 2817 permotos
959 2759 1289 2820 agnoscentes
1305 2789 1319 2814 ,
1353 2750 1406 2802 in
1435 2758 1660 2803 veterem
1685 2751 1984 2803 sententiam

163 2849 272 2883 cum
297 2830 536 2903 primatus
561 2832 759 2886 ratione
786 2851 850 2887 ac·
867 2836 1128 2906 promissis
1156 2833 1350 2889 Christi
1376 2836 1754 2899 cohaerentem,
1782 2836 1877 2888 sibi
1904 2854 1984 2888 re-

163 2918 405 2970 deundum
429 2918 748 2990 intelligant?

255 3060 263 3064 ,
309 3002 612 3058 Concludam
660 2995 1160 3080 hanc'Appendicem
1201 3007 1490 3062 testimonio
1539 3007 1760 3060 Romani
1797 3005 1984 3062 Sacra-

163 3090 394 3142 mentarii
430 3092 646 3144 omnium
684 3093 1045 3164 antiquissimi,
1082 3096 1211 3164 quod
1236 3093 1292 3147 S.
1319 3094 1487 3148 Leoni
1523 3095 1812 3148 attributum
1848 3105 1983 3148 tomo

164 3176 376 3227 secundo
411 3195 612 3248 operum
650 3181 867 3251 ejusdem
903 3180 1163 3234 Pontificis
1202 3182 1496 3234 recudimus.
1571 3180 1629 3233 In
1672 3182 1983 3254 praefatione

164 3260 356 3314 Missae
386 3263 502 3327 14.,
539 3264 615 3317 die
651 3267 807 3319 natali
841 3266 939 3320 SS.
966 3267 1112 3320 Petri
1150 3276 1200 3320 et
1225 3266 1371 3320 Pauli
1404 3267 1526 3321 haec
1563 3268 1795 3338 leguntur
1832 3268 1899 3341 (t.
1929 3269 1980 3321 2.

164 3346 327 3401 Leon.
370 3348 483 3401 edit.
511 3348 644 3403 Ven.
684 3354 778 3405 col.
804 3354 954 3426 40.):
1015 3355 1123 3414 Qui
1144 3358 1427 3408 secundum
1456 3358 1832 3422 promissionis
1857 3363 1982 3408 tuae

164 3437 470 3488 inviolabile
508 3441 841 3492 constitut-am
877 3440 1222 3510 Apostolicae
1260 3444 1588 3509 confessioni
1629 3461 1864 3511 superna
1907 3444 1981 3493 di-

165 3527 498 3587 spensatione
526 3525 770 3594 laryiris,
807 3534 866 3579 ut
901 3531 955 3580 in
981 3530 1217 3580 veritatis
1252 3535 1372 3580 tuae
1391 3530 1707 3596 fundamine
1732 3530 1981 3586 solidata,
