2314 3984
307 359 569 415 modi-uou
607 359 786 418 solum.
806 358 861 413 in
879 358 1671 433 Δι’θᾶιιιεοῑ,41111ιῶὀίιιιιιῐιιιὶωιὶε,
1707 368 1797 423 scd
1821 367 1876 423 in
1899 368 1963 424 iis
1990 370 2161 436 ctiam,

302 466 434 519 quae
456 445 571 500 fidei
594 443 1285 511 unitatemassmmtectam
1307 452 1622 525 &nme
1631 455 1946 527 prospiciunt
1955 455 2161 523 ‚Petro

304 555 364 590 ac
379 531 768 589 suecessoribus
796 533 992 598 debita,
1018 553 1092 589 ex
1115 535 1362 611 primatus
1383 535 1439 595 wi
1462 540 1735 613 mipua
1759 542 2008 610 dimanat,
2051 543 2161 599 sinc

302 640 401 693 qua
425 619 586 674 totius
606 619 822 677 *unitatis
852 622 1143 682 ‚cathalicae
1155 633 1393 681 centrum
1431 625 1629 686 frustra
1650 629 1953 688 constitutus
1977 631 2161 687 fuisset

302 730 332 763 a
371 706 610 775 Christo,
648 728 760 763 cum
799 709 912 765 sine
946 710 1228 784 hujusmodi
1266 712 1317 768 vi
1359 713 1864 774 totameatholieam
1913 718 2160 772 unitatem

302 798 434 855 tueii
459 807 513 851 et
538 797 794 852 custodire
818 816 923 852 non
948 809 1141 872 posset.
1554 819 1561 823 ·
1644 840 1664 844 ψ,

450 883 669 940 18.1d
705 895 875 940 autem
911 887 1036 943 adeo
1062 905 1147 942 ex
1173 887 1422 942 catholica
1447 888 1542 943 fide
1568 899 1764 949 certum
1788 891 1991 958 habuit,
2026 903 2083 948 ut
2106 893 2160 948 in

299 976 407 1047 ipso
436 990 702 1038 sermone,
731 991 878 1043 quem
903 974 1140 1031 lecitavit
1163 975 1220 1031 in
1245 975 1465 1031 comitiis
1504 974 1646 1032 Cleri
1681 975 1960 1046 Gallicani,
1988 981 2088 1036 ubi
2099 981 2159 1036 de

300 1062 580 1116 coercenda
605 1059 886 1114 celebribus
925 1061 1150 1116 articulis
1185 1062 1461 1118 Pontificia
1499 1065 1804 1120 auctoritate
1840 1078 2007 1122 actum
2046 1069 2156 1136 fuit,

299 1151 390 1205 hoc
416 1151 524 1204 fere
550 1167 704 1201 unum
728 1166 832 1202 non
858 1159 962 1203 tam
989 1169 1059 1204 ex
1086 1148 1382 1206 Gallicanae
1408 1149 1671 1209 Ecclesiae
1709 1153 1939 1208 doctrina
1955 1195 1969 1221 ‚
2009 1175 2157 1227 quam

298 1256 367 1292 ex
406 1236 629 1291 omnium
663 1234 878 1289 Patrum
912 1237 1183 1294 traditione
1233 1238 1525 1309 collegerit,
1575 1241 1784 1310 fuseque
1835 1244 2155 1314 exposuerit,

296 1325 565 1397 primatum
593 1321 650 1375 S.
678 1320 840 1375 Petro
868 1341 928 1376 ac
954 1323 1205 1378 Romanis
1241 1323 1577 1380 Pontificibus
1613 1327 1667 1379 in
1708 1327 1952 1382 unitatem
1975 1327 2157 1385 Eccle-

295 1411 403 1466 siae
427 1409 586 1463 fuisse
613 1407 872 1471 traditmn,
899 1428 956 1463 ac
984 1410 1030 1463 si
1066 1410 1192 1465 haec
1219 1428 1349 1477 una,
1386 1412 1469 1465 vel
1493 1413 1766 1484 praecipua
1800 1414 2044 1485 primatus
2078 1417 2157 1472 vis

295 1509 445 1570 atque
471 1496 835 1570 praerogativa
861 1497 955 1565 sit3
982 1498 1113 1552 unde
1139 1507 1191 1552 et
1219 1499 1281 1552 ad
1307 1498 1436 1553 hanc
1461 1499 1564 1555 vim
1600 1499 1811 1554 unitatis
1838 1504 2156 1561 statuendam

294 1587 491 1653 retulit,
520 1603 870 1657 quaecumque·
890 1585 950 1639 de
978 1584 1216 1640 Romana
1243 1588 1362 1641 sede
1401 1607 1432 1641 a
1469 1585 1713 1642 Patribus
1748 1588 2026 1644 illustriora
2050 1591 2155 1663 pri-

292 1686 458 1729 matus
483 1673 778 1728 testimonia
806 1673 1145 1727 celebrantur.
1198 1673 1437 1747 Longum
1465 1675 1614 1728 nimis
1641 1686 1775 1729 esset
1805 1675 2023 1731 recitare
2050 1678 2155 1731 sin-

292 1763 427 1834 gula.
479 1760 561 1815 Ea
596 1770 793 1813 tantum
831 1760 1091 1828 indicabo,
1131 1782 1262 1833 quae
1298 1763 1412 1816 fidei
1448 1762 1698 1816 unitatem
1733 1781 1792 1817 ac
1830 1774 2062 1818 ceutrmn
2100 1765 2154 1819 in

292 1849 529 1903 Romana
557 1848 796 1902 cathedra
823 1849 1021 1902 ratione
1046 1849 1291 1921 primatus
1317 1851 1535 1922 positum
1563 1851 1843 1904 adstruunt.
1873 1849 2153 1923 Postquam

289 1941 511 1991 unitatis
537 1935 837 2008 mysterium
864 1934 1129 1990 Ecclesiae
1155 1938 1392 2010 regimini
1423 1939 1786 2005 necessarium,
1815 1958 1873 1994 ac
1899 1940 1949 1992 in
1979 1941 2150 1994 eadem

290 2044 489 2098 semper
518 2023 893 2078 custodiendum
922 2025 1192 2096 exposuit3
1221 2025 1357 2080 inter
1383 2027 1644 2080 duodecim
1677 2028 1958 2099 Apostolos
1999 2047 2149 2081 unum

287 2113 419 2166 bono
448 2111 659 2165 unitatis
687 2109 939 2165 aChristo
966 2113 1310 2184 praepositum
1337 2113 1428 2179 ait,
1456 2133 1603 2184 quem
1631 2114 1900 2187 appellavit
1917 2113 2149 2181 Petrum,

287 2210 560 2273 propterea
597 2199 730 2269 quod
766 2218 932 2269 super
970 2200 1112 2254 lianc
1143 2209 1365 2270 petram
1400 2222 1552 2256 suam
1593 2205 1899 2273 aedificium
1939 2206 2148 2272 eriyere

284 2290 661 2342 meditabatur.
713 2285 864 2340 Initio
892 2287 1089 2358 quidem
1115 2288 1168 2340 in
1194 2290 1441 2361 ejusmodi
1468 2289 1868 2343 aedificationem
1908 2287 2146 2344 Christus

285 2392 462 2429 omnes
487 2374 768 2447 Apostolos
796 2375 946 2428 simul
972 2376 1257 2446 alloquutus
1284 2377 1487 2449 legitur.
1530 2379 1639 2439 Ite,
1657 2380 2003 2447 praedicate,
2029 2382 2150 2432 misi

283 2481 391 2514 vos.
442 2461 518 2513 At
545 2479 656 2514 cum
682 2462 844 2515 eidem
870 2464 1238 2517 constructioni
1264 2483 1548 2536 supremam
1576 2483 1777 2517 manum
1804 2464 1963 2517 voluit
1988 2464 2147 2535 impo-

284 2566 408 2602 nere
427 2588 441 2613 ‚
468 2549 521 2600 in
547 2547 758 2600 unitatis
798 2548 1099 2619 mysterium
1137 2567 1240 2601 non
1275 2550 1506 2603 omnibus
1542 2549 1718 2612 simul,
1754 2552 1843 2604 sed
1870 2551 1958 2604 uni
1982 2550 2143 2606 Petro

283 2637 442 2690 verba
467 2635 604 2690 fecit.
660 2633 794 2687 Tum
821 2635 884 2687 ad
910 2635 1155 2689 unitatem
1181 2635 1295 2688 fidei
1319 2635 1526 2708 propius
1566 2638 1812 2691 accedens
1839 2637 2141 2706 BossuetuS,

283 2724 499 2776 affirmat
527 2720 818 2787 Christum,
859 2731 919 2775 ut
946 2724 1170 2776 Petram
1208 2724 1335 2776 lzuic
1373 2728 1558 2794 officio
1599 2732 1651 2778 et
1685 2725 1887 2777 honori
1901 2745 2143 2796 praepa-

282 2819 455 2873 raret,
483 2830 600 2864 cum
626 2813 793 2862 sciret
811 2812 974 2879 fidem
1001 2830 1134 2880 erya
1160 2831 1216 2863 se
1245 2831 1358 2864 esse
1390 2815 1806 2880 fundamentum
1844 2814 2143 2875 Ecclesiae,

281 2902 579 2968 inspirasse
610 2899 781 2951 Petro
805 2900 970 2968 fidem
997 2901 1244 2969 (lionam,
1273 2918 1411 2970 quae
1452 2901 1578 2954 haic
1615 2901 1856 2953 mirabili
1890 2904 2139 2970 aedificio

273 2988 687 3054 fundamentum
704 2992 958 3055 poneret,
997 2983 1080 3038 Tu
1107 3004 1163 3039 es
1193 2984 1431 3039 Christus
1458 2987 1588 3039 filius
1614 2985 1713 3039 Dei
1738 2985 1857 3040 vivi.
1893 2987 1971 3038 Ob
1999 2989 2141 3040 lianc

276 3075 578 3142 yloriosam
596 3077 1002 3143 professionem
1032 3076 1167 3144 fidei
1203 3076 1398 3142 ‹Iiynus
1432 3077 1546 3141 fait
1585 3092 1650 3126 ea
1684 3075 1988 3127 inviolabili
2004 3094 2137 3144 pro-

282 3164 554 3222 missione,
582 3181 691 3231 qua
718 3163 1000 3215 Ecclesiae
1020 3163 1433 3229 fundamentum
1460 3164 1779 3214 constitutus
1800 3164 1927 3230 fuit.
1980 3162 2136 3215 Jesas

288 3248 492 3301 Christi
517 3250 711 3310 verba,
753 3267 892 3319 quae
920 3267 992 3300 ea·
1017 3249 1191 3300 nihilo
1220 3250 1466 3318 efficiunt
1501 3250 1769 3318 quidquid
1803 3249 1955 3310 libet,
1995 3250 2136 3302 Itane

282 3336 383 3386 vim
405 3339 628 3389 mortali
652 3338 857 3389 homini
882 3337 1186 3405 impertivit.
1238 3334 1427 3404 Neque
1466 3337 1694 3397 dicitur,
1734 3343 1830 3388 aut
1865 3339 2133 3405 coyitatar

279 3422 382 3475 hoc
413 3423 471 3474 S.
505 3423 663 3476 Petri
686 3427 1038 3478 ministerium
1064 3442 1182 3476 cam
1206 3424 1326 3492 ipso
1354 3424 1588 3475 desiisse.
1651 3424 1815 3484 Quod
1830 3430 2134 3492 perpetuae

279 3510 674 3578 aedificationis
704 3530 815 3563 esse
842 3513 1001 3565 debet
1018 3512 1446 3580 fundamentum,
1469 3514 1632 3579 finem
1657 3510 1856 3563 habere
1883 3528 1990 3561 non
2011 3516 2132 3578 pot-
