2314 3984
389 366 533 439 cipua
558 366 756 437 objecta
782 362 1133 420 nonnullomm
1153 360 1561 433 ‘Petrum-kun,
1586 374 1672 421 aut
1698 362 1937 435 textus)⁴;
1965 365 2045 420 vel
2070 364 2116 418 si
2140 384 2244 419 non

386 453 459 507 ita
482 451 630 507 facile
665 447 915 521 explicari
952 459 1006 504 et
1043 448 1304 524 conciliari
1338 450 1490 522 posse
1519 452 1798 517 mdantm·
1819 492 1833 518 ‚
1870 470 1972 506 non
2012 453 2146 506 tanti.
2169 455 2244 507 fa-

388 539 565 593 cienda
588 535 886 610 perspiciet,
913 546 968 591 ut
992 537 1156 610 ipsum
1183 547 1412 612 systema
1437 537 1835 601 demonstratmn
1852 579 1866 606 ‚
1894 540 2242 607 deserendum,

387 636 472 680 aut
496 625 551 679 in
577 623 940 680 dubitationem
969 625 1308 684 adducendum
1334 623 1620 681 existimet.
1637 624 1788 686 Haec
1810 628 1866 682 in
1891 646 2066 682 eorum
2093 647 2242 701 prae-

387 713 563 768 sertim
589 713 811 785 gratiam
837 713 1087 766 monenda
1113 714 1273 780 fuere,
1301 712 1387 784 qui
1412 712 1687 769 levioribus
1714 713 1902 785 aliquot
1911 715 2121 788 objectis
2137 735 2243 769 mo-

386 811 599 868 ventur,
640 801 818 872 quibus
858 800 903 854 si
938 800 1212 856 voluissem
1251 799 1544 872 singillatim
1581 802 1921 874 respondere,
1953 802 2244 857 traditionis

386 889 572 943 seriem
597 888 866 943 identidem
892 888 1177 962 importune
1203 889 1502 961 abrumpere
1529 898 1734 943 coactus
1758 889 1985 956 fuissem,
2013 899 2064 943 et
2076 877 2246 943 moro-

386 976 490 1030 sius
516 977 777 1030 immorari
803 977 855 1030 in
882 977 1120 1045 minimis,
1147 995 1277 1048 quae
1303 995 1374 1032 ex
1399 976 1766 1032 difficilioribus*
1785 995 1877 1031 suo
1905 977 2015 1031 loco
2043 976 2244 1044 solutis,

388 1083 445 1119 ac
470 1065 738 1138 praecipue
766 1084 837 1119 ex
861 1066 970 1138 ipso
998 1076 1280 1139 systemate
1305 1066 1434 1120 bene
1459 1064 1919 1138 percepto'facilem
1942 1065 2243 1119 solutionem

390 1153 658 1226 accipiunt.

537 1241 660 1295 102.
715 1239 906 1294 Mirum
944 1261 1070 1297 vero
1108 1241 1334 1296 maxime
1370 1251 1539 1308 esset,
1578 1241 1624 1296 si
1667 1242 1730 1295 ad
1767 1241 2117 1295 infirmandam
2145 1240 2246 1294 vim

387 1328 676 1381 traditionis
715 1328 810 1382 hoc
847 1328 1012 1400 capite
1050 1327 1344 1400 prop‘ositae
1380 1329 1663 1400 quempiam
1702 1338 1966 1384 moverent
2002 1327 2159 1382 adhuc
2186 1346 2247 1381 ea

388 1415 707 1486 antiquorum
736 1415 1029 1469 testimonia
1053 1434 1084 1470 a
1114 1414 1369 1469 Bossueto
1397 1413 1687 1486 diligentius
1714 1416 1925 1468 collecta
1949 1423 2001 1468 et
2025 1414 2247 1485 ingesta,

387 1503 566 1575 quibus
594 1504 799 1558 decreta
825 1503 939 1557 fidei
977 1503 1111 1558 sedis
1137 1502 1470 1576 Apostolicae
1508 1521 1640 1557 nunc
1679 1502 2003 1557 conciliorum
2030 1520 2248 1574 genera-

386 1592 528 1659 lium,
557 1610 689 1646 nunc
715 1590 1086 1664 Episcoporum
1113 1591 1357 1645 ecclesiae
1385 1590 1659 1645 catholicae
1699 1591 2004 1644 auctoritate
2029 1589 2247 1656 firmata,

388 1681 645 1746 roborata,
673 1679 1087 1745 irretractabilia,
1115 1690 1202 1732 aut
1229 1679 1326 1733 alio
1357 1679 1695 1750 aequivalenti
1721 1678 1865 1732 titulo
1886 1678 2074 1731 donata
2099 1696 2248 1750 prae-

388 1769 635 1821 feruntur.
688 1766 777 1819 Ex
804 1766 882 1819 his
909 1767 1107 1837 quidem
1134 1766 1364 1821 omnibus
1391 1767 1650 1839 suffragiis
1687 1765 1991 1820 Pontificiae
2027 1766 2247 1819 auctori-

386 1856 479 1909 tati
505 1855 687 1910 additis
713 1855 815 1909 vim
845 1855 1125 1910 coactivam
1165 1874 1450 1926 exsurgere
1488 1873 1635 1908 nemo
1663 1854 1894 1926 negarit,
1935 1863 1985 1907 et
2010 1853 2112 1907 vim
2139 1853 2247 1924 qui-

389 1944 499 1998 dem
539 1946 780 2017 majorem
823 1962 970 2014 quam
1012 1962 1082 1996 ex
1119 1941 1393 2007 Pontificia
1431 1942 1734 1996 auctoritate
1772 1951 2000 2009 tantum3
2058 1941 2248 2013 hocque

388 2051 543 2086 sensu
569 2032 754 2086 dictum
781 2031 898 2085 illud
923 2030 1169 2085 obtinuit:
1216 2031 1374 2084 Orbis
1414 2037 1588 2103 major
1616 2038 1697 2107 est
1720 2032 1868 2084 urbe.
1924 2029 1997 2082 At
2024 2048 2143 2082 num
2170 2029 2247 2082 iu-

389 2120 511 2174 ferri
538 2120 691 2173 etiam
727 2129 898 2192 potest
937 2118 1097 2191 (quod
1131 2116 1373 2190 Episcopi
1410 2116 1691 2171 Meldensis
1730 2117 2144 2171 commentarium
2170 2117 2248 2169 in-

387 2208 583 2281 gerit),
621 2207 944 2261 Pontificiam
987 2206 1343 2261 auctoritatem
1380 2224 1470 2277 per
1510 2224 1564 2259 se
1601 2224 1703 2258 non
1741 2223 1951 2276 cogere,
1993 2204 2108 2275 quia
2137 2223 2247 2259 cum

389 2296 719 2351 conciliorum
746 2295 1077 2368 generalium,
1102 2294 1184 2350 vel
1210 2293 1580 2367 Episcoporum
1607 2293 1760 2347 totius
1786 2291 2049 2347 Ecclesiae
2077 2303 2249 2347 aucto-

388 2385 541 2439 ritate
569 2385 923 2458 conjungitur,
961 2393 1012 2438 et
1049 2402 1119 2438 ex
1154 2382 1248 2437 hac
1282 2381 1480 2435 unitate
1528 2380 1770 2435 invictum
1815 2382 1969 2434 robur
2009 2380 2248 2434 elicitur?

387 2472 525 2525 Num
552 2474 636 2526 uhi
664 2474 758 2525 duo
785 2473 867 2527 vel
892 2473 1062 2543 plures
1077 2470 1127 2524 vi
1142 2470 1375 2524 coactiva
1402 2479 1452 2522 et
1478 2468 1788 2522 ineluctabili
1814 2487 1905 2540 per
1933 2487 1987 2522 se
2013 2468 2247 2540 praediti,

389 2560 450 2613 ad
488 2559 676 2629 aliquid
712 2558 923 2611 firmiter
958 2557 1275 2610 statuendum
1317 2557 1620 2619 afferuntur,
1661 2555 1791 2607 alter
1830 2554 1979 2608 alteri
2005 2555 2248 2627 praejudi-

389 2647 519 2702 cium
548 2647 727 2701 creat?
779 2644 968 2698 Nonne
1011 2664 1119 2698 cum
1158 2662 1337 2698 sacrae
1364 2641 1663 2714 Scripturae
1701 2643 2005 2696 auctoritate
2044 2642 2248 2696 traditio

378 2736 528 2809 jungi
555 2735 687 2789 solet
713 2753 742 2787 a
770 2733 1070 2804 TheologiS,
1099 2741 1149 2786 et
1176 2751 1287 2786 cum
1327 2729 1596 2803 Scriptura
1622 2748 1682 2783 ac
1719 2730 1992 2784 traditione
2018 2730 2249 2803 jungitur

387 2824 540 2878 etiam
569 2821 892 2895 Synodorum
918 2820 1221 2893 praesertim
1249 2818 1560 2891 generalium
1589 2818 1905 2871 auctoritas?
1957 2816 2108 2872 Nunc
2134 2818 2249 2872 hinc

388 2912 562 2967 deduci
588 2921 757 2984 potest
783 2929 877 2964 nec
905 2910 1067 2964 solam
1094 2906 1414 2979 Scripturam
1441 2925 1672 2972 sacram,
1701 2925 1794 2960 nec
1821 2906 2144 2960 traditionem
2166 2924 2249 2959 so-

389 3002 484 3054 lam
502 3041 516 3067 ,
543 3019 636 3054 1166
665 2999 824 3052 solam
851 2996 1163 3070 synodorum
1190 2995 1502 3066 generalium
1534 2993 1886 3046 auctoritatem
1915 2993 1974 3045 ad
2002 2992 2103 3046 vim
2131 3010 2248 3045 coa-

388 3241 504 3281 ribus
536 3241 578 3280 in
609 3239 788 3280 materia
816 3236 931 3286 fidei,
965 3236 1033 3288 qni
1067 3235 1135 3283 (ut
1166 3233 1210 3273 in
1241 3231 1505 3284 praefatione
1527 3230 1784 3281 monuimus)
1816 3229 1869 3270 ad
1904 3233 2029 3282 caput
2061 3231 2246 3270 ultimum

389 3301 509 3352 huJus
540 3299 867 3346 dissertationis,
898 3297 969 3337 ubi
1002 3295 1055 3336 de
1084 3295 1248 3334 illorum
1280 3290 1581 3332 infallibilitate
1613 3294 1777 3341 agetur,
1811 3291 2050 3342 pertinent,
2094 3290 2247 3330 ibidem

390 3357 426 3412 §.
457 3362 524 3402 VI.
560 3364 602 3401 et
635 3373 750 3412 seqq.
785 3360 846 3399 ita
879 3357 1156 3409 disjicientur,
1191 3357 1237 3394 ut
1269 3351 1370 3392 nihi-1
1403 3349 1554 3391 exinde
1587 3350 1853 3391 difficultatis
1887 3354 2034 3390 contra
2065 3353 2246 3401 systema

389 3420 593 3460 hactenus
624 3419 898 3460 constitutum
932 3427 1151 3469 superesse
1181 3416 1332 3467 queat;
1365 3411 1447 3457 vel,
1483 3412 1517 3450 si
1551 3410 1651 3462 quid
1681 3410 1878 3450 videatur
1909 3421 2141 3462 superesse,
2173 3421 2247 3449 ne-

392 3484 519 3533 queat
550 3479 591 3519 in
625 3480 795 3519 dubium
827 3478 1039 3518 adducere
1071 3487 1163 3516 eam
1191 3474 1394 3527 primatus
1410 3474 1492 3512 vim
1524 3476 1653 3522 atque
1684 3471 1903 3516 rationem,
1937 3482 2042 3520 quae
2075 3473 2140 3510 tot
2174 3481 2236 3510 ex·

386 3540 564 3594 ploratis
596 3539 856 3580 documentis
889 3538 1011 3591 plane
1044 3537 1331 3577 demonstrata
1364 3532 1545 3574 videtur.
