2314 3984
766 250 1408 310 *285—

179 422 471 476 Pontifleum
488 420 779 474 distinctum
804 420 1176 491 intelligendum
1202 419 1286 472 sit.
1324 416 1512 473 Confer
1537 416 1670 471 dieta
1693 434 1846 488 supra
1870 435 1922 468 n.
1937 418 1990 470 4.

177 508 452 562 Bossuetus
475 506 643 576 itaque
668 525 775 560 cum
800 507 884 560 lib.
915 507 999 560 10.
1029 507 1093 559 al.
1124 507 1208 559 15.
1237 524 1282 558 c.
1310 506 1362 557 5.
1390 521 1635 576 expresse
1659 503 1910 567 fateatur,
1937 520 1991 555 se

176 613 281 647 non
306 595 631 663 distinguere
656 615 689 646 a
718 595 1083 647 Romanorum
1110 593 1431 661 Pontificum
1451 593 1561 661 fide
1590 590 1867 642 Romanae
1892 589 1992 641 Ec-

176 683 369 734 clesiae
388 682 578 749 fidem3
614 681 726 732 dum
761 678 1030 732 traditione
1064 687 1266 730 coactus
1292 675 1555 729 Romanae
1590 673 1854 729 Ecclesiae
1877 674 1990 727 fidei

175 765 503 818 inerrantiam
539 775 589 818 et
622 764 1095 818 indefectibilitatem
1131 763 1346 829 asserit3
1393 763 1611 816 eamdem
1647 759 1990 814 Romanorum

177 850 472 904 Pontificum
498 850 607 903 fidei
632 851 775 904 debet
798 868 1057 904 asserere:
1085 867 1194 902 cum
1219 849 1516 920 praesertim
1530 847 1795 900 Romanae
1813 845 1991 900 Eccle-

179 938 281 991 siae
306 939 446 991 lidem
471 955 580 990 eam
607 955 720 991 esse
745 938 983 998 affirmet,
1009 955 1166 1006 quam
1202 938 1404 988 scilicet
1426 955 1532 987 non
1559 937 1717 988 aliter
1761 953 1917 1004 qaam
1955 955 1987 986 a

182 1026 345 1076 Petro
365 1027 543 1093 primo
570 1031 726 1093 atque
752 1043 786 1075 a
815 1023 970 1075 Petri
992 1024 1382 1075 suecessoribus
1419 1022 1654 1073 Romani
1687 1023 1988 1072 didicerint.

322 1110 407 1163 17.
460 1106 642 1161 Restat
666 1108 885 1160 ultimum
910 1108 1147 1161 Bossueti
1172 1108 1403 1179 effugium
1418 1147 1432 1172 ,
1472 1125 1568 1176 quo
1594 1106 1989 1159 indefectibilita—

177 1205 276 1248 tem
300 1195 352 1246 in
378 1194 469 1246 fide
494 1195 625 1247 sedis
649 1194 970 1266 Apostolicae
1008 1205 1058 1248 et
1097 1194 1358 1247 Romanae
1381 1192 1641 1246 Ecclesiae
1667 1211 1696 1244 a
1720 1191 1989 1245 traditione

178 1291 446 1344 assertam,
473 1298 571 1332 non
598 1280 802 1350 singulis
831 1279 1074 1334 Romanis
1099 1279 1450 1346 Pontificibus,
1478 1280 1563 1332 sed
1588 1279 1809 1350 ipsorum
1837 1277 1988 1331 seriei

180 1386 238 1419 ac
264 1365 563 1419 successioni
589 1367 960 1419 adscribendam
985 1367 1192 1438 putavit.
1238 1367 1335 1421 Vir
1359 1367 1411 1418 in
1438 1366 1750 1434 antiquorum
1776 1364 1987 1418 lectione

180 1453 396 1524 apprime
420 1461 648 1505 versatus
673 1452 822 1516 vidit,
861 1470 931 1504 ex
968 1463 1107 1506 certa
1143 1453 1490 1522 constantique
1524 1451 1738 1504 omnitun
1766 1450 1989 1503 saeculo-

180 1559 287 1591 rum
311 1539 577 1591 traditione
614 1535 805 1591 Christi
841 1539 1099 1609 promissis
1135 1539 1346 1605 innixa,
1386 1558 1533 1609 quam
1558 1539 1604 1606 §.
1631 1538 1683 1590 4.
1713 1536 1987 1608 explicavi-

180 1643 314 1689 mus,
355 1624 499 1677 fateri
536 1634 768 1694 oportere
810 1643 1071 1694 numquam
1114 1627 1414 1679 defecturam
1440 1624 1701 1677 Romanae
1725 1622 1985 1676 Ecclesiae

179 1711 318 1762 fidem
335 1749 348 1773 ,
375 1728 433 1762 ae
457 1710 660 1780 proinde
686 1710 737 1761 in
763 1710 855 1761 fide
881 1712 1093 1780 ejusdem
1132 1710 1392 1764 Ecclesiae
1429 1711 1611 1780 aliquid
1646 1711 1903 1762 immotum
1938 1718 1988 1761 et

179 1797 367 1847 firmum
388 1813 499 1848 esse
517 1796 880 1860 admittendum,
907 1797 1033 1866 quod
1058 1816 1320 1867 numquam
1346 1797 1553 1849 deficiet.
1580 1795 1634 1847 Id
1653 1795 1778 1847 satis
1797 1795 1988 1866 perspi-

177 1881 304 1933 citur
330 1898 398 1932 ex
417 1880 525 1951 ipso
546 1881 686 1934 titulo
714 1881 889 1953 capitis
916 1883 1051 1935 sexti
1077 1883 1191 1935 libri
1216 1883 1406 1948 decimi,
1434 1884 1500 1935 al.
1520 1883 1605 1935 15.
1623 1884 1987 1951 DefensioniS,

177 1967 258 2018 ubi
283 1967 403 2020 haec
427 1967 682 2036 leguntur:
725 1967 967 2019 Traditio
1009 1970 1232 2020 Petrum
1271 1973 1336 2022 de
1371 1972 1478 2040 fide
1517 1977 1567 2022 et
1607 1971 1853 2021 Ecclesia
1882 1969 1987 2020 Ro-

176 2073 349 2114 mana,
376 2056 543 2122 deque
569 2057 690 2105 sede
718 2053 1028 2122 Apostolica
1053 2074 1333 2124 numquam
1354 2059 1662 2125 defectura3
1690 2066 1739 2108 et
1767 2056 1987 2126 apertius

178 2139 230 2189 in
255 2148 400 2191 textu
427 2140 639 2208 ejusdem
667 2140 840 2210 capitis
867 2139 942 2192 his
964 2141 1157 2193 verbis:
1191 2143 1376 2194 Sancti
1391 2144 1585 2194 Patres
1612 2144 1676 2193 ab
1697 2147 1817 2210 ipsa
1839 2143 1988 2194 Chri-

179 2229 463 2277 stianitatis
500 2230 702 2294 oriyine
739 2233 845 2278 tum
886 2236 1148 2295 quaerant
1184 2230 1323 2280 illud
1356 2228 1747 2279 IMMOTUM
1774 2232 1828 2279 in
1862 2232 1987 2298 fide,

180 2314 323 2380 quod
348 2313 617 2363 Ecclesiae
634 2314 957 2380 principali,
986 2314 1261 2366 Romanae
1296 2316 1523 2375 scilicet,
1570 2318 1738 2367 inesse
1775 2334 1984 2367 necesse

177 2402 264 2450 sit:
293 2397 463 2466 quibus
488 2398 628 2450 fidem
654 2397 851 2448 omnino
878 2402 1167 2463 immotam,
1205 2409 1255 2451 et
1290 2410 1650 2468 consequenter
1683 2400 1985 2454 indefectibi-

175 2484 270 2536 lem
295 2482 554 2536 Romanae
590 2481 845 2536 Ecclesiae
881 2480 1183 2536 Sanctorum
1222 2483 1434 2538 Patrum
1476 2487 1742 2538 traditione
1781 2488 1840 2538 ab
1875 2486 1984 2557 ipsa

175 2568 567 2622 Christianitatis
594 2569 787 2639 origine
811 2569 1063 2634 tributam,
1091 2580 1141 2623 et
1153 2573 1439 2624 necessario
1452 2572 1762 2625 tribuendam
1775 2574 1978 2625 fatetur.

180 2652 303 2707 Cum
328 2673 476 2723 porro
500 2655 621 2707 haec
646 2655 908 2726 peculiaris
933 2658 1284 2727 praerogativa
1307 2677 1408 2710 non
1434 2659 1530 2711 alio
1550 2660 1750 2712 nomine
1772 2659 1983 2712 aPatri-

179 2741 267 2790 bus
294 2738 552 2791 Romanae
588 2740 699 2792 fidei
741 2740 888 2792 fuerit
939 2742 1207 2805 attributa,
1250 2744 1348 2795 nisi
1383 2745 1578 2797 ratione
1604 2746 1874 2815 primatus,
1902 2747 1985 2815 qui

179 2825 393 2895 ipsorum
424 2824 718 2877 Pontificum
755 2827 1030 2896 personalis
1066 2837 1173 2892 est,
1208 2827 1335 2880 idem
1369 2829 1447 2880 vir
1474 2827 1611 2882 Clar.
1649 2831 1983 2883 necessarium

179 2928 370 2978 quoque
394 2910 659 2975 intellexit,
687 2911 776 2964 hoc
802 2916 1063 2965 immotum
1090 2923 1139 2966 et
1163 2913 1486 2967 indefectibile
1512 2933 1581 2967 ex
1607 2916 1873 2970 traditione
1900 2918 1984 2969 ad-

178 2996 464 3049 mittendum
489 2997 539 3048 in
565 2996 794 3049 Romana
819 2998 936 3063 fide,
975 3017 1075 3051 non
1114 3018 1224 3053 esse
1252 3019 1280 3051 a
1306 3000 1397 3052 fide
1434 3000 1651 3071 ipsorum
1688 3001 1980 3056 Pontificum

178 3081 590 3152 distinguendum,
615 3093 669 3134 ut
694 3083 745 3135 in
773 3093 918 3136 textu
944 3084 1100 3154 quinti
1127 3085 1303 3157 capitis
1331 3088 1418 3138 sub
1458 3088 1601 3141 finem
1638 3090 1979 3159 praecedentis

177 3167 368 3218 numeri
391 3168 602 3222 recitato
641 3187 883 3240 expresse
921 3171 1206 3225 declaravit.
1272 3171 1354 3225 Ne
1388 3183 1552 3226 autem
1587 3174 1678 3227 hoc
1716 3179 1980 3228 immotam

176 3260 226 3303 et
251 3252 578 3307 indefectibile
602 3255 861 3310 Romanae
886 3256 997 3309 fidei
1024 3275 1053 3308 a
1079 3257 1187 3322 fide,
1218 3276 1362 3327 quam
1389 3258 1605 3312 Romani
1631 3262 1828 3314 tradunt
1841 3261 1977 3315 Pon-

173 3337 329 3390 tifices
345 3378 359 3402 ,
405 3338 772 3410 haudquaquam
815 3343 1168 3413 separandum,
1223 3355 1474 3398 assereret
1529 3346 1700 3416 cuique
1743 3345 1977 3402 Pontifici

177 3421 316 3474 fidem
351 3423 547 3477 docenti
572 3445 628 3480 ac
653 3427 924 3492 definienti,
963 3430 1088 3497 quod
1123 3429 1515 3484 infallibilitatem
1553 3433 1768 3486 omnium
1800 3445 1850 3488 et
1876 3436 1978 3487 sin-

175 3508 402 3575 guloriun
443 3510 492 3562 in
527 3522 748 3566 nostram
784 3514 1076 3567 sententiam
1116 3515 1420 3583 adstrueret,
1470 3517 1582 3571 illud
1631 3539 1730 3572 non
1770 3521 1978 3590 siugulis
