2314 3984
717 275 1102 333 ——293
1193 308 1364 318 ——

143 447 248 518 ipso
284 444 417 498 civili
443 445 559 515 jure
594 443 714 496 'nulli
745 444 1047 515 judicantur.
1070 468 1077 480 ¹
1099 442 1227 498 Cum
1263 462 1386 516 ergo
1422 442 1637 496 Romani
1673 440 1946 496 Pontifices

142 531 272 583 nulla
295 530 346 584 vi
370 529 615 583 exteriori
642 541 852 601 cogente
878 533 940 584 ob
968 531 1309 586 vindicandam
1335 529 1609 584 catholicae
1646 527 1757 582 fidei
1781 527 1945 580 unita-

139 628 236 670 tem
281 617 564 687 quibusdam
613 617 1003 670 dissensionibus
1046 616 1316 688 impetitam
1367 616 1563 686 aliquod
1598 615 1775 686 dogma
1812 613 1945 667 circa

139 703 278 756 fidem
305 703 596 756 credendum
621 714 926 775 proponunt,
954 713 1101 773 atque
1127 702 1458 768 constituunt,
1496 702 1578 756 vel
1603 718 1828 754 errorem
1855 698 1945 752 ali-

140 807 280 859 quem
306 788 416 842 fidei
442 789 742 842 contrarium
778 790 840 842 iis
874 787 1095 841 formulis
1129 788 1389 854 damnant,
1428 789 1602 858 quibus
1627 805 1729 839 non
1754 785 1945 857 opinio-

141 895 251 928 nem
277 875 538 947 privatam,
564 876 650 928 sed
675 875 966 928 catholicam
985 873 1258 927 doctrinam
1279 892 1334 927 se
1353 892 1629 946 exponere,
1656 889 1944 926 erroremve

141 962 187 1014 ei
213 961 466 1015 doctrinae
492 960 794 1015 contrarium
817 960 1130 1032 proscribere
1154 959 1225 1012 ita
1251 960 1550 1032 significent,
1574 969 1631 1012 ut
1654 958 1946 1029 quicumque

139 1047 284 1100 aliter
309 1047 554 1111 sentiant,
592 1066 622 1100 a
647 1045 911 1111 catholica,
947 1047 1029 1100 vel
1055 1045 1288 1100 Romana
1324 1047 1416 1100 fide
1442 1047 1643 1111 abesse,
1681 1054 1732 1098 et
1757 1044 1818 1096 ab
1843 1041 1944 1096 Ec-

140 1132 321 1185 clesiae
357 1132 616 1185 Romanae
665 1133 1006 1185 communione
1053 1141 1103 1185 et
1144 1132 1336 1186 unitate
1371 1142 1631 1204 separatos
1676 1130 1945 1194 declarent,

137 1217 447 1271 anathemate
482 1218 779 1288 percellant,
816 1228 901 1270 aut
926 1219 1222 1285 haereseOS,
1257 1220 1340 1274 vel
1374 1219 1484 1271 aliis
1520 1215 1944 1288 aequivalentibus

137 1303 359 1356 censuris
394 1304 788 1375 propositioneS,
835 1323 956 1374 quas
994 1305 1256 1367 damnant,
1305 1304 1530 1370 inurant3
1570 1305 1692 1356 haec
1727 1301 1824 1354 erit
1858 1300 1945 1352 illa

139 1389 335 1461 proprie
360 1389 488 1442 dicta
513 1391 729 1442 definitio
756 1390 890 1454 fidei,
930 1408 1026 1459 qua
1051 1408 1157 1442 cum
1185 1407 1254 1442 ex
1281 1387 1469 1443 Christi
1505 1389 1738 1442 mandato
1765 1387 1944 1440 confir-

140 1475 302 1528 mandi
338 1475 438 1526 sint
471 1477 654 1530 fratres
690 1476 740 1528 in
776 1476 892 1541 fide,
931 1494 999 1528 ex
1033 1476 1247 1547 ejusdem
1274 1473 1466 1530 Christi
1500 1474 1760 1548 promissis
1799 1492 1943 1526 error

139 1562 232 1633 ipsi
255 1562 424 1631 nequit
448 1561 630 1615 inesse.
683 1561 841 1633 Hujus
866 1562 1068 1633 generis
1105 1572 1220 1614 sunt
1255 1563 1420 1615 onmia
1446 1563 1677 1633 exempla
1702 1559 1943 1613 definitio-

139 1665 252 1698 num
288 1647 598 1716 antiquarum
633 1648 907 1701 innocentii
931 1647 970 1700 Ι.
1019 1658 1194 1701 contra
1227 1646 1560 1718 PelagianOS,
1600 1645 1876 1702 Caelestini
1901 1645 1938 1697 Ι.

138 1745 311 1784 contra
344 1731 667 1798 Nestorium,
713 1732 903 1787 Leonis
929 1733 967 1784 1.
1015 1743 1191 1786 contra
1227 1732 1533 1805 Eutychem,
1580 1731 1866 1804 Agathonis
1900 1730 1939 1783 Ι.

137 1828 310 1870 contra
337 1817 689 1872 Monothelitas
715 1829 809 1872 etc.
845 1829 993 1889 atque
1032 1819 1260 1873 similiter
1296 1820 1423 1872 aliae
1456 1819 1765 1875 definitiones
1801 1817 1941 1889 Apo-

136 1904 339 1956 stolicae
365 1904 513 1957 etiam
538 1906 863 1971 recentioreS,
889 1925 1014 1975 quae
1039 1924 1210 1958 omnes
1229 1905 1508 1958 infallibiles
1529 1907 1781 1959 habendae
1807 1914 1941 1969 sunt,

136 2000 185 2043 et
201 1991 313 2060 jure
339 1992 598 2044 habentur.
649 1991 758 2045 Hae
786 2002 948 2045 autem
982 2003 1099 2044 sunt
1122 1993 1234 2045 illae
1259 1992 1597 2057 definitioneS,
1635 2010 1758 2062 quas
1784 1990 1941 2044 editas

137 2077 299 2129 dicunt
324 2098 394 2130 cx
418 2079 689 2130 cathedra.
742 2075 1021 2132 Cathedrae
1046 2079 1177 2132 enim
1202 2077 1464 2132 Romanae
1488 2079 1805 2142 vocabulmn,
1843 2077 1938 2130 etsi

138 2163 281 2216 latius
326 2174 564 2228 sumtum,
612 2182 805 2216 omnem
852 2165 1199 2218 auctoritatem
1231 2164 1575 2236 Apostolicam
1612 2183 1640 2217 e
1675 2164 1940 2217 cathedrae

135 2250 346 2320 primatu
370 2260 647 2302 manantem
674 2251 1042 2322 complectitur3
1070 2251 1298 2323 proprius
1318 2260 1484 2303 tamen
1506 2260 1555 2303 et
1573 2250 1809 2322 primario
1829 2249 1938 2301 fidei

134 2335 406 2387 doctrinam
457 2336 588 2388 circa
637 2337 938 2408 speculativa
988 2348 1070 2390 aut
1118 2337 1338 2409 practica
1385 2337 1617 2407 dogmata
1654 2335 1937 2407 significare

134 2420 431 2473 ostendimus
477 2440 583 2493 cap.
616 2422 699 2475 13.
739 2441 788 2474 n.
816 2423 903 2497 35,
979 2423 1098 2476 Non
1133 2423 1301 2476 omnia
1337 2422 1513 2493 igitur,
1558 2441 1686 2492 quae
1728 2423 1937 2475 eduntur

134 2506 423 2559 auctoritate
471 2507 793 2579 Apostolica,
844 2511 923 2563 vel
969 2511 1116 2563 etiam
1160 2510 1222 2561 iis
1267 2510 1522 2573 formulis,
1584 2527 1713 2578 quae
1763 2528 1790 2561 e
1837 2509 1936 2560 cla-

132 2593 261 2643 vium
308 2603 578 2663 potestate,
626 2595 704 2647 vel
754 2595 991 2665 primatus
1033 2599 1146 2668 jure
1195 2594 1521 2667 proveniunt,
1571 2595 1766 2648 etiamsi
1814 2594 1935 2646 nihil

134 2686 353 2728 statuant
378 2679 692 2743 credendum,
720 2681 798 2732 vel
823 2681 1145 2732 damnandum
1171 2698 1239 2731 cx
1266 2681 1507 2734 catholica
1531 2681 1623 2734 fide
1639 2721 1652 2746 ,
1681 2682 1740 2733 ad
1767 2680 1935 2734 defini—

135 2762 294 2814 tiones
320 2763 426 2815 fidei
455 2783 480 2815 e
506 2765 761 2816 cathedra
787 2765 942 2818 editas
968 2766 1145 2818 referri
1170 2778 1370 2833 queunt.

275 2849 360 2900 ⁶24.
389 2848 505 2901 Scio
532 2850 764 2919 quosdam
791 2851 1123 2915 adversariOS,
1151 2851 1232 2920 qui
1259 2852 1626 2905 observantiam
1647 2870 1786 2904 suam
1813 2870 1934 2921 erga

135 2933 406 2986 Romanam
435 2935 713 2988 cathedram
741 2937 1277 3008 p1·aeferenteS,ipsius
1298 2937 1605 2990 definitiones
1626 2937 1814 2990 erroris
1840 2956 1933 2990 ex-

132 3029 296 3090 pertes
333 3022 571 3085 fatentur,
606 3040 691 3075 eas
729 3032 919 3074 tantmn
946 3041 973 3075 e
1009 3023 1242 3076 cathedra
1276 3024 1433 3076 editas
1472 3034 1521 3077 et
1556 3022 1837 3076 infallibiles
1862 3023 1932 3075 di-

132 3124 271 3169 cere,
309 3125 430 3174 quas
469 3108 642 3160 summi
668 3106 940 3161 Pontifices
968 3109 1116 3162 edunt
1151 3109 1202 3161 in
1229 3110 1419 3163 unitate
1446 3110 1554 3163 fidei
1579 3109 1732 3162 totius
1758 3107 1931 3163 Eccle-

131 3190 235 3241 siae
262 3190 555 3258 catholicae3
591 3211 676 3246 eas
702 3213 823 3247 vero
859 3214 951 3248 nec
987 3215 1014 3248 e
1042 3195 1275 3249 cathedra
1311 3197 1495 3262 editaS,
1534 3215 1625 3250 nec
1649 3196 1929 3249 infallibiles

122 3275 371 3345 judicare,
408 3277 502 3329 nisi
538 3290 792 3349 postquam
818 3281 1100 3334 constiterit
1135 3282 1274 3334 fidem
1303 3285 1515 3354 ejusdcm
1539 3281 1794 3336 Ecclesiae
1819 3301 1928 3337 cum

130 3361 247 3432 ipsis
286 3363 602 3416 concordare.
675 3364 726 3417 Id
762 3385 830 3419 ex
865 3387 923 3420 eo
963 3368 1179 3439 ipsorum
1214 3369 1513 3439 praejudicio
1549 3369 1792 3434 dimanat,
1830 3389 1925 3439 quo

129 3446 221 3516 ipsi
247 3446 342 3498 vim
371 3448 639 3502 coactivam
668 3452 725 3503 ad
751 3452 1019 3518 unitatem,
1048 3464 1095 3506 et
1123 3453 1517 3508 infallibilitatem
1544 3456 1726 3508 exinde
1753 3474 1927 3509 conse-

129 3542 353 3600 quentem
384 3532 752 3590 pontificiarum
780 3539 1112 3592 definitionum
1152 3540 1355 3611 alligant
1383 3542 1650 3595 conditioni
1677 3543 1924 3614 expressi,
