2314 3984
862 183 1523 245 *ωη-

262 363 323 410 ut
346 356 664 414 orthodoxi,
691 349 1518 424 quod-commmionmwejmodi
1541 356 2120 424 omnihus-01·thod0xis·‚

262 442 458 516 ipsique
491 436 829 493 orthodoxiae
858 438 1208 493 neeessariam
1241 438 1523 511 signifieat*
1535 470 1558 497 χ,
1585 443 1645 502 In
1681 444 1782 499 fine
1816 455 1984 499 autem
2019 446 2121 500 5102

265 532 317 585 Is
342 531 576 583 omnium
600 533 845 580 nostrum
867 545 1056 580 semus
1082 534 1187 591 est,
1213 530 1260 581 is
1287 530 1494 584 animus
1519 533 1880 604 sfflyuhrum,
1924 533 2120 586 Roma-

261 637 364 670 nae
389 618 599 671 scilicet
634 618 851 668 matrici
885 617 1147 670 ccclesiae
1185 623 1238 670 et
1261 617 1529 687 oriyinali
1549 635 1658 686 per
1678 622 1972 674 doctrinae
1999 641 2120 674 cou-

261 707 678 775 sanyuinitatem
696 706 867 776 junqi
902 702 1057 775 (haec
1092 702 1336 756 unitatem
1378 703 1492 757 fidei
1516 703 1800 779 indicant),
1836 728 1939 777 per
1965 711 2122 763 disci-

256 796 446 863 pliuae
471 801 732 846 tesseram
757 798 811 844 et
828 793 1029 861 foedus
1055 794 1284 854 sociari,
1310 793 1580 846 vobiscum
1605 797 1897 857 seminare,
1931 801 2122 849 vestris

262 901 472 952 quoque
509 899 630 934 cum
660 880 920 947 messibus
959 887 1176 934 nostros
1213 883 1270 933 in
1299 881 1567 952 Fquscopi
1601 886 1785 952 maqm'
1819 885 2122 937 animarum

263 971 475 1023 horreis
501 970 809 1039 manipulos
835 970 1114 1040 colliyere.

411 1057 499 1111 13.
539 1054 722 1127 Neque
757 1056 923 1110 minus
957 1056 1154 1111 illustre
1204 1066 1284 1110 est
1321 1056 1542 1127 ejusdem
1580 1053 1723 1110 Cleri
1772 1057 2120 1111 documentum

263 1146 383 1199 anni
413 1144 572 1199 1653.
625 1143 780 1198 Edita
818 1145 878 1198 ab
915 1145 1088 1199 eodem
1113 1144 1410 1198 Innocentio
1438 1141 1512 1196 X.
1553 1144 1633 1198 die
1671 1144 1724 1198 9.
1753 1143 1894 1199 Junii
1935 1146 2121 1199 celebri

263 1231 644 1287 Constitutione
691 1233 746 1286 in
785 1250 991 1286 errores
1027 1231 1287 1298 Jansenii‚
1337 1250 1463 1302 quos
1499 1230 1750 1285 Gallicani
1783 1231 2025 1305 Episcopi
2064 1234 2121 1285 od

260 1320 611 1392 Apostolieam
637 1319 804 1372 sedem
834 1319 1140 1384 detulerant,
1166 1319 1261 1372 vix
1287 1319 1339 1370 in
1361 1318 1544 1371 Galliis
1573 1319 1635 1371 ab
1651 1317 1956 1391 Apostolico
1975 1318 2123 1372 Nun-

258 1407 331 1460 tio
360 1406 592 1460 exhibita
617 1405 709 1458 fuit
737 1405 815 1459 die
842 1405 894 1459 3.
923 1403 1072 1471 Julii,
1115 1402 1259 1459 Cleri
1298 1404 1503 1458 comitia
1539 1404 1711 1458 statim
1749 1415 1955 1471 coacta,
1996 1425 2124 1476 quae

260 1494 338 1549 die
369 1495 453 1547 15.
484 1494 706 1567 ejusdem
733 1493 923 1548 mensis
951 1492 1318 1566 gratulatorias
1344 1492 1545 1546 litteras
1571 1492 1632 1546 ad
1660 1492 1912 1546 laudatum
1941 1492 2124 1547 Ponti-

258 1584 400 1637 ficem
427 1583 701 1648 dederunt,
738 1582 816 1636 his
852 1581 1024 1637 verbis
1050 1582 1294 1636 unitatem
1319 1580 1434 1635 fidei
1459 1599 1582 1634 suae
1610 1580 1956 1635 declarantes:
2005 1583 2123 1643 Quo

260 1676 313 1724 in
340 1675 557 1742 rieqotio
593 1673 735 1726 illud
762 1672 1136 1724 observatione
1175 1674 1395 1742 dignum
1424 1671 1652 1732 accidit,
1691 1676 1751 1722 ut
1786 1673 2120 1739 quemadmo-

260 1763 387 1814 dum
423 1763 499 1813 ad
522 1762 924 1829 Episcoporum
951 1755 1180 1828 Africae
1216 1761 1535 1811 relationem
1563 1758 1906 1811 Innocentius
1937 1760 1977 1810 I.
2023 1759 2123 1812 Pc-

260 1852 535 1920 layianam
562 1849 829 1901 haeresim
857 1849 1133 1900 damnavit
1157 1848 1314 1907 olim‚·
1341 1850 1419 1899 sic
1446 1848 1522 1899 acl
1554 1846 1965 1899 Gallicanorum
1995 1849 2122 1917 Epi-

259 1957 522 2008 coporum
547 1937 997 1990 consultationem
1023 1935 1292 1987 haeresim
1319 1954 1391 1987 ex
1419 1937 1648 1987 adverso
1668 1935 2005 2003 Pelayianae
2030 1955 2120 2004 op-

249 2028 491 2095 positam
519 2026 863 2076 Innocentius
893 2023 963 2074 X.
1006 2025 1332 2075 auctoritatc
1371 2042 1470 2074 sua
1489 2025 1905 2092 proscripserit.
1962 2024 2122 2075 Enim

261 2133 385 2166 vero
435 2119 671 2165 vetustae
719 2113 868 2164 illius
917 2114 1111 2164 aetatis
1151 2112 1404 2164 Ecclesia
1455 2111 1761 2170 catholica,
1805 2112 1925 2162 sola
1967 2111 2127 2163 Petri

258 2204 628 2255 communione
666 2207 719 2252 et
754 2201 1079 2252 auctoritate
1114 2199 1288 2266 fulta,
1329 2215 1468 2266 quae
1507 2200 1563 2251 in
1601 2199 1867 2251 decretali
1893 2201 2125 2268 epistola

258 2292 562 2344 Innocentii
586 2290 663 2341 ad
686 2285 987 2356 Africanos
1015 2288 1147 2342 data
1174 2285 1445 2347 elucebat,
1474 2305 1737 2356 quamque
1766 2288 1891 2338 dein
1923 2288 2126 2341 Zosimi

258 2381 435 2433 altera
461 2380 537 2431 ad
561 2379 840 2430 universos
874 2376 1035 2428 Orbis
1063 2375 1370 2442 Episcopos
1410 2375 1640 2442 epistola
1680 2375 2003 2445 subsequuta
2031 2384 2125 2436 est,

263 2467 601 2535 Pelayianae
665 2465 907 2516 haeresis
971 2464 1311 2514 damnationi
1361 2461 1560 2528 absque
1613 2466 1956 2514 cunctatione
2007 2465 2122 2516 sub-

259 2555 497 2622 scripsit.
579 2551 933 2618 Perspectum
979 2550 1119 2600 enim
1158 2546 1390 2598 habebat
1431 2565 1539 2598 non
1589 2549 1761 2600 solum
1800 2568 1871 2601 ex
1920 2550 2126 2603 Christi

259 2641 486 2693 Domini
513 2639 917 2708 pollicitatione
947 2637 1118 2688 Petro
1151 2638 1336 2703 facta,
1375 2637 1473 2686 sed
1510 2638 1669 2687 etiam
1709 2655 1780 2688 ex
1817 2640 1952 2689 actis
1971 2641 2126 2705 prio-

259 2745 380 2780 rum
408 2727 752 2796 Pontificum,
779 2732 831 2777 et
857 2745 929 2778 esc
956 2724 1415 2777 anathematismis
1444 2725 1702 2776 adversus
1717 2721 2124 2792 Apollinarium

261 2823 313 2869 et
325 2815 712 2868 Macedonium
737 2815 976 2866 nondum
1003 2813 1070 2864 ab
1097 2813 1213 2867 ulla
1240 2813 1448 2882 synodo
1471 2815 1814 2865 oecumenica
1838 2813 2123 2865 damnatos

259 2925 293 2956 a
319 2904 563 2956 Damaso
605 2902 778 2971 paulo
828 2907 952 2955 ante
974 2903 1177 2973 jactis,
1200 2901 1423 2974 judicia
1458 2918 1565 2970 pro
1605 2902 1895 2954 sarcienda
1933 2902 2125 2969 reyula

253 2993 387 3061 fidei
413 2988 573 3062 (idest
599 3008 688 3061 pro
715 2986 1015 3043 vindicanda
1040 2985 1154 3039 fidei
1178 2985 1404 3057 unitate)
1446 3007 1480 3039 a
1519 2990 1731 3040 summis
1767 2987 2122 3056 Pontificibus

259 3081 373 3134 lata
400 3098 564 3148 super
593 3079 996 3148 Episcoporum
1020 3075 1446 3135 consultatione,
1484 3077 1593 3127 sive
1621 3091 1772 3128 suam
1797 3077 1852 3127 in
1881 3077 2016 3127 actis
2044 3093 2123 3127 re-

260 3169 479 3222 lationis
519 3168 837 3220 sententiam
866 3170 1108 3233 ponant,
1145 3164 1254 3217 sive
1294 3164 1568 3222 omittant,
1600 3180 1710 3230 pro
1739 3168 1798 3214 ut
1834 3163 1945 3215 illis
1972 3163 2121 3215 colli-

259 3255 435 3307 buerit
473 3256 568 3326 (ιιι
605 3254 700 3309 hac
737 3252 934 3324 quidem
972 3251 1026 3304 in
1072 3267 1227 3306 causa
1266 3247 1587 3321 omiserunt)
1628 3251 1812 3303 divina
1849 3269 2020 3320 aeque
2058 3269 2124 3303 ac

260 3360 463 3397 summa
496 3361 600 3410 per
635 3345 940 3396 universam
980 3339 1284 3395 Ecclesiam
1320 3340 1642 3391 auctoritate
1683 3340 1810 3399 niti,
1849 3341 1939 3391 cui
1971 3337 2122 3390 Chri-

259 3431 425 3485 stiani
448 3448 630 3483 omnes
658 3450 730 3484 ex
757 3433 962 3501 officio,
991 3430 1392 3498 ipsius‘quoque
1416 3429 1602 3478 mentis
1625 3427 1936 3496 obsequium
1962 3422 2121 3496 (idest

260 3515 507 3572 unitatem
535 3515 677 3584 fidei)
699 3525 991 3586 praestare
1018 3523 1282 3571 tenentur.
1325 3511 1393 3567 Et
1417 3514 1602 3567 addunt
1622 3532 1677 3568 se
1699 3513 1751 3567 in
1773 3512 1947 3568 eodem
1971 3530 2123 3566 sensu
