2314 3984
964 209 1138 219 —--—
1199 177 1358 238 &8¹34
1450 210 1624 218 -—

368 347 753 417 laperpetuitd
776 353 829 398 et
851 346 1346 413 mutilatum&
1363 351 1693 416 Manent
1752 348 1844 401 La
1867 351 2083 419 pierre,
2125 365 2218 400 sur

368 437 424 489 la
449 435 625 505 quelle
648 451 716 485 en
741 433 918 485 reem
942 434 1200 504 l'c‘difice,
1225 434 1753 505 c’estzlnmere.
1784 438 1861 489 les
1886 441 2072 490 autres
2097 439 2219 504 s’af·

361 523 674 592 fermissent
705 538 799 572 sur
837 522 955 575 elle.
1037 521 1125 574 On
1165 529 1304 591 pwt
1328 523 1456 575 bien
1476 535 1706 576 'remum-
1738 525 1816 577 les
1856 531 2038 578 autres
2069 527 2221 594 pier·-

303 613 306 615 ’
365 626 454 662 res
479 627 607 662 sans
630 610 819 661 rainer
847 610 1103 680 l’ddifice3
1129 613 1264 664 mais
1291 613 1386 681 qui
1409 611 1525 663 leve
1551 611 1608 663 la
1622 613 2064 680 fondamentale,
2104 631 2221 666 ren-

368 715 521 750 verse
573 699 630 750 la
673 698 893 750 maison.
975 698 1041 749 Si
1075 699 1322 769 donoque
1367 700 1445 751 les
1485 706 1674 768 portes
1705 702 1931 770 -d'enfer
1979 720 2046 754 ne
2087 719 2224 772 peu-

370 791 494 840 vent
530 788 649 838 rien
689 792 878 839 contre
918 767 1176 856 ΓΕῃίἰε-ε,
1217 788 1348 840 elles
1382 805 1450 840 ne
1480 795 1720 856 peuvent
1751 790 1872 842 rien
1911 796 2098 841 contre
2123 807 2225 841 son

366 876 707 943 fundament,
745 880 799 927 et
836 874 1003 944 Cleef,
1042 875 1224 945 lequel
1247 877 1376 928 elles
1413 894 1480 927 ne
1519 876 1799 929 sauroient
1833 879 1978 929 lever
2016 883 2068 928 et
2103 893 2226 927 ren-

370 982 581 1025 verser,
620 964 840 1034 qu’elles
881 982 948 1016 ne
983 968 1204 1016 mettent
1245 983 1371 1018 sans
1410 966 1596 1018 des-sus
1631 967 1853 1018 dessous
1887 971 2007 1017 tout
2046 965 2096 1016 le
2140 964 2227 1015 ba·

373 1055 597 1105 stiment.
657 1048 820 1104 Idest:
858 1052 965 1104 His
989 1051 1164 1103 verbis
1200 1053 1448 1105 dominus
1474 1060 1656 1106 noster
1696 1054 1853 1126 liujus
1888 1053 2230 1121 fundamenti

367 1142 784 1210 perpetuitatem
825 1146 878 1191 et
913 1139 1333 1193 immobilitatem
1358 1144 1610 1194 ostendit.
1642 1142 1837 1202 Petra,
1863 1158 2032 1210 supra
2068 1158 2228 1208 quam

372 1235 736 1281 constructum
761 1235 840 1280 est
862 1229 1187 1297 aedificium,
1205 1231 1484 1297 primaria
1504 1238 1606 1283 est:
1633 1236 1846 1283 ceterae
1866 1247 2037 1297 supra
2055 1231 2228 1296 ipsam

374 1318 684 1368 consistunt.
722 1315 878 1366 Fieri
902 1316 1118 1383 quidem
1135 1320 1345 1382 potest,
1370 1324 1429 1367 ut
1454 1319 1857 1378 dimoveantur,
1893 1325 1943 1368 et
1967 1323 2231 1368 corruant

375 1405 475 1456 alii
500 1403 711 1471 lapides
738 1403 939 1471 absque
966 1402 1204 1471 aedificii
1227 1404 1419 1454 ruina.-
1457 1410 1516 1455 at
1554 1407 1649 1473 qui
1677 1406 2090 1472 fundamentum
2115 1403 2229 1455 sub-

376 1497 573 1552 movet,
599 1492 906 1561 aedisicium
931 1490 1200 1542 subvertit.
1259 1490 1323 1541 Si
1361 1509 1490 1560 erqo
1530 1499 1730 1561 portae
1755 1494 1925 1561 inferi
1947 1491 2090 1543 nihil
2105 1509 2230 1559 pos-

376 1588 500 1633 sunt
523 1586 714 1632 contra
743 1579 1071 1638 Ecclesiam,
1109 1577 1251 1629 nihil
1281 1586 1512 1646 possunt
1546 1588 1738 1633 contra
1779 1586 1891 1653 ejus
1912 1581 2231 1649 fundamen-

376 1677 484 1722 tum
511 1676 564 1721 et
592 1667 800 1736 Caput,
827 1668 974 1736 quod
998 1667 1150 1734 ipsae
1175 1684 1284 1716 non
1305 1675 1532 1734 possent
1556 1669 1862 1720 submovere
1901 1676 1954 1721 et
1978 1675 2232 1727 evertere,

379 1759 508 1827 quin
534 1763 703 1809 totum
728 1754 1097 1807 subverterent
1121 1755 1439 1823 aedificium..

1238 1901 1286 1970 ς.
1313 1900 1399 1953 111.

381 1995 445 2036 De
477 1995 618 2035 altera
653 1992 815 2035 Christi
847 1992 1134 2043 promissione
1166 1991 1294 2033 Petro
1319 1993 1470 2043 facta,
1506 1995 1636 2034 Oravi
1669 2007 1744 2046 pro
1778 1999 1844 2042 te,
1878 1999 1923 2034 ut
1952 2005 2035 2034 non
2068 1992 2234 2033 deficiat

379 2055 482 2096 fides
513 2058 588 2095 tua
620 2057 702 2094 etc.
737 2053 842 2105 quid
881 2051 1029 2092 Patres
1075 2051 1360 2100 tradiderint,
1395 2053 1510 2093 unde
1542 2053 1810 2096 adstruenda
1842 2059 1904 2096 est
1939 2054 2234 2095 Romanorum

1026 2109 1285 2162 Pontificum
1328 2114 1592 2155 inerrantia.

525 2187 579 2242 S.
633 2186 870 2238 Alterum
908 2183 1209 2256 promissum
1250 2182 1444 2240 Christi
1481 2186 1749 2240 exhibetur
1785 2186 1886 2240 illis
1914 2189 2021 2259 ejus
2046 2184 2236 2250 verbis,

381 2275 559 2347 quibus
584 2284 852 2348 postquam
877 2272 938 2325 de
964 2273 1216 2326 communi
1243 2275 1464 2328 omnium
1499 2274 1854 2347 discipulorlun
1877 2273 2161 2328 tentatione
2188 2283 2238 2326 et

382 2364 605 2437 periculo
631 2361 824 2416 monuit
851 2358 1011 2433 (Luc.
1041 2362 1130 2414 25.
1158 2381 1209 2416 v.
1242 2361 1394 2435 32),
1422 2366 1566 2418 Ecce
1591 2372 1811 2417 satanas
1840 2366 2102 2434 expetivit
2125 2382 2236 2427 vos,

383 2461 445 2506 ut
466 2454 739 2506 cribraret
763 2454 901 2503 sicut
926 2453 1179 2511 triticum,
1204 2451 1477 2504 remedium
1503 2451 1713 2522 subjecit
1738 2470 1808 2504 ex
1835 2452 1928 2504 fide
1954 2450 2120 2514 Petri,
2145 2468 2236 2521 pro

385 2558 482 2609 qua
509 2558 565 2592 se
588 2555 771 2591 orasse
797 2536 897 2601 ait,
925 2554 990 2589 ne
1015 2536 1279 2602 deficeret,
1307 2547 1361 2589 ut
1387 2537 1480 2590 fide
1507 2555 1599 2590 sua
1626 2538 1754 2591 alios
1783 2538 2105 2602 confirmanS,
2131 2557 2239 2590 om-

384 2646 477 2682 nes
503 2625 690 2680 diaboli
714 2623 1002 2678 molitiones
1039 2622 1217 2678 irritae
1252 2624 1459 2678 fierent:
1500 2627 1619 2696 Eyo
1659 2635 1836 2680 autem
1862 2630 2017 2679 oravi
2033 2645 2142 2695 pro
2170 2633 2238 2687 te,

386 2724 447 2770 ut
468 2734 577 2768 non
604 2716 823 2783 deficiat
843 2715 979 2783 fides
1006 2719 1128 2773 tua,
1157 2719 1209 2764 et
1232 2720 1289 2767 tu
1316 2715 1614 2783 aliquando
1655 2733 1942 2769 conversus
1979 2718 2239 2785 confirma

382 2809 594 2874 fratres
620 2810 757 2857 tuos.
811 2798 893 2854 De
929 2799 1024 2853 hoc
1059 2809 1210 2853 textu
1246 2799 1300 2853 in
1338 2801 1439 2855 vim
1474 2803 1731 2874 cogendae
1769 2810 1821 2856 et
1859 2802 2239 2858 conservandae

388 2891 598 2945 unitatis
643 2888 863 2943 omnium
908 2883 1103 2941 Christi
1144 2888 1358 2941 fidelium
1418 2906 1520 2942 non
1571 2893 1730 2944 solum
1783 2910 1892 2946 cum
1937 2892 2030 2944 fide
2077 2889 2239 2953 Petri,

392 2999 567 3036 verum
592 2977 744 3032 etiam
771 2995 882 3030 cum
908 2975 1002 3028 fide
1028 2991 1380 3030 successorum
1406 2980 1515 3049 ejus
1535 3017 1548 3043 ,
1589 2978 1702 3032 vide
1740 2996 1867 3047 quae
1911 2978 2240 3032 disseruimus

391 3087 501 3142 cap.
542 3067 630 3120 12.
670 3066 717 3135 ἕ.
762 3065 812 3117 ⁶2.
866 3062 1019 3116 Nunc
1077 3063 1140 3115 ad
1187 3063 1592 3118 infallibilitatem
1632 3074 1684 3118 et
1727 3064 2060 3118 inerrantium
2111 3067 2238 3135 quod

393 3157 576 3211 attinet
597 3195 611 3221 ‚
657 3163 712 3206 ut
761 3151 946 3223 aliquid
985 3151 1173 3217 dicam,
1221 3160 1412 3205 certum
1447 3161 1555 3217 est,
1607 3151 1736 3206 hunc
1772 3162 1973 3206 textum
2001 3191 2015 3218 ‚
2068 3152 2151 3223 qui
2185 3152 2238 3205 in

395 3242 834 3299 conservationem
859 3238 1070 3292 unitatis
1104 3238 1218 3297 fidei
1249 3238 1482 3294 idoneum
1519 3241 1791 3295 remedium
1822 3241 2121 3314 praescribit
2153 3259 2239 3294 eo-

396 3352 505 3385 rum
530 3332 910 3395 scandalorum,
939 3347 1067 3405 quae
1092 3328 1156 3381 ad
1179 3326 1550 3382 discindendum
1586 3348 1696 3382 eam
1734 3329 1978 3383 unitatem
2016 3327 2240 3381 diabolus

390 3419 714 3475 ,excitaturus
740 3426 879 3472 esset
903 3417 952 3470 in
989 3415 1250 3481 Ecclesia,
1287 3434 1389 3469 non
1423 3417 1588 3470 minus
1630 3418 1691 3470 ad
1729 3416 1942 3471 Petrum
1969 3433 2082 3470 esse
2109 3417 2240 3470 refe-

389 3508 636 3573 rrendum,
662 3524 810 3577 quam
837 3507 898 3584 ad
925 3519 1246 3563 successores
1271 3506 1394 3574 ejus,
1423 3505 1599 3574 quibus
1625 3523 1748 3559 sane
1774 3505 1826 3562 vi
1852 3506 1996 3576 hujus
2023 3505 2244 3559 mandati
