2320 3990
1233 232 1384 269 xvlu

382 384 663 440 sectionum
709 382 910 448 titulos,
963 392 1018 435 et
1053 382 1282 437 universi
1332 385 1635 454 systematis
1674 385 2048 450 substantiam,
2094 386 2234 457 prin-

384 486 724 559 cipiorumque
761 484 945 539 seriem
964 523 978 551 ‚
1016 504 1307 557 nexumque
1346 485 1818 540 omnim-vfaoilius
1837 506 2162 559 praenosces.

527 588 581 641 6.
621 586 767 642 Haud
787 588 977 655 dubito,
1002 589 1122 660 quin
1142 589 1266 643 baec
1285 587 1587 642 Pontificiae
1612 587 1987 643 infallibilitatis
2013 591 2238 644 defensio

382 700 495 764 post
533 691 668 745 edita
700 692 972 764 postremis
1011 693 1149 746 hisce
1182 691 1494 764 temporibus
1533 710 1564 744 a
1589 693 2046 763 praestantissimis
2074 692 2240 746 erudi-⁴

379 793 690 864 tissimisque
728 793 1038 848 adversariis
1070 796 1226 848 multo
1266 813 1368 848 non
1407 794 1574 847 minus
1609 794 1846 866 ingemo,
1895 813 2043 864 quam
2075 796 2240 848 studio

342 928 345 929 ν
382 898 671 959 lucubrata,
697 907 749 950 et
773 916 959 970 magno
981 898 1134 952 etiam
1161 917 1270 953 cum
1296 899 1475 971 plausu
1501 917 1531 951 a
1557 897 1725 950 multis
1752 907 2013 969 suscepta,
2040 915 2240 961 recusa,

384 1009 436 1054 et
461 999 644 1070 ubique
670 999 1000 1054 disseminata
1024 1002 1310 1067 volumina,
1340 1020 1516 1074 parum
1545 1019 1704 1071 aequo
1733 1000 1900 1053 animo
1917 1041 1930 1066 ‚
1959 1018 2048 1054 seu
2074 1001 2242 1072 potius

385 1120 567 1158 averso
619 1103 919 1176 excipienda
965 1104 1032 1157 sit
1076 1123 1106 1157 a
1145 1103 1429 1169 nonnulliS‚
1483 1103 1620 1169 risu,
1673 1113 1760 1156 aut
1798 1102 2242 1156 commiseratione

383 1204 585 1277 dignum
629 1206 1045 1260 existimantibus
1091 1207 1258 1261 nisum
1301 1207 1354 1261 in
1400 1225 1584 1273 causa,
1638 1225 1768 1278 quae
1812 1205 2123 1271 doctiorum,
2169 1202 2245 1257 uti

383 1316 592 1379 putant,
630 1309 880 1363 communi
916 1311 1024 1364 fere
1063 1329 1219 1363 sensu
1253 1310 1327 1363 ita
1367 1320 1447 1363 est
1473 1330 1502 1363 a
1530 1309 1872 1364 celeberrimis
1899 1307 2244 1381 Scriptoribus

384 1410 781 1465 luculentissime
808 1413 1027 1483 rejecta,
1065 1421 1120 1463 ut
1136 1414 1245 1483 jam
1270 1413 1540 1483 desperata
1559 1412 1832 1482 judicetur.
1894 1410 1949 1462 Id
1974 1411 2093 1463 mihi
2122 1429 2246 1481 quo-

384 1531 479 1583 que
523 1531 756 1584 magnam
801 1513 904 1567 vim
947 1514 1065 1566 olim
1110 1514 1280 1566 intulit
1325 1513 1495 1566 audito
1548 1513 1758 1583 quodem
1802 1512 2144 1566 eruditissimo
2196 1523 2247 1565 et

384 1615 796 1685 eloquentissimo
839 1615 982 1680 vir0,
1035 1616 1120 1686 qui
1163 1616 1217 1669 in
1270 1615 1682 1670 adversariorum
1734 1615 1970 1686 operibus
2022 1614 2245 1686 apprime

384 1727 649 1782 versatus,
688 1718 911 1789 ipsorum
938 1717 1245 1771 sententiam
1271 1718 1494 1790 pluribus
1520 1702 1899 1789 propugnabat,
1940 1727 1990 1770 et
2017 1715 2246 1789 Scripto-

385 1839 470 1874 res
505 1830 716 1874 nostrae
751 1819 1036 1874 sententiae
1075 1820 1300 1874 vindices
1326 1820 1402 1873 ita
1426 1820 1627 1875 naviter
1653 1820 1940 1890 diserteque
1968 1821 2245 1885 refellebat,

385 1932 440 1976 ut
478 1941 668 1994 aequae
706 1923 987 1977 defensioni
1024 1924 1164 1977 locus
1201 1923 1412 1996 amplius
1452 1942 1554 1977 non
1594 1941 1710 1976 esse
1734 1922 2010 1977 videretur.
2064 1922 2121 1974 ln
2149 1942 2245 1992 quo

387 2026 594 2099 ancipiti
631 2026 745 2078 dum
783 2044 971 2098 magna
1004 2044 1114 2080 cum
1142 2026 1296 2079 animi
1321 2026 1705 2099 perturbatione
1731 2045 2002 2091 versarer,
2043 2035 2247 2079 sancto-

384 2147 505 2189 rum.
538 2128 858 2201 potissimum
900 2138 950 2181 et
995 2127 1399 2182 doctissimorum
1443 2139 1733 2200 postremae
1777 2129 1960 2182 aetatis
2004 2129 2248 2193 virorum,

385 2230 469 2299 qui
493 2249 585 2302 pro
612 2230 906 2301 plenissima
932 2240 984 2283 et
1010 2248 1247 2302 suprema
1266 2228 1619 2283 Romanorum
1647 2228 1952 2283 Pontificum
1977 2240 2249 2303 potestate,

384 2333 687 2404 praesertim
722 2333 775 2385 in
802 2332 1177 2387 definitionibus
1203 2332 1342 2398 fidei,
1381 2332 1664 2385 certissime
1691 2342 1947 2385 steterunt
1973 2333 2248 2385 auctoritas

386 2453 467 2488 me
506 2435 754 2488 continuit
790 2436 1090 2505 erexitque,
1135 2444 1299 2487 ratum
1336 2434 1447 2487 fieri
1484 2453 1587 2487 non
1622 2451 1800 2506 posse,
1846 2444 1901 2486 ut
1928 2435 2105 2487 horum
2133 2453 2249 2488 sen-

387 2537 577 2602 tentia,
605 2556 734 2606 quae
759 2547 893 2592 teste
920 2536 1133 2592 Claudio
1160 2535 1203 2589 F
1208 2538 1359 2609 leury
1386 2535 1664 2608 (Discours
1691 2537 1743 2590 9.
1772 2537 1825 2589 in
1850 2536 1986 2590 Hist.
2015 2535 2248 2609 Eccles.)

391 2639 518 2711 apud
561 2639 698 2712 ipsos
736 2639 1032 2712 Theologos
1071 2639 1257 2694 Gallos
1284 2659 1386 2692 non
1419 2641 1642 2693 desierat
1678 2659 1792 2694 esse
1830 2641 1937 2693 fere
1974 2640 2249 2694 communis

392 2740 543 2795 etiam
578 2752 694 2814 post
730 2743 934 2798 comitia
973 2744 1095 2798 anni
1135 2743 1294 2798 1682.
1334 2744 1401 2797 sit
1436 2743 1637 2816 penitus
1675 2743 1872 2810 inaniS‚
1926 2744 2008 2798 vel
2044 2743 2248 2796 omnino

391 2843 589 2896 infirma
605 2883 618 2908 ‚
660 2853 711 2896 et
747 2862 850 2899 non
876 2847 1043 2918 potius
1070 2845 1388 2900 solidissimis
1414 2845 1711 2919 Scripturae
1738 2865 1796 2900 ac
1821 2845 2114 2899 traditionis
2139 2847 2251 2897 fun·

394 2945 643 2999 (lamentis
677 2945 877 3001 innixa.
930 2948 1073 3003 Haec
1106 2949 1374 3020 praecipue
1416 2949 1658 3018 cogitatio
1693 2967 1774 3001 me
1800 2949 1976 3000 deinde
2003 2947 2252 3000 excitavit

397 3048 459 3100 ad
493 3046 850 3119 investiganda
885 3061 937 3104 et
974 3051 1284 3105 conferenda
1319 3050 1583 3120 utriusque
1611 3049 1897 3104 sententiae
1923 3050 2250 3115 documentag

399 3159 450 3203 et
476 3147 588 3204 Deo
615 3147 777 3204 Patre
811 3151 1051 3206 luminum
1081 3154 1349 3225 adjuvante
1375 3172 1455 3206 me
1482 3152 1744 3207 detexisse
1771 3153 1920 3206 credo
1949 3162 2091 3206 certa
2115 3152 2254 3223 prin-

399 3252 553 3324 cipia,
581 3271 709 3322 quae
736 3253 797 3306 ab
826 3255 1134 3310 adversariis
1161 3271 1360 3327 quoqne
1385 3273 1657 3321 concessa,
1699 3255 1761 3308 ad
1785 3253 2044 3309 Pontificii
2069 3254 2254 3327 prima·

400 3364 512 3419 ωε,
551 3374 697 3425 quem
730 3355 803 3408 illi
837 3358 1030 3428 pariter
1055 3368 1364 3430 agnoscunt,
1403 3358 1653 3412 rationem
1676 3368 1730 3412 et
1753 3358 1855 3413 vim
1883 3356 2254 3430 explicandam,

403 3474 461 3510 ac
496 3466 659 3510 totum
695 3468 925 3529 systema
960 3461 1276 3514 formandum
1313 3470 1464 3531 atque
1501 3461 1933 3526 constituendum,
1973 3461 2032 3513 ad
2060 3460 2257 3513 illorum
