2314 3984
955 173 1619 236 *m—

350 329 570 395 Pnciani
593 347 711 391 locus
732 345 797 389 de
827 346 995 390 unitate*
1020 346 1246 391 Ecclesiae
1272 348 1325 390 ὶι
1341 347 1706 396 mmmmm.
1741 349 1866 392 122..
1890 374 1895 385 ·
1924 373 1942 381 --

351 410 608 455 Parkiensis
637 407 819 450 facultas
849 406 1049 460 allegata.
1078 409 1157 450 20.
1201 438 1222 443 ».
1320 431 1322 434 -
1378 414 1399 422 “·
1434 419 1437 428 ²
1583 419 1607 455 t,

347 474 398 517 S.
431 471 586 513 Paulus
617 469 718 510 licet
749 468 943 521 aequalis
970 469 1019 512 S.
1050 469 1170 511 Petri
1202 469 1248 512 in
1278 469 1659 523 Apostolum-enen
1687 475 1831 515 tamen
1861 471 1905 511 in
1938 470 1981 511 vi
2011 474 2057 513 et
2084 469 2211 524 juris-

412 532 599 573 dictione
637 530 810 582 propria
839 529 1068 583 primatus,
1113 529 1168 572 ob
1201 542 1324 584 quam
1354 530 1416 570 illi
1446 530 1759 577 *subordinatus
1784 532 1879 573 fuit.
1913 530 1986 573 14.
2047 532 2210 588 Propo-

412 591 510 632 sitio
544 589 597 630 de
627 590 791 642 bicipiti
821 590 1046 631 Ecclesiae
1077 594 1205 644 caput
1235 591 1367 632 Petro
1401 593 1446 632 et
1465 592 1755 636 Paulo-unum
1786 596 1918 646 caput
1950 593 2210 635 constituen-

409 652 524 693 tibus
557 651 766 694 damnata.
798 651 874 692 ibi.
922 651 969 692 S.
998 651 1154 693 Paulus
1184 652 1519 705 Hierosolymam
1548 653 1755 694 ascendit.
1773 653 1922 694 uidere
1954 653 2125 694 Petrum
2154 653 2208 693 ob

412 711 714 753 ostendendam
757 713 961 752 unitatem
1002 711 1117 752 fidei.
1149 713 1224 754 84.
1286 714 1471 754 Primum
1512 713 1743 765 exemplum
1774 714 2027 756 relationum
2057 713 2114 754 ad
2145 726 2210 753 se-

411 773 506 814 dem
540 773 824 825 apostolicam
857 785 909 814 ex
937 772 1020 814 hoc
1049 773 1171 814 Pauli
1200 775 1315 816 facto
1349 773 1528 815 deduxit
1559 773 1871 817 Theodoretus.
1905 774 2009 814 155.

348 834 605 877 Pearsonius
635 834 817 875 Ioannes
847 833 1059 876 laudatus.
1089 833 1134 876 4.
2107 863 2112 866 -

350 895 505 937 Petrae
537 894 702 936 nomine
733 894 847 948 apud
863 894 1122 936 Matthaeum
1151 907 1244 948 cap.
1263 895 1335 937 16.
1369 906 1483 935 vers.
1502 895 1576 935 18.
1608 893 1851 946 significata
1870 895 1915 935 S.
1940 893 2055 934 Petri
2087 892 2208 935 fides.

408 958 482 999 70.
545 956 622 997 Illa
663 956 829 996 scilicet
869 955 977 996 fides
1019 969 1142 1009 quam
1182 956 1338 997 Petrus
1378 955 1665 1008 praedicando
1710 955 1855 1007 posuit
1896 954 2209 995 fundamentum

407 1017 643 1059 Ecclesiae.
675 1017 750 1059 78.
784 1020 828 1057 et
859 1029 978 1070 seqq.
1040 1018 1159 1058 Aliae
1189 1017 1561 1069 interpretationes
1594 1016 1860 1057 conciliatae.
1891 1016 1963 1057 79.

350 1078 397 1118 S.
430 1079 549 1119 Petri
590 1078 675 1118 iter
714 1078 915 1126 Romam,
960 1082 1003 1118 et
1045 1078 1333 1131 Episcopatus
1380 1079 1471 1129 ejus
1511 1078 1726 1118 Romanus
1766 1076 1933 1117 omnino
1975 1078 2131 1115 certus.
2163 1076 2207 1114 2.

410 1141 494 1180 Cur
522 1139 725 1192 primatus
757 1139 884 1179 Petro
917 1140 1082 1191 potius,
1128 1151 1250 1191 quam
1292 1138 1366 1178 alii
1407 1151 1458 1178 ex
1491 1138 1704 1190 Apostolis
1744 1150 1771 1178 a
1803 1137 1970 1178 Christo
2011 1136 2208 1176 tributus.

406 1201 486 1243 32.
548 1200 777 1240 Primatum
818 1199 967 1240 babuit
1006 1212 1088 1240 non
1133 1200 1239 1240 meri
1281 1199 1466 1247 ordinis,
1509 1203 1553 1239 et
1597 1199 1797 1246 honoris,
1844 1197 1920 1238 sed
1960 1198 2209 1248 praecipuae

402 1260 730 1312 jurisdictionis,
762 1261 808 1300 7.
870 1261 973 1300 Cum
1009 1261 1165 1300 dicitur
1199 1260 1386 1311 gessisse
1416 1259 1590 1310 figuram
1623 1259 1867 1306 Ecclesiae,
1909 1257 1976 1296 vel
2019 1258 2206 1303 unitatis,

408 1333 493 1362 non
525 1332 682 1360 merum
715 1318 899 1359 officium
930 1321 1097 1371 accepit
1129 1319 1514 1370 repraesentandae
1545 1320 1780 1367 Ecclesiae,
1810 1317 1879 1358 vel
1910 1317 2098 1363 unitatis,
2132 1318 2207 1357 sed

407 1381 624 1434 praeditus
656 1380 738 1420 suit
762 1380 1085 1433 jurisdictione,
1129 1392 1203 1419 seu
1236 1379 1279 1418 vi
1323 1379 1502 1429 cogendi
1541 1391 1683 1419 omnes
1715 1378 1936 1419 Ecclesiae
1975 1376 2122 1416 fideles
2155 1377 2209 1416 ad

406 1444 626 1482 unitatem.
659 1441 732 1483 44.
807 1443 1021 1486 Quaenam
1060 1441 1189 1480 suerit
1228 1439 1335 1479 haec
1373 1439 1641 1491 jurisdictio,
1692 1452 1765 1480 seu
1813 1439 1878 1478 vis
1921 1438 2115 1477 coactiva
2155 1438 2208 1477 ad

404 1503 611 1542 unitatem
641 1503 814 1554 propria
845 1503 1057 1554 primatus.
1092 1502 1139 1543 V.
1177 1500 1413 1541 Primatus.

347 1564 390 1607 S.
423 1564 576 1605 Petrus
605 1564 648 1602 in
681 1564 769 1603 suis
801 1563 1146 1612 successoribus,
1181 1574 1273 1602 cum
1317 1561 1471 1612 dogma
1513 1560 1684 1612 aliquod
1727 1559 1933 1599 definiunt
1965 1560 2007 1598 in
2041 1563 2207 1599 contro-

405 1624 558 1664 versiis
590 1623 714 1671 fidei,
759 1624 992 1664 traditione
1034 1626 1218 1663 testante
1261 1623 1462 1675 loquitur.
1497 1623 1598 1664 197.
1635 1625 1676 1661 et
1707 1634 1822 1673 seqq.
1868 1632 2117 1672 semperque
2149 1622 2205 1660 lo-

405 1690 558 1737 quetur
588 1686 794 1725 Bossueto
828 1685 1001 1726 fatente.
1034 1685 1140 1724 239.

344 1748 391 1787 S.
411 1747 529 1787 Petri
553 1747 695 1798 lapsus
719 1758 838 1797 quam
860 1758 1081 1798 perperam
1103 1745 1322 1796 ingeratur
1342 1743 1384 1782 in
1409 1744 1658 1795 quaestione
1685 1743 1737 1782 de
1763 1741 2081 1783 infallibilitate.
2102 1741 2205 1782 298.

345 1808 390 1847 S.
411 1807 528 1848 Petri
561 1807 814 1858 Chrysologi
846 1807 1130 1847 testimonium
1163 1807 1214 1845 de
1247 1804 1490 1845 obedientia.
1522 1804 1771 1855 dogmaticis
1791 1803 2075 1843 Romanorum
2099 1803 2206 1841 Pon-

404 1869 560 1908 tificum
593 1867 907 1907 definitionibus
941 1868 1097 1908 debita.
1133 1867 1234 1907 197.
1301 1867 1516 1917 Sumptum
1551 1878 1600 1904 ex
1635 1864 1814 1916 epistola
1856 1866 1957 1902 ante
2000 1861 2207 1901 definitio-

406 1942 497 1969 nem
531 1930 575 1968 ὃ.
608 1929 765 1969 Leonis
796 1929 970 1980 scripta.
1001 1929 1074 1967 ibi.

347 1991 574 2041 Pelagiana
607 2002 734 2030 causa
766 1989 885 2029 finita
915 1989 1187 2041 Apostolicae
1220 1986 1332 2027 sedis
1362 1985 1537 2037 judicio.
1573 1985 1674 2026 162.

342 2052 540 2102 Pelagius
573 2054 615 2090 et
640 2050 879 2090 Caelestius
913 2053 1111 2102 quantum
1141 2051 1241 2088 ante
1273 2046 1663 2086 condemnationem
1697 2042 1926 2084 detulerint
1957 2042 2206 2083 auctoritati

402 2111 682 2163 Apostolicae.
720 2111 820 2152 176.

342 2173 540 2224 Pelagius
577 2173 604 2211 l.
639 2173 753 2224 Papa
797 2184 870 2211 cur
913 2183 1028 2210 suam
1061 2169 1183 2209 fidem
1228 2169 1541 2215 vindicaturus,
1586 2178 1669 2206 non
1702 2165 1906 2216 allegaiit
1939 2163 2206 2216 privilegium

402 2233 730 2274 infallibilitatis.
763 2233 867 2272 325.

342 2295 619 2346 Praeceptum
643 2294 910 2334 Pontificium
943 2293 986 2332 in
1018 2292 1197 2331 materia
1229 2291 1433 2343 practica,
1468 2288 1580 2340 quod
1613 2287 1691 2326 etsi
1712 2288 1903 2338 junctum
1923 2297 2014 2325 cum
2042 2297 2204 2324 excom-

403 2356 701 2395 municationis
743 2355 887 2401 minis,
939 2366 1019 2393 non
1066 2357 1203 2392 tamen
1246 2352 1325 2390 suit
1366 2351 1536 2403 proprie
1581 2348 1694 2387 dicta
1727 2347 1918 2387 definitio
1951 2346 2064 2388 fidei.
2104 2346 2202 2386 167.

403 2417 504 2459 172.
537 2418 580 2456 in
613 2420 728 2458 nota.
793 2417 1031 2466 Praecepta
1073 2413 1347 2466 particularia
1385 2409 1687 2462 distinguenda
1730 2423 1757 2448 a
1800 2407 2049 2448 definitione
2091 2405 2204 2447 fidei.

402 2481 445 2517 et
478 2490 565 2520 cur.
602 2478 701 2519 199.
734 2477 777 2515 in
811 2479 924 2519 nota.
2076 2483 2078 2486 ’

340 2538 550 2578 Primatus
581 2537 683 2577 meri
717 2537 879 2575 ordinis
911 2535 1162 2586 explicatur.
1194 2536 1237 2574 7.
1266 2556 1268 2558 -
1301 2533 1423 2571 Hunc
1455 2529 1657 2570 Romanis
1688 2527 1967 2568 Pontificibus
2010 2538 2092 2565 non
2127 2525 2204 2563 dif-

401 2598 514 2638 ficile
547 2596 829 2637 concederent
859 2595 1092 2641 haeretici,
1135 2597 1263 2644 atque
1294 2591 1568 2632 schismatici.
1601 2590 1645 2630 8.
1708 2588 1796 2628 Illis
1830 2588 2051 2639 primatum
2085 2599 2195 2637 prae-

401 2657 871 2711 cipuaejurisdictionis
888 2659 1081 2694 asserunt
1099 2653 1324 2693 Catholici.
1342 2653 1383 2692 9.
1406 2655 1448 2690 et
1464 2663 1581 2701 seqq.
1613 2650 1694 2688 Hic
1716 2648 2027 2699 jurisdictionis
2054 2647 2205 2698 prima-

400 2724 468 2759 tus
486 2722 644 2760 Sancto
663 2719 792 2758 Petro
812 2717 988 2756 collatus
1007 2716 1058 2755 ob
1082 2714 1304 2755 Ecclesiae
1322 2714 1488 2759 bonum,
1516 2722 1597 2749 non
1625 2709 1768 2748 debuit
1786 2721 1877 2748 cum
1894 2709 1986 2760 ipso
2006 2707 2201 2747 deficere.

398 2781 504 2820 239.
539 2779 645 2819 240.
687 2779 800 2818 Idem
819 2778 1022 2830 primatus
1050 2776 1120 2815 uni
1141 2777 1301 2814 tantum
1321 2775 1447 2813 Petro
1467 2775 1509 2811 et
1534 2769 1848 2810 successoribus
1884 2770 1972 2820 ejus
2004 2767 2204 2808 Romanis

401 2841 676 2882 Pontificibus
696 2839 914 2891 competit.
934 2838 1004 2879 13.
1025 2841 1068 2877 et
1084 2849 1200 2888 seqq.
1235 2836 1315 2879 Qui
1334 2845 1458 2874 verae
1476 2831 1790 2884 J'urisdictionis
1806 2830 2027 2881 primatum
2045 2830 2202 2868 Sancto

371 2935 375 2941 .
402 2905 528 2943 Petro
550 2904 722 2954 eJusque
752 2899 1066 2939 successoribus
1093 2899 1303 2943 asserunt,
1339 2906 1423 2934 non
1456 2893 1596 2933 omnia
1630 2892 1786 2931 ceteris
1808 2890 2019 2942 Apostolis
2043 2893 2086 2928 et
2102 2889 2203 2939 Epi-

400 2963 542 3015 scopis
569 2962 798 3002 communia
829 2961 982 3000 debent
1011 2958 1236 3002 affirmare,
1269 2956 1345 2996 sed
1361 2953 1521 3005 aliquid
1546 2950 2120 3005 praecipuaejurisdictionis
2138 2961 2203 2987 so-

400 3026 479 3064 lius
496 3024 614 3064 Petri
637 3028 680 3062 et
695 3024 975 3062 Romanorum
994 3019 1243 3060 Pontificum
1265 3017 1493 3069 proprium,
1518 3027 1598 3066 quo
1619 3013 1728 3052 idem
1748 3012 1950 3063 primatus
1972 3011 2203 3049 constitua-

399 3089 484 3132 tur,
507 3085 734 3124 admittant
753 3094 929 3122 necesse
948 3084 1026 3121 est.
1046 3081 1117 3122 10.
1138 3080 1209 3120 11.
1245 3079 1412 3118 Cavere
1431 3075 1601 3121 debent,
1635 3085 1688 3113 ne
1710 3072 1817 3112 adeo
1835 3073 2010 3123 exiguas
2026 3071 2200 3110 faculta-

399 3151 464 3186 tes
496 3147 578 3198 ipsi
611 3145 867 3191 attribuant,
900 3147 947 3182 ut
976 3143 1019 3182 in
1054 3140 1155 3181 meri
1189 3139 1350 3180 ordinis
1378 3137 1600 3190 primatum
1631 3133 1838 3174 recidant.
1873 3133 1945 3174 ibi.

339 3208 548 3247 Primatus
579 3206 832 3259 praecipuae
859 3202 1173 3256 Juristlictionis
1205 3201 1336 3240 Petro
1380 3199 1423 3237 et
1454 3197 1739 3236 Romanorum
1771 3193 2019 3233 Pontificum
2055 3203 2201 3243 perso-

399 3280 478 3307 nae
510 3268 573 3308 ita
606 3270 672 3306 est
702 3267 926 3318 alligatus,
966 3267 1013 3304 ut
1045 3264 1147 3303 nulli
1180 3262 1252 3302 alii
1287 3257 1511 3300 communis
1542 3257 1622 3305 sit,
1667 3266 1744 3294 nec
1787 3253 1842 3292 ad
1867 3253 2198 3306 jurisdictionem

399 3331 487 3380 ejus
517 3329 731 3380 propriam
764 3325 1017 3366 exerendam
1048 3325 1187 3364 alieno
1220 3320 1437 3367 subsidio,
1481 3321 1610 3368 atque
1653 3327 1830 3355 assensu
1863 3315 2095 3365 indigeant.
2130 3313 2200 3353 11.

398 3389 507 3428 Hinc
548 3389 643 3428 dum
679 3390 778 3439 jura
817 3387 1020 3440 primatus
1063 3384 1235 3437 propria
1273 3382 1519 3421 asseruntur
1549 3379 1765 3417 Romanae
1798 3375 1914 3422 sedi,
1958 3373 2199 3414 cathedrae.

398 3450 466 3489 vel
496 3449 740 3498 Ecclesiae,
773 3447 891 3487 hisce
924 3446 1160 3487 nominibus
1189 3440 1466 3494 intelligenda
1498 3443 1563 3478 est
1593 3449 1779 3490 persona
1809 3435 2082 3481 Pontificum,
2123 3445 2199 3472 nec

400 3508 666 3550 extendenda
708 3509 760 3548 ad
805 3509 914 3548 alios
956 3510 1079 3547 extra
1111 3515 1336 3559 personam
1367 3502 1553 3554 ipsorum
1586 3497 1853 3540 Pontificum.
1889 3497 1960 3536 16.
1996 3496 2068 3535 17.
2133 3494 2201 3533 Di-

399 3571 574 3611 stinctio
609 3570 719 3610 inter
751 3569 894 3609 sedem
928 3572 969 3608 et.
1006 3567 1295 3620 praesidentes
1327 3573 1546 3615 perperam
1579 3560 1763 3611 ingesta.
1795 3558 1844 3599 V.
1878 3556 2128 3598 Dis-tinctio.
