2314 3984
155 399 425 471 requisitas
444 406 570 451 etc.·.
590 394 676 451 Ne
704 405 877 450 nutem
910 395 962 448 in
1002 395 1107 461 his,
1147 395 1207 448 de
1245 394 1422 466 quibus
1453 392 1577 459 alibi
1601 393 1837 454 formssis
1865 394 1973 458 ³crit

153 483 309 538 fusius
333 483 616 549 dicendum,
650 482 986 536 distrahamur
1011 481 1103 537 hoc
1129 482 1268 548 loco;
1304 481 1428 535 haec
1450 479 1751 552 profecto-,et
1775 477 1878 534 alia
1901 479 1970 532 si-

153 570 310 635 milia,
348 587 476 639 quae
498 568 711 642 proferri
736 578 944 640 possent
967 567 1174 639 effisgia,
1211 585 1277 621 ne
1300 564 1544 636 cogitavit
1575 563 1771 644 quidem
1793 563 1970 636 Augu-

150 655 328 721 stinus,
354 655 436 726 qui
459 654 588 709 s‘icut
610 655 663 708 in
689 654 931 709 relatione
949 652 1260 723 pelagianae
1285 669 1469 706 causae
1493 651 1558 704 ad
1576 649 1864 709 ,Romanam
1888 667 1970 716 ,see

150 743 258 795 dem
291 741 413 794 nihil
456 741 587 794 aliud
620 740 861 805 intendit,
909 738 1007 792 nisi
1045 738 1263 809 ejusdem
1301 737 1434 791 sedis
1473 735 1849 803 auctoritatem,
1880 737 1968 791 ita

152 828 369 881 eamdem
396 829 553 881 solam
587 827 939 880 auctoritatem
975 823 1203 896 respexit
1221 862 1235 887 ‚
1273 840 1383 877 cum
1409 841 1519 876 eam
1547 839 1748 876 causam
1761 820 1818 893 *)
1849 826 1967 892 fini-

150 922 257 966 tam
291 913 629 985 pronuntiavit
665 911 907 983 rescripto
945 910 1164 981 ejusdem
1189 907 1350 974 sediS,
1386 926 1515 978 quae
1549 907 1676 963 satis
1715 926 1805 979 per
1829 925 1886 961 se
1911 925 1967 961 se

150 1010 352 1070 propter
377 999 640 1071 primatum
665 998 727 1051 ad
751 996 991 1049 unitatem
1015 995 1127 1049 fidei
1153 1012 1326 1047 omnes
1353 993 1623 1047 catholicos
1644 994 1795 1064 cogit.
1834 992 1966 1048 Hinc

152 1084 344 1153 quidem
370 1085 495 1138 libro
522 1085 573 1137 2.
601 1083 663 1136 ad
685 1081 996 1136 Bonifacium
1023 1100 1131 1153 cap.
1151 1081 1202 1134 3.
1231 1079 1354 1132 nihil
1379 1078 1699 1132 subindicans
1727 1079 1966 1150 ejusmodi

147 1169 543 1234 cavillationum,
578 1167 857 1222 Innocentii
893 1167 1134 1239 rescripto
1169 1174 1332 1219 totam
1357 1163 1558 1216 omnino
1585 1165 1966 1217 dubitationem

145 1256 402 1308 sublatam
426 1255 702 1320 declarans,
729 1254 825 1327 ipsi
849 1273 939 1326 per
964 1272 1019 1306 se
1045 1263 1095 1306 et
1121 1253 1346 1307 absolute
1373 1249 1580 1320 cogendi
1607 1249 1707 1302 vim
1727 1250 1961 1303 asseruit.

143 1338 201 1392 Si
227 1341 358 1393 enim
383 1340 592 1394 liberum
631 1351 717 1394 aut
742 1341 927 1394 licitum
954 1347 1180 1410 putasset
1206 1336 1384 1407 negari
1410 1335 1482 1386 illi
1510 1353 1800 1400 assensium
1841 1355 1964 1405 quo-

143 1426 286 1478 modo
329 1426 388 1477 ab
425 1425 596 1479 eodem
622 1435 786 1479 totam
819 1427 1196 1478 dubitationem
1220 1425 1480 1475 sublatam
1505 1420 1754 1473 dixisset?
1807 1419 1962 1475 Certe

144 1528 243 1562 non
271 1510 400 1563 dixit
426 1520 582 1563 totam
608 1511 880 1576 sublatam,
921 1529 980 1562 eo
1007 1510 1136 1579 quod
1160 1518 1273 1579 post
1298 1507 1411 1559 illas
1443 1506 1637 1559 litteras
1664 1507 1963 1563 dubitaverit

143 1614 316 1660 nemo,
353 1614 469 1648 nam
496 1594 758 1666 Pelagiani
797 1606 847 1649 et
879 1596 929 1648 in
967 1595 1043 1648 his
1081 1594 1268 1664 aliquot
1304 1592 1456 1646 etiam
1482 1591 1744 1665 Episcopi,
1782 1594 1959 1647 nedum

140 1690 253 1750 post
284 1681 578 1752 rescriptum
610 1680 916 1746 Innocentii,
955 1699 1127 1734 verum
1165 1690 1215 1733 et
1250 1689 1366 1750 post
1401 1678 1594 1731 Zosimi
1635 1678 1960 1732 Tractoriam

142 1764 366 1835 (Marius
392 1764 658 1834 Menator)
690 1786 796 1835 per
833 1775 999 1819 totum
1032 1767 1211 1818 orbem
1249 1769 1460 1817 missam
1500 1783 1566 1816 ac
1595 1765 1822 1817 Pati-um
1846 1767 1959 1818 sub-

139 1853 511 1920 scriptionibus
545 1853 882 1915 roboratam,
917 1871 1057 1904 suani
1095 1850 1396 1904 sententiam
1431 1849 1588 1902 adhuc
1610 1850 1743 1902 tueri
1771 1859 1822 1903 et
1845 1869 1960 1922 pro-

138 1955 359 2007 pugnare
386 1937 552 1990 conati
578 1948 723 2005 sunt,
752 1939 840 1991 sed
866 1955 935 1991 ex
962 1956 1020 1991 eo
1047 1938 1305 1990 sublatam
1326 1935 1472 2000 dixit,
1499 1945 1551 1988 et
1576 1943 1739 1988 totam
1766 1936 1959 2005 quidem

139 2024 425 2085 sublatam,
462 2042 562 2076 non
586 2027 719 2077 facto
745 2034 912 2076 tamen
929 2063 942 2088 ,
981 2023 1074 2076 sed
1091 2024 1232 2094 jure,
1274 2041 1333 2075 eo
1361 2023 1490 2092 quod
1513 2040 1659 2076 nemo
1687 2023 1959 2075 catholicus

138 2117 313 2176 postea
338 2108 660 2174 dubitaverit,
695 2127 786 2162 nec
822 2109 1039 2180 potuerit
1064 2108 1316 2172 dubitare,
1356 2108 1438 2177 qui
1462 2108 1613 2162 vellet
1651 2126 1764 2161 esse
1790 2110 1959 2162 catho-

139 2192 290 2255 licuS,
329 2202 378 2244 et
413 2194 651 2247 unitatem
689 2194 800 2246 fidei
835 2212 943 2247 cum
969 2192 1203 2246 Romana
1236 2194 1351 2245 sede
1385 2192 1647 2263 perspicua
1689 2194 1958 2246 traditione

139 2277 492 2343 necessariam,
519 2289 707 2332 sartam
734 2289 917 2332 tectam
945 2297 1170 2332 servare.
1222 2277 1353 2330 Hinc
1379 2277 1535 2348 igitur
1558 2279 1723 2349 palam
1750 2279 1821 2343 fit,
1848 2279 1958 2331 Au-

137 2364 391 2432 gustinmn
426 2364 744 2418 existimasse
770 2363 1036 2418 Pontificia
1074 2364 1319 2435 rescripta
1355 2363 1491 2416 circa
1515 2364 1656 2416 fidem
1683 2364 1867 2434 ligare,
1908 2374 1957 2417 et

138 2448 198 2499 ad
224 2449 618 2515 assentiendum,
658 2460 806 2520 atque
843 2451 1083 2503 unitatem
1125 2468 1297 2502 omnes
1324 2449 1593 2502 catholicos
1619 2468 1819 2520 cogere.
1870 2449 1959 2503 Ju-

137 2533 312 2587 diciiun
349 2535 401 2586 in
426 2534 703 2606 Pelagiana
742 2555 891 2589 causa
927 2547 1043 2590 ante
1069 2535 1480 2588 Innocentianmn
1506 2535 1804 2606 rescriptum
1830 2537 1958 2588 tule-

136 2629 250 2670 rant
275 2621 367 2672 duo
396 2620 640 2672 Africana
678 2622 886 2674 concilia
920 2621 1270 2675 Milevitanmn
1310 2631 1360 2673 et
1399 2618 1831 2692 Carthaginense3
1873 2624 1957 2675 sed

138 2703 253 2770 quia
289 2704 411 2757 llaec
451 2705 657 2757 concilia
692 2707 1014 2776 particularia
1044 2709 1128 2777 jus
1166 2725 1264 2759 non
1306 2707 1554 2759 habebant
1594 2708 1870 2761 coactivum
1904 2708 1955 2759 in

136 2805 333 2851 omnes,
359 2788 577 2858 ipsorum
603 2791 896 2842 auctoritate
923 2811 1085 2843 causa
1109 2795 1263 2859 finita
1298 2809 1391 2842 nec
1418 2791 1548 2843 dicta
1575 2792 1664 2842 fuit
1691 2793 1751 2844 ab
1778 2792 1956 2862 Augu·

251 2958 290 3008 ⁸)
321 2959 366 2997 ld
397 2959 618 2999 affirmavit
650 2971 770 2999 serm.
806 2960 904 3001 131.
948 2959 1088 2999 habito
1131 2961 1275 2999 eodem
1318 2971 1426 2998 anno
1459 2959 1560 3000 417.
1602 2973 1681 3011 quo
1723 2962 1951 3002 Innocentii

133 3016 300 3056 litterae
331 3016 454 3056 datae
486 3018 675 3065 suerunt3
709 3029 812 3068 quae
839 3019 1003 3069 quidem
1034 3031 1123 3058 cum
1155 3019 1208 3057 ad
1239 3019 1349 3057 solos
1375 3019 1603 3066 Africanos,
1637 3032 1718 3059 non
1742 3024 1879 3061 autem
1899 3022 1953 3060 ad

134 3086 271 3114 omnes
302 3076 431 3115 totius
461 3075 676 3116 Ecclesiae
699 3077 932 3128 Episcopos
963 3077 1118 3117 fuerint
1148 3078 1438 3123 transmissae·‚
1470 3079 1641 3118 aliarum
1670 3078 1951 3120 Ecclesiarum

137 3143 398 3181 consensum,
429 3135 480 3174 de
514 3148 593 3187 quo
624 3137 876 3186 Augustinus
907 3136 1007 3176 nihil
1039 3137 1259 3182 indicavit,
1295 3138 1354 3175 ita
1387 3136 1559 3184 afferre,
1592 3142 1638 3178 ut
1670 3140 1832 3178 ratione
1865 3141 1951 3190 ejus

136 3200 303 3229 causam
326 3190 499 3239 finitam
529 3195 701 3241 dixerit,
742 3195 1030 3235 chimaericum
1071 3199 1150 3234 est.
1210 3195 1323 3234 Adeo
1355 3207 1454 3234 vero
1497 3196 1565 3235 uni
1605 3197 1723 3246 huJus
1755 3198 1948 3249 rescripti

133 3249 373 3287 auctoritati
405 3251 581 3299 institit,
624 3258 670 3292 ut
708 3254 806 3293 licet
846 3254 1042 3305 deinceps
1081 3254 1295 3305 scripserit
1325 3254 1451 3293 libros
1482 3254 1536 3293 ad
1566 3255 1822 3295 Bonifacium
1853 3260 1947 3308 post

132 3306 391 3347 'si-actoriam
421 3309 574 3350 Zosimi
604 3311 658 3351 ad
689 3324 825 3354 omnes
857 3313 1092 3364 Episcopos
1126 3314 1314 3355 missam.
1362 3314 1428 3352 cui
1461 3325 1551 3352 cum
1583 3325 1721 3354 omnes
1751 3314 1944 3358 catholici

132 3364 473 3416 subscripserint,
507 3369 676 3411 evidens
704 3370 747 3411 in
777 3371 856 3410 hoc
888 3376 979 3411 erat
1012 3372 1141 3410 totius
1171 3372 1416 3418 Ecclesiae,
1460 3383 1532 3411 seu
1564 3373 1736 3412 omnium
1768 3373 1943 3425 Episco-

130 3435 269 3472 porum
301 3436 548 3472 consensus;
595 3430 721 3468 totam
767 3430 1027 3470 nihilominus
1060 3431 1366 3470 dubitationem
1406 3431 1683 3471 anterioribus
1713 3433 1943 3472 Innocentii

131 3481 292 3530 litteris,
323 3495 427 3534 quac
460 3497 508 3524 eo
543 3497 743 3527 consensu
774 3499 853 3528 non
874 3494 990 3529 erant
1012 3489 1244 3541 praeditae,
1277 3489 1489 3530 sublatam
1510 3489 1732 3531 affirmavit
1754 3491 1831 3531 l-2.
1851 3491 1939 3530 c.3.

1490 3558 1596 3611 ll*
