2320 3990
930 194 1596 254 *140—

335 360 528 428 lerent,
581 362 822 432 scriptmn
874 359 1030 414 fuisse
1082 362 1144 414 ab
1196 363 1387 419 eadem.
1416 367 1618 438 ¹synodo
1671 369 1734 420 ad
1773 367 2090 436 Romanum,
2144 381 2194 424 et

331 445 1096 521 AlexandrinumEpiscopum3
1126 458 1177 503 et
1187 447 1413 504 Romani
1437 451 1635 524 quidem
1662 456 1910 528 potiorem
1939 457 2192 511 rationem

334 535 556 588 habitam
595 534 704 590 sive
742 536 804 589 ab
832 534 1170 590 Antiochenis
1205 538 1424 610 ejusdem
1465 541 1650 612 synodi
1666 541 1943 609 Patribus,
1985 544 2094 599 sive
2121 562 2191 598 ex

331 623 588 693 frequenti
613 621 1048 691 Christianorum,
1075 625 1212 679 inter
1239 645 1364 698 quos
1391 628 1726 696 versabatur,
1754 632 2019 686 sententia
2044 631 2194 685 intel-

333 711 528 766 lexisse
553 711 766 767 videtur.
822 711 955 767 Hinc
994 732 1097 767 non
1136 715 1197 768 ab
1226 714 1614 782 Alexandrino,
1643 717 1732 770 sed
1759 734 1790 771 a
1815 717 2051 773 Romano
2079 729 2192 772 tan-

330 810 436 853 tum
474 798 758 873 EpiscopO,
799 811 850 854 et
889 802 950 856 ab
987 800 1177 857 Italicis
1203 803 1539 857 Antistitibus
1567 801 1835 859 Romanae
1859 807 1966 860 fere
1993 808 2190 880 synodo

330 887 758 943 interessentibus
785 888 984 944 litteras
1012 891 1358 964 expectandas
1386 892 1673 965 praecepit,
1712 902 1767 945 ut
1793 894 1877 964 qui
1905 906 1975 948 ex
2002 894 2191 948 duobus

334 977 747 1050 competitoribus
775 978 919 1032 fidem
946 977 1214 1034 Romanae
1242 981 1602 1035 adhaerentem
1640 990 1817 1035 tenere
1845 982 2032 1036 eisdem
2059 983 2194 1037 litte-

332 1065 405 1119 ris
430 1066 758 1139 probaretur,
785 1066 830 1120 is
857 1067 1130 1122 haberetur
1158 1069 1461 1135 catholicnS,
1491 1088 1549 1123 ac
1575 1080 1846 1142 propterea
1872 1070 2079 1142 dignus,
2109 1071 2194 1142 qui

331 1154 706 1209 Antiochenam
733 1155 999 1210 ecclesiam
1026 1167 1248 1230 regeret.
1302 1155 1413 1211 Hoc
1440 1168 1607 1212 autem
1634 1156 1960 1231 Imperatoris
1986 1157 2194 1212 Ethnici

323 1243 592 1315 judicimn,
622 1245 752 1315 quod
777 1249 1128 1300 rectissimum
1158 1247 1376 1300 affirmat
1401 1245 1679 1312 EusebiuS,
1708 1256 1966 1309 sanctam,
1995 1256 2047 1300 et
2071 1250 2192 1300 reli-

313 1335 540 1404 ‚yiosum
565 1330 812 1397 Rufinus,
849 1343 994 1386 tanto
1031 1333 1195 1404 magis
1233 1334 1600 1386 aestimandum
1628 1345 1735 1396 est,
1776 1335 1907 1404 quod
1932 1335 2106 1387 tritam
2135 1354 2191 1388 ac

333 1429 524 1473 certam
550 1419 957 1492 divulgatumque
998 1419 1152 1473 etiam
1193 1421 1319 1493 apud
1355 1419 1587 1475 Gentiles
1614 1420 2054 1475 Antiochenornm
2090 1419 2194 1474 Pa-

332 1518 463 1561 trum
491 1518 578 1562 aut
604 1509 991 1575 catholicorum,
1033 1527 1103 1563 ex
1131 1508 1309 1580 quihus
1343 1508 1391 1562 id
1419 1509 1733 1563 Aurelianus
1770 1509 2036 1575 didicerat,
2077 1530 2193 1564 sen-

330 1598 542 1651 tentiam
571 1598 782 1652 exhibet
809 1599 868 1652 de
897 1597 1193 1652 necessaria
1218 1597 1411 1652 unitate
1439 1598 1833 1664 communioniS,
1864 1608 1914 1652 et
1941 1599 2053 1652 fidei
2082 1618 2192 1653 cnm

334 1685 570 1740 Romana
598 1688 715 1741 sede
732 1728 745 1754 ,
774 1698 828 1740 ut
855 1688 966 1758 quis
995 1686 1268 1740 catholicus
1289 1686 1568 1758 judicetur:
1605 1686 1654 1739 id
1682 1687 1811 1757 quod
1838 1705 1908 1739 ex
1937 1687 2029 1741 hoc
2055 1689 2191 1742 facto

332 1775 671 1829 deducendum
699 1775 955 1829 intellexit
994 1775 1148 1828 etiam
1177 1772 1256 1828 Cl.
1287 1773 1570 1828 Bossuetus
1600 1773 1877 1847 (Discours
1905 1793 1993 1828 sur
2019 1775 2190 1829 l'Hist.

332 1863 620 1937 univers),
662 1884 772 1919 clun
800 1884 870 1919 ex
896 1864 1048 1938 praxi
1076 1861 1486 1918 Christianorum
1522 1863 1641 1916 illud
1668 1862 1966 1935 rescriptum
1995 1864 2195 1918 deriva-

333 1952 436 2018 vit,
491 1957 620 2025 quia
656 1953 966 2027 Imperator,
1018 1952 1209 2022 inquit,
1271 1954 1705 2006 Christianorum
1746 1972 1943 2022 corpus
1997 1957 2051 2005 in
2092 1955 2194 2007 leae

333 2040 587 2114 (Romani
613 2040 882 2115 Episcopi)
911 2045 1280 2096 communione
1308 2061 1518 2111 semper
1545 2044 1814 2093 contineri
1840 2044 2068 2094 viderat.
2123 2041 2193 2094 Et

333 2130 563 2183 similiter
591 2128 833 2184 Claudius
862 2128 1056 2202 Fleury
1087 2127 1251 2200 (Hist.
1280 2129 1379 2183 LS.
1403 2147 1446 2182 c.
1463 2127 1578 2199 8.)·:
1618 2128 1748 2180 Tam
1776 2138 1897 2181 erat
1922 2134 2192 2182 notorium

333 2223 492 2272 etiam
523 2220 766 2290 Pa-‹Janis
804 2239 963 2272 verae
1001 2218 1345 2270 Christianae
1383 2219 1666 2287 ‘religionis
1707 2225 1889 2270 notam
1918 2238 2030 2271 esse
2058 2239 2194 2272 com-

332 2312 631 2361 munionem
658 2328 776 2362 cam
805 2309 1055 2361 Ecclesia
1084 2307 1353 2359 Romana.

477 2397 567 2451 33.
607 2395 761 2451 Nunc
798 2397 859 2450 ad
895 2394 1084 2449 Patres
1119 2395 1386 2450 Ecclesiae
1424 2393 1654 2459 redienS,
1692 2393 1959 2447 Prudentii
1999 2394 2190 2465 antiqui

331 2495 512 2558 poetae
540 2485 774 2539 catholici
800 2484 1143 2538 testimonium
1178 2484 1460 2554 proferam,
1498 2483 1654 2535 breve
1690 2482 1810 2534 illud
1837 2483 2064 2551 quidem,
2107 2484 2192 2535 sed

331 2592 422 2646 pro
459 2572 654 2627 unitate
692 2572 804 2627 fidei
841 2591 951 2626 cum
992 2570 1229 2624 Romana
1279 2570 1520 2623 cathedra
1571 2569 1697 2622 satis
1737 2587 2058 2641 expressum.
2137 2569 2190 2622 In

332 2662 521 2735 hymno
562 2661 694 2715 enim
734 2659 790 2715 S.
831 2660 1097 2734 Hippolyti
1137 2657 1382 2729 martyris
1428 2656 1671 2711 unitatem
1726 2659 2043 2711 commendat
2092 2676 2192 2710 non

332 2750 694 2803 communionis
721 2759 935 2814 tantum,
965 2767 1113 2818 quam
1134 2745 1331 2801 Novati
1358 2745 1578 2800 schisma
1607 2746 1898 2818 abruperat,
1927 2747 2014 2800 sed
2041 2746 2193 2799 etiam

332 2838 470 2904 fidei,
501 2858 649 2909 quam
678 2857 788 2892 cum
817 2836 1054 2889 Romana
1081 2833 1228 2888 Petri
1255 2835 1495 2888 cathedra
1522 2835 1792 2888 tenendam
1820 2834 1991 2888 tradit.

683 2927 906 2996 Fuyite,
934 2945 964 2977 o
993 2928 1201 2985 miseri,
1230 2926 1548 2977 execranda
1575 2923 1780 2976 Novati

595 3017 927 3075 Schismata,
963 3013 1248 3065 catholicis
1276 3014 1488 3064 reddite
1515 3029 1606 3062 vos
1627 3012 1871 3080 populis.

493 3106 612 3158 Una
637 3108 772 3174 fides
802 3107 1002 3173 vicent,
1038 3104 1227 3171 prisco
1255 3117 1394 3170 quae
1421 3099 1643 3152 condita
1670 3099 1868 3168 templo
1899 3106 1991 3153 est,

817 3194 988 3253 Quam
1016 3197 1159 3244 tene-t
1184 3188 1446 3243 cathedra
1478 3187 1650 3240 Petri.
