2314 3984
948 203 1612 264 *ΞΜ-*-

352 372 769 429 Mediolanenses
790 371 1054 435 fecerunt,
1068 373 1524 427 utentes-cardia
1548 371 1837 426 traditionis
1875 388 2080 425 suarum
2104 370 2208 425 Ec-

353 460 619 516 clesiarum
645 467 698 510 et
723 455 1045 527 antiquorum
1073 454 1289 512 Pati-um
1312 457 1715 526 emamanuel,
1742 476 1918 513 omnes
1945 456 2072 511 uniti
2097 475 2207 512 cum

354 548 515 620 eapite
542 543 834 600 haereticae
859 544 1103 617 pravitati
1128 544 1329 599 fortiori
1353 543 1470 609 nisu
1494 546 1758 600 resistant·-

497 633 589 688 80.
642 628 778 700 Quid
801 631 1029 686 dicemus
1061 632 1123 686 de
1149 630 1739 706 Theodoreto'Cyrensi:
1751 631 2050 706 Episcopo?
2102 630 2209 685 De-

354 721 547 794 positus
572 721 627 774 in
665 720 1056 793 pseudosynodo
1082 717 1344 792 Ephesina
1371 719 1601 774 haeresis
1626 719 1859 786 nomine,
1892 721 1956 774 ad
1980 718 2039 773 S.
2066 717 2206 773 Leo-

353 828 469 864 nem
495 806 749 879 confugit,
775 817 833 860 ut
859 809 999 880 apud*
1012 807 1175 881 ipsum
1201 809 1261 862 de
1288 826 1378 861 sua
1405 808 1524 874 fide,
1551 806 2011 879 numApostolicis
2048 806 2208 862 vesti-

351 897 451 970 giis
488 895 752 950 insisteret
766 933 781 960 ,
810 894 1054 968 judicium
1089 896 1327 949 ferretur.
1381 893 1515 950 Hinc
1548 895 1602 949 in
1641 894 1855 967 epistola
1894 894 1958 946 ad
1982 893 2209 947 eumdem

354 984 656 1039 Pontificem
683 981 810 1055 (Ep.
838 983 927 1036 93.
957 984 1070 1036 c.5.
1099 982 1218 1037 edit.
1246 981 1473 1056 Leon.)‚
1507 984 1649 1045 Oro,
1678 989 1731 1035 et
1754 982 1990 1036 obtestor
2016 986 2212 1036 sancti-

352 1082 515 1127 tatem
538 1081 701 1133 tuam,
726 1070 906 1141 inquit,
933 1078 992 1123 ut
1017 1072 1150 1124 milti
1173 1079 1378 1125 rectam
1403 1075 1690 1144 acjustum
1715 1070 1959 1122 tribunal
1981 1077 2211 1123 vestrum

354 1163 626 1214 invocanti
651 1178 805 1229 opem
828 1162 1010 1228 ferat,
1019 1160 1320 1232 jubeatque
1347 1161 1424 1211 ad
1445 1177 1538 1211 vos
1564 1160 1775 1218 venire,
1815 1164 1869 1209 et
1902 1159 2207 1210 doctrinam

353 1267 522 1301 meam
547 1246 880 1317 Apostolicis
906 1251 1143 1317 vestiyiis
1179 1248 1548 1300 inhaerentem
1574 1246 1877 1298 ostendere.
1931 1241 2205 1297 Rationem

353 1335 494 1405 hujus
521 1332 872 1405 appellationis
900 1333 1128 1403 explicat
1151 1333 1205 1384 iu
1232 1331 1446 1403 epistola
1475 1332 1598 1395 106,
1627 1331 1691 1383 ad
1716 1329 1975 1383 Renatum
2017 1330 2210 1385 Roma-

352 1440 450 1475 nae
475 1418 740 1475 Ecclesiae
766 1419 1140 1490 presbyterum.
1197 1418 1379 1470 Habet
1404 1420 1541 1469 enim
1568 1419 1906 1469 sanctissima
1931 1419 2031 1470 illa
2057 1422 2210 1472 sedes

354 1506 652 1581 (Romana)
682 1508 1084 1569 Ecclesiarnm,
1113 1525 1250 1577 quae
1289 1508 1344 1558 in
1373 1512 1484 1558 toto
1512 1512 1636 1558 sant
1661 1504 1818 1564 orbe,
1835 1508 2212 1575 principatum

354 1599 530 1650 inultis
557 1597 884 1657 nominibaS,
912 1603 1072 1666 atque
1100 1602 1224 1647 ante
1251 1595 1387 1647 haec
1414 1597 1623 1654 omnia,
1663 1592 1812 1661 qaod
1836 1592 1902 1643 ab
1932 1593 2209 1646 haeretica

354 1687 474 1738 labe
500 1687 743 1738 immunis
769 1686 994 1744 mansit,
1020 1702 1120 1736 nec
1146 1685 1289 1735 ullus
1318 1683 1454 1751 fidei
1491 1681 1775 1732 contraria
1800 1682 2035 1732 sentiens
2061 1684 2116 1733 in
2145 1700 2210 1734 ea

353 1775 516 1834 sedit,
543 1774 641 1825 sed
678 1769 1051 1840 Apostolicam
1083 1774 1323 1840 qratiam
1361 1773 1628 1837 integram
1661 1770 2015 1820 conservavit.
2067 1765 2210 1822 Haec

353 1858 484 1913 ratio
512 1877 622 1912 cum
649 1856 916 1912 Romanae
943 1857 1076 1911 sedis
1102 1857 1372 1929 primatum
1409 1854 1646 1927 respicit,
1685 1863 1790 1906 tum
1826 1871 1949 1906 vero
1990 1855 2208 1925 ejusdem

353 1946 485 2001 sedis
512 1946 858 2018 incorruptam
896 1946 1040 1999 fidem
1079 1944 1395 2017 potissimum
1432 1942 1628 2006 laudat,
1667 1939 1745 1994 cui
1772 1939 1816 1992 si
1843 1957 1985 1992 suam
2010 1939 2096 1994 ille
2122 1941 2210 1994 do·

361 2034 579 2089 ctrinam
605 2032 954 2087 inhaerentem
993 2032 1314 2092 ostenderet,
1352 2048 1408 2082 se
1437 2030 1498 2081 ab
1525 2027 1662 2082 omni
1686 2026 1913 2080 haeresis
1940 2036 1991 2080 et
2017 2028 2211 2080 erroris

353 2121 638 2194 suspicione
664 2129 924 2193 purgaret.
978 2118 1147 2192 Ipsum
1185 2117 1382 2188 quidem
1418 2134 1528 2170 cum
1555 2125 1671 2188 post
1697 2115 1961 2187 probatam
1988 2114 2209 2185 ejusdem

354 2210 467 2264 fidei
492 2207 741 2262 unitatem
777 2207 828 2260 in
869 2226 1011 2260 suam
1047 2204 1449 2261 communionem
1486 2200 1544 2256 S.
1572 2200 1684 2256 Leo
1712 2200 1963 2255 Pontifex
1989 2202 2211 2274 recepis-

353 2309 458 2364 set,
504 2297 598 2351 hac
635 2295 938 2368 Apostolica
988 2292 1369 2357 communione,
1425 2309 1553 2361 quae
1601 2309 1704 2343 non
1757 2289 2052 2344 conceditur
2100 2289 2211 2344 sine

352 2386 548 2440 unitate
574 2383 711 2451 fidei,
741 2383 970 2438 eumdem
995 2380 1138 2436 Deus
1177 2379 1318 2453 (Leo
1353 2398 1432 2451 ep.
1465 2378 1587 2431 120.
1634 2395 1678 2430 c.
1709 2375 1792 2448 5.)
1823 2378 1889 2429 ab
1917 2381 2064 2430 omni
2090 2379 2213 2432 hae-

351 2494 534 2528 reseos
560 2475 775 2526 macula
801 2473 1055 2525 mundum
1080 2470 1370 2522 secundum
1396 2465 1748 2535 Apostolicae
1785 2466 2210 2536 sedis-judicium

352 2562 768 2619 demonstravit,
807 2566 860 2610 et
899 2574 989 2628 per
1015 2554 1246 2608 Leonem
1284 2553 1338 2605 in
1373 2569 1519 2605 suum
1557 2547 1918 2621 Episcopatum
1957 2551 2209 2605 restituit:

355 2650 484 2702 unde
510 2647 585 2700 uti
620 2644 903 2718 Episcopus
944 2642 1220 2696 catholicus
1258 2640 1311 2693 in
1349 2635 1751 2693 Calchedonensi
1786 2637 1998 2690 concilio
2037 2638 2211 2691 statim

352 2736 516 2810 prima
552 2733 753 2788 actione
791 2740 1053 2801 susceptus
1088 2729 1181 2782 fuit
1219 2727 1356 2780 inter
1406 2724 1597 2779 Patres
1635 2721 1734 2795 (T.
1776 2723 1830 2776 4.
1873 2720 2070 2777 Concil.
2113 2726 2210 2779 col.

351 2823 540 2895 8243:
571 2820 920 2891 Ingrediatur
952 2825 1003 2870 et
1032 2817 1532 2869 Reverendissimas
1561 2813 1871 2882 Episcopus
1909 2811 2211 2865 Theodore-

353 2921 463 2973 tus,
489 2918 549 2963 ut
574 2912 646 2962 sit
661 2909 949 2977 particeps
976 2907 1198 2976 synodi}
1227 2907 1355 2974 quia
1395 2910 1448 2955 et
1482 2903 1719 2954 restituit
1744 2903 1795 2952 ei
1821 2900 2212 2969 Epist-opacum

355 3000 723 3054 sanctissimus
733 2992 1195 3062 Arckiepiscopus
1207 2992 1339 3043 Leo.
1369 2986 1514 3056 Quod
1541 2988 1585 3040 si
1610 2987 1793 3039 iterum
1821 2985 1881 3037 de
1906 2984 2017 3055 ipso
2045 2994 2209 3037 actum

355 3097 434 3142 est
460 3096 644 3140 octava
683 3082 912 3147 actione,
953 3079 1001 3132 id
1041 3078 1103 3132 ad
1141 3075 1475 3131 revincendos
1521 3075 1627 3144 ejus
1663 3070 1986 3125 adversarios
2026 3081 2210 3136 actum,

356 3171 807 3246 Apostolicumque
833 3167 934 3222 de
919 3184 1028 3240 ipso
1048 3163 1290 3238 judicium
1304 3159 1564 3234 synodalis
1585 3158 1871 3214 sententiae
1897 3158 2029 3210 ratio
2057 3168 2108 3212 et
2133 3177 2210 3212 re-

355 3261 472 3332 gula
499 3258 695 3315 extitit.
749 3255 913 3320 Vide,
944 3254 988 3308 si
1015 3253 1164 3318 libet,
1191 3249 1375 3324 plui-‘a
1361 3267 1413 3302 m
1440 3256 1584 3301 nosti
1586 3265 1631 3300 is
1666 3246 1818 3300 obse1
1819 3244 2111 3299 vatiombus
2151 3245 2211 3296 ad

355 3346 518 3400 dissel
520 3346 768 3399 tationem
794 3342 1036 3398 decimam
1057 3337 1319 3408 Quesnelli
1342 3345 1467 3389 tom.
1498 3335 1549 3387 2.
1578 3343 1759 3387 nonae
1771 3331 2006 3387 Venetae
2032 3329 2211 3383 editio

354 3433 437 3487 nis
464 3430 686 3506 Operum
713 3428 772 3485 S.
799 3427 997 3484 Leonis
1023 3424 1392 3482 001.1-257.et
1418 3440 1558 3493 seqq.
1606 3415 1970 3474 Nonabsimili
2010 3415 2210 3469 ratione

356 3520 408 3574 in
434 3518 607 3572 eadem
635 3518 830 3588 synodo
846 3511 1247 3571 Calchedonensi
1272 3510 1383 3564 sine
1409 3509 1506 3562 ullo
1536 3507 1790 3572 examine,
1819 3504 1929 3559 sine
1955 3522 2015 3576 pl
2017 3512 2209 3557 otesta
