2320 3990
975 179 1597 239 *50—

356 346 713 402 Theodoretus
739 349 791 401 in
818 349 1062 420 psalmum
1087 346 1176 403 47.
1215 349 1608 415 communiter,
1634 352 1814 424 inquit,
1843 371 2021 407 omnes
2050 355 2212 406 eccle-

354 440 467 490 siae
507 438 583 489 acl
618 455 780 489 unam
819 439 1142 507 redigantur
1182 437 1248 490 ob
1288 443 1698 495 consonantiam
1735 448 1971 494 veteram
1999 442 2214 511 doyma-

327 533 477 579 ‘tam.
529 521 599 575 Et
637 523 878 596 antiquus
915 534 1095 578 auctor
1134 524 1486 579 commentarii
1515 525 1569 580 in
1598 527 1843 600 psalmum
1879 528 1969 583 23.
2030 526 2216 582 Hiero-

356 611 495 685 nymi
521 611 756 684 operibus
784 611 902 664 olim
929 611 1114 666 inserti
1140 632 1191 666 n.
1212 613 1270 666 ll
1287 654 1299 666 .
1319 616 1587 676 Ecclesia,
1614 614 1705 682 ait,
1731 617 2074 687 expluribus
2091 636 2217 686 per-

355 704 499 754 sonis
538 708 934 771 conyreyatar3
988 708 1239 755 ettamen
1290 723 1401 756 ana
1452 705 1655 758 dicitur
1685 712 1918 774 propter
1955 707 2218 758 unitatem

351 792 496 859 fidei.
551 785 650 842 Cui
687 787 896 842 mirifice
938 788 1211 843 concinens
1249 788 1556 864 Euthymius
1595 790 1648 844 in
1689 791 1816 864 psal.
1857 790 1947 846 88.
2007 793 2071 844 Si
2097 793 2218 845 loca

357 880 652 947 respicias,
677 875 870 946 inquit,
901 879 1162 931 ecclesiae
1180 881 1376 948 plnres
1403 887 1551 943 sant3
1601 883 1649 932 si
1674 881 1991 950 religionem
2019 888 2071 932 et
2089 883 2222 950 fidei

358 968 908 1026 communicationem,
936 985 1116 1019 omnes
1155 987 1293 1038 qaae
1333 970 1529 1039 abique
1569 976 1694 1021 sant
1732 969 2020 1028 ecclesiae,
2059 986 2221 1020 unam

358 1057 690 1106 constituant
708 1055 953 1124 fideliam
981 1055 1296 1108 Ecclesiam.
1361 1055 1638 1110 Praeclare
1678 1074 1874 1127 quoque
1909 1054 1960 1107 in
1998 1055 2222 1108 eamdem

359 1141 662 1195 sententiam
700 1140 1016 1195 Athanasius
1056 1140 1258 1197 Sinaita
1295 1143 1539 1215 Anctyogy.
1580 1148 1636 1197 in
1677 1164 1851 1197 eccam.
1895 1143 1945 1195 l.
1986 1142 2038 1196 3.
2090 1144 2222 1196 Con—

356 1239 652 1301 yreyentar
681 1250 874 1300 aquae,
903 1251 1040 1300 quae
1058 1235 1273 1300 quidem
1295 1253 1365 1286 esc
1389 1236 1615 1286 (liversis
1630 1234 1872 1302 populis,
1895 1239 1946 1283 et
1959 1232 2223 1302 yentibas,

361 1326 413 1370 et
437 1322 595 1370 sectis
623 1319 718 1370 sab
747 1321 953 1370 unitate
976 1321 1112 1388 fidei
1136 1329 1554 1390 covzyreyantzcr.
1601 1318 1758 1373 Patet
1783 1319 1940 1391 igitur
1967 1319 2030 1371 ob
2057 1318 2223 1372 unita-

360 1415 460 1458 tem
496 1403 635 1470 fidei,
673 1422 800 1474 quae
839 1403 1052 1475 singulis
1079 1402 1344 1460 Ecclesiae
1371 1406 1610 1460 membris
1638 1406 1807 1459 inesse
1834 1406 2007 1470 debet,
2045 1403 2223 1459 Eccle-

359 1493 485 1546 siam
513 1491 778 1566 praecipue
804 1510 957 1544 unam
982 1493 1175 1546 vocari.

506 1581 559 1633 4.
615 1578 784 1633 Porro
821 1580 905 1632 ubi
941 1581 1118 1635 variae
1153 1593 1328 1636 essent
1369 1582 1586 1636 fidelium
1624 1582 1908 1649 scissurae,
1956 1582 2078 1637 haec
2115 1583 2225 1637 fidei

364 1669 532 1722 unitas
560 1687 662 1721 non
690 1668 934 1739 exiguum
962 1670 1235 1740 periculum
1265 1671 1483 1723 subiret:
1525 1670 1715 1739 Neque
1745 1674 1882 1722 enim
1908 1674 2115 1732 scIssio,
2143 1673 2230 1724 vel

362 1758 592 1809 schisma
615 1761 742 1826 sieri
759 1765 971 1826 potest,
1013 1761 1121 1810 nisi
1146 1760 1414 1810 diversam
1442 1760 1655 1827 aliquid
1691 1766 2002 1828 sequantur,
2029 1763 2123 1828 qai
2142 1763 2226 1828 fa-

363 1849 537 1907 ciant,
580 1844 741 1915 inquit
770 1843 1093 1916 Augustinus
1127 1845 1210 1898 lib.
1242 1846 1292 1898 ἱ).
1322 1846 1375 1898 in
1405 1844 1740 1900 Cresconium
1768 1865 1811 1899 c.
1843 1847 1892 1901 7.
1921 1845 1991 1899 Et
2016 1844 2074 1900 S.
2103 1845 2227 1901 Hie-

365 1953 609 2006 ronymus
636 1933 688 1985 in
716 1932 864 2005 epist.
895 1934 958 1986 ad
984 1932 1094 1986 Tit.
1126 1951 1168 1986 c.
1198 1933 1250 1988 3.
1318 1935 1542 1988 Nullam
1581 1937 1812 1988 schisma
1846 1955 1954 1988 non
1993 1937 2095 1988 sibi
2133 1939 2227 1989 ali-

367 2043 525 2093 qaam
565 2026 827 2093 confinyit
878 2024 1174 2085 haeresim,
1227 2031 1287 2076 at
1332 2032 1478 2077 recte
1530 2025 1596 2076 ab
1654 2023 1904 2076 Ecclesia
1944 2028 2228 2078 recessisse

364 2113 624 2163 videatur.
677 2109 810 2163 Hinc
833 2110 893 2162 ad
914 2110 1027 2164 fidei
1047 2110 1293 2162 unitatem
1320 2110 1575 2176 tuendam⁷
1605 2131 1731 2182 quae
1759 2121 1838 2164 est
1864 2113 2034 2166 unitas
2051 2112 2229 2167 Eccle-

366 2198 471 2251 siae
498 2197 682 2270 potior‚
712 2197 872 2249 altera
899 2197 1059 2250 eidem
1084 2196 1254 2250 unitas
1282 2198 1576 2251 neccssaria
1602 2208 1710 2265 est,
1739 2218 1836 2269 qua
1862 2200 2054 2254 scilicet
2081 2197 2230 2254 Chri-

370 2286 524 2338 stiani
552 2287 923 2357 conjungantur
950 2285 1086 2340 inter
1114 2305 1188 2352 se,
1219 2283 1538 2358 (Ephes.4.)
1567 2290 1807 2349 solliciti,
1834 2298 1890 2341 ut
1917 2288 1989 2341 ait
2003 2289 2229 2362 Aposto-

368 2376 459 2439 lus,
481 2393 699 2427 servare
719 2378 976 2427 unitatem
996 2378 1222 2444 spiritus
1243 2377 1298 2425 in
1319 2376 1533 2427 vincalo
1547 2379 1733 2444 pacis.-
1757 2375 1928 2446 sicque
1950 2374 2163 2449 (Philip.
2178 2377 2227 2429 2.

366 2483 418 2516 v.
447 2462 531 2530 ΕΣ.)
560 2482 739 2515 omnes
767 2465 908 2515 idem
935 2467 1182 2532 sapiant,
1223 2465 1459 2515 eamdem
1485 2467 1768 2516 caritatem
1795 2465 2075 2530 habentes,
2103 2484 2230 2517 ana-

367 2555 551 2612 nim-es,
577 2553 811 2620 idipsam
836 2554 1135 2604 sentientes.
1202 2549 1343 2604 Haec
1370 2550 1540 2621 itaque
1566 2550 1760 2617 unitas,
1808 2570 1953 2622 quam
1984 2551 2229 2618 caritatis,

370 2649 421 2692 ct
447 2639 585 2711 pacis
614 2638 950 2711 appellamus,
979 2640 1042 2692 ob
1070 2639 1316 2692 unitatem
1344 2639 1659 2711 potissimum
1690 2639 1802 2693 fidei
1829 2641 2230 2694 conservandam

370 2725 634 2780 Ecclesiae
660 2727 956 2780 neccssaria
981 2738 1086 2795 est3
1115 2728 1189 2781 ita
1213 2738 1269 2780 ut
1295 2728 1356 2780 ad
1383 2727 1511 2782 hanc
1534 2728 1692 2782 veluti
1715 2729 1776 2781 ad
1802 2728 2095 2801 primariam
2121 2728 2232 2782 uni-

371 2825 527 2869 tatem
555 2816 838 2868 referatur:
877 2816 1007 2885 quod
1045 2816 1181 2870 inter
1218 2817 1357 2889 ipsos
1384 2817 1730 2871 heterodoxos
1757 2815 1812 2888 *)
1852 2814 2094 2870 Claudius
2119 2814 2234 2870 Sal-

372 2904 563 2957 masius
599 2903 804 2956 omnino
832 2904 1178 2957 necessarium
1206 2924 1275 2958 ex.
1303 2906 1414 2958 sola
1448 2905 1671 2958 naturali
1708 2905 1909 2959 ratione
1946 2905 2231 2976 perspexit.

373 2990 619 3062 Equidem
648 2991 770 3045 haec
799 2991 969 3045 unitas
997 2992 1247 3058 caritatiS‚
1274 3011 1423 3063 quam
1449 2992 1585 3044 inter
1613 2991 1846 3062 proprias
1873 3009 2030 3046 verae
2055 2989 2234 3046 Eccle-

375 3079 481 3133 siae
507 3089 656 3132 notas
682 3079 780 3133 SS.
810 3079 998 3135 Patres
1026 3082 1273 3145 referunt⁷
1301 3097 1404 3132 non
1430 3078 1563 3132 illam
1590 3078 1856 3135 caritatem
1885 3079 2108 3151 respicit,
2137 3098 2233 3150 qua

377 3168 588 3239 diligere
615 3187 708 3221 nos
737 3169 973 3224 debemus
1000 3179 1174 3223 mutuo
1202 3167 1278 3220 uti
1302 3166 1534 3220 homines
1574 3165 1698 3239 (hoc
1726 3166 1858 3220 enim
1883 3187 2060 3222 amore
2087 3168 2234 3221 debe-

377 3274 486 3308 mus
515 3258 751 3329 conjungi
778 3259 858 3314 vel
885 3277 994 3312 cum
1023 3256 1331 3322 infidelibus,
1359 3255 1443 3326 qui
1469 3265 1625 3310 extra
1651 3253 1935 3310 Ecclesiam
1964 3266 2112 3324 sunt;
2142 3274 2235 3310 nec

379 3343 537 3414 siquis
565 3346 807 3415 ejusmodi
834 3365 1008 3401 amore
1036 3354 1241 3412 careat,
1282 3345 1393 3396 dum
1435 3353 1608 3398 cetera
1644 3343 1838 3411 adsint,
1881 3346 1942 3398 ab
1970 3343 2233 3399 Ecclesiae

502 3536 542 3587 *)
574 3538 619 3578 ln
652 3538 851 3592 Apparat.
888 3541 941 3581 ad
973 3544 1097 3583 tract.
1132 3541 1183 3582 de
1216 3540 1395 3592 primatu
1428 3539 1570 3592 Papae
1603 3540 1699 3592 pag.
1732 3540 1837 3580 226.
1872 3541 1914 3578 et
1943 3538 2049 3581 267.
