2314 3984
989 212 1386 284 -—‘—³2228
1482 256 1654 263 ——-

394 406 522 460 quae
549 388 739 443 scilicet
765 386 817 438 in
846 384 1084 440 Romana
1109 388 1235 442 sede·
1252 399 1287 442 a
1314 375 1593 460 SstFetro,
1627 402 1683 446 ut
1709 393 1810 457 ait,
1851 391 1902 444 in
1942 392 2251 445 successori-

393 478 485 530 bus
511 477 618 547 ejus
646 473 882 544 loquente
906 474 1245 547 praedicatur.
1297 473 1606 551 Verbaejus
1630 479 1855 534 dabimus
1882 499 2018 532 num.
2051 480 2137 535 18.

541 562 593 614 5.
635 560 835 614 Addam
875 561 1027 616 aliam
1060 561 1472 618 observationem
1501 555 1613 619 vnon
1652 567 2069 622 contemnendam
2109 565 2161 618 in
2188 585 2249 620 ea

393 648 614 722 ejusdem
642 659 922 704 conventus
948 648 1201 704 Gallicani
1226 652 1404 718 verba,
1432 651 1611 723 quibus
1632 661 1971 723 potestatem,
1998 675 2105 726 qua
2127 674 2250 724 pax

394 738 675 791 Ecclesiae
702 741 1036 801 continetur,
1073 739 1404 812 Apostolicae
1439 739 1546 794 sedi
1582 740 1898 795 tribuendam
1935 744 2124 796 fatetur
2164 742 2250 794 ad-

390 843 571 879 versus
597 824 883 878 haereticos
901 866 914 892 ,
943 825 1027 896 qui
1053 845 1163 880 eam
1192 836 1497 900 potestatem
1523 828 1787 883 destruere
1811 829 2108 894 molienteS,
2136 833 2251 882 sim-

386 914 564 982 plices
602 916 811 966 animas
850 915 917 967 ab
947 915 1228 969 Ecclesiae
1257 920 1472 977 matris,
1518 917 1826 988 Christique
1862 919 1999 969 adeo
2028 935 2251 969 commu-

393 1005 555 1054 nione
582 1003 893 1055 dissociant.
947 998 1093 1070 Quae
1133 1003 1228 1056 etsi
1266 1003 1426 1076 primo
1468 1013 1675 1076 aspectu
1702 1004 1986 1070 insinuent,
2016 1011 2252 1074 potesta-

394 1097 495 1141 tem
521 1088 766 1162 primatus
793 1090 1075 1162 propriam,
1117 1112 1223 1162 qua
1242 1111 1397 1160 pax,
1437 1109 1527 1144 seu
1553 1091 1722 1144 unitas
1739 1132 1752 1157 ,
1783 1094 2064 1145 Ecclesiae
2091 1093 2254 1144 conti·

394 1185 577 1238 netur,
616 1177 864 1230 infirmari
898 1178 980 1232 vel
1007 1179 1188 1251 negari
1214 1198 1315 1232 non
1343 1197 1524 1251 posse,
1565 1178 1683 1250 quin
1720 1179 1831 1252 ipsa
1855 1177 2121 1233 Ecclesiae
2147 1195 2251 1250 pax

395 1284 484 1318 seu
512 1264 708 1330 unitas,
750 1269 1136 1319 communionis
1173 1266 1408 1339 deinceps
1445 1266 1648 1319 nomine
1688 1267 1968 1339 appellata,
2008 1284 2135 1336 quae
2162 1284 2252 1337 per

396 1370 510 1404 eam
537 1369 640 1403 non
667 1351 956 1404 continetur
979 1352 1210 1422 ampliuS,
1235 1351 1576 1417 discindatur:
1606 1371 1717 1406 cum
1742 1362 1915 1406 tamen
1942 1353 2067 1405 haec
2092 1352 2253 1405 incul-

395 1447 574 1492 centur
601 1438 845 1492 adversus
873 1438 1188 1504 haereticOS,
1230 1438 1312 1509 qui
1338 1438 1585 1491 unitatem
1612 1437 1725 1491 fidei
1750 1439 1954 1511 proprie
1989 1438 2252 1510 impetunt,

395 1527 454 1579 de
482 1545 542 1580 ea
568 1529 965 1589 communione,
992 1530 1224 1588 unitate,
1253 1544 1310 1579 ac
1332 1546 1502 1597 pace,
1531 1544 1660 1596 quae
1688 1525 1830 1579 fidem
1859 1525 2094 1598 respicit,
2125 1525 2255 1578 acci-

396 1614 573 1686 pienda
600 1614 794 1687 pariter
823 1624 957 1667 sunt.
998 1613 1181 1685 Neque
1208 1613 1341 1668 enim
1370 1613 1468 1666 alia
1495 1614 1554 1666 de
1582 1632 1735 1666 causa
1763 1612 2124 1666 communionis
2144 1611 2255 1663 uni-

395 1712 550 1755 tatem
579 1722 687 1756 cum
718 1721 909 1754 summo
937 1701 1188 1755 Pontifice
1215 1701 1554 1754 dissociarunt
1580 1701 1848 1766 haeretici,
1878 1700 1975 1753 nisi
2003 1699 2118 1770 quia
2144 1699 2258 1752 uni·

395 1799 552 1842 tatem
581 1789 721 1855 fidei,
752 1790 811 1841 ad
842 1809 990 1860 quam
1019 1808 1081 1843 ea
1106 1799 1360 1862 potestate
1389 1788 1751 1860 adigebantur,
1786 1789 2098 1842 renuebant:
2129 1805 2255 1856 quae

396 1877 439 1929 si
468 1877 528 1930 ab
556 1877 678 1950 ipsis
706 1887 893 1930 exacta
920 1896 1021 1930 non
1049 1876 1257 1942 fuisset,
1296 1876 1695 1929 communionem
1725 1894 1833 1929 cum
1862 1895 1920 1929 eo
1948 1885 2127 1928 tenere
2154 1893 2256 1927 non

395 1974 748 2018 recusassent:
787 1965 916 2018 unde
953 1964 1100 2017 initio
1129 1964 1383 2017 scissurae
1412 1964 1782 2017 communicare
1810 1981 1864 2017 se
1904 1981 2014 2015 cum
2042 1980 2101 2015 eo
2129 1962 2258 2016 velle

396 2051 658 2117 dicebant,
696 2053 810 2104 dum
838 2051 889 2103 in
919 2051 1031 2104 fidei
1059 2050 1278 2104 dissidiis
1307 2049 1456 2103 aliter
1483 2051 1674 2104 sentire
1701 2051 1902 2105 liceret:
1931 2068 2094 2119 neque
2122 2049 2255 2102 istud

396 2138 707 2210 propositum
745 2140 1001 2211 abjecere,
1043 2138 1143 2191 nisi
1180 2157 1289 2191 cum
1327 2138 1565 2191 viderunt
1603 2139 1815 2191 alterum
1855 2138 1964 2190 sine
2001 2138 2162 2190 altero
2201 2155 2255 2189 se

394 2225 626 2278 obtinere
652 2244 752 2278 non
782 2245 949 2299 posse.
989 2224 1089 2280 Sed
1112 2227 1368 2300 apertiora
1390 2226 1795 2282 adversariorum
1816 2224 2113 2279 testimonia
2140 2241 2257 2296 pro-

398 2315 646 2366 ferantur.

1253 2451 1300 2518 ς.
1340 2450 1403 2501 11.
1448 2424 1453 2427 ’

409 2579 676 2621 'l'estimonia
713 2583 948 2633 Gersonis,
986 2582 1242 2622 Cardinalis
1278 2582 1467 2630 fusoni,
1508 2583 1693 2623 Ioannis
1723 2582 1774 2621 (le
1811 2580 2008 2632 Parisiis,
2047 2577 2260 2630 Alphonsi

977 2642 1171 2694 Tostati,
1204 2645 1245 2682 et
1277 2642 1396 2683 Petri
1430 2642 1480 2683 de
1516 2642 1684 2683 Marca.

548 2757 600 2810 6.
643 2755 772 2811 Cum
798 2757 1097 2830 praecipuae
1122 2758 1392 2830 potestatis
1419 2758 1687 2830 primatum
1716 2757 1876 2811 Petro
1915 2775 1973 2809 ac
2000 2772 2261 2808 successo-

401 2843 540 2897 ribus
580 2845 687 2916 ejus
727 2863 756 2896 a
784 2842 992 2899 Christo
1031 2846 1252 2899 delatum
1291 2846 1448 2900 fuisse
1485 2848 1547 2900 ob
1588 2846 1832 2899 unitatem
1859 2842 2258 2898 conservandam

401 2931 686 2986 adversarii
710 2933 965 3000 fatentur3
1006 2944 1110 2985 tum
1149 2952 1274 2987 vero
1305 2936 1368 2986 ob
1397 2937 1858 2987 conservationem
1883 2934 2106 2984 unitatis
2126 2931 2263 2999 fi'dei

400 3020 721 3091 potissimum
757 3021 973 3074 delatum
1005 3019 1236 3075 Joannes
1273 3019 1475 3072 Gerson
1513 3018 1918 3073 adversariorum
1959 3016 2259 3087 coriphaeus

401 3107 591 3161 diserte
628 3107 843 3179 prodidit
882 3107 936 3160 in
972 3126 1124 3180 opere
1161 3108 1249 3159 De
1270 3113 1540 3176 potestate
1569 3106 1955 3158 Ecclesiastico
1983 3103 2173 3156 consid.
2202 3102 2254 3156 9.

401 3195 485 3246 ubi
511 3204 790 3248 memorata
824 3195 1029 3248 Christi
1053 3196 1398 3247 ordinatione
1416 3195 1722 3262 primaria,
1750 3211 1856 3262 qua
1882 3192 2051 3243 voluit
2078 3191 2260 3243 Eccle-

403 3286 537 3333 siam
572 3301 722 3334 suam
757 3285 878 3352 reyi
907 3281 1298 3352 principaliter
1335 3280 1428 3332 sub
1456 3299 1592 3342 uno,
1639 3287 1691 3331 et
1716 3280 1781 3331 ab
1810 3298 1915 3331 uno
1944 3277 2257 3338 monarcha,

403 3372 542 3420 sicut
580 3376 660 3420 est
696 3388 804 3422 una
825 3371 992 3439 fides,
1031 3388 1192 3423 unum
1227 3366 1520 3437 baptisma,
1557 3374 1609 3420 et
1639 3382 1749 3419 una
1777 3367 2026 3419 Ecclesia
2052 3367 2257 3416 unitate

403 3458 598 3524 capitis
647 3463 755 3508 tam
787 3460 1074 3526 primarii,
1125 3473 1284 3526 quam
1321 3457 1540 3517 vicarii,
1590 3454 1716 3508 hanc
1755 3453 2001 3507 rationem
2041 3450 2254 3503 addidit:

413 3543 679 3603 Quoniam
707 3546 805 3596 iste
833 3551 912 3596 est
937 3547 1166 3614 optimus
1188 3545 1535 3613 principatus
1555 3543 1884 3612 praesertim
1921 3542 1975 3591 in
2005 3541 2257 3608 spiritua-
