2320 3990
943 185 1557 256 *204-

314 366 594 421 institutum
634 367 891 420 fatentur?
951 367 1167 419 Obtim’t
1203 368 1298 420 ille
1338 365 1634 439 (Romanus
1673 366 1952 442 Pontifex)
1995 374 2048 423 in
2077 390 2173 424 nos

307 461 600 527 primatum
639 458 981 508 auctoritatis
1011 456 1492 528 etjarisdictionis
1521 457 1622 508 sibi
1640 477 1680 518 ⁴a
1715 458 1932 511 Christo
1961 459 2092 512 Jesa
2118 463 2171 511 in

309 564 549 614 persona
581 545 636 596 S.
669 543 828 596 Petri
861 545 1133 598 collatum.
1209 545 1318 604 Qui
1345 544 1410 596 ab
1439 543 1543 595 hac
1579 548 1805 599 veritate
1845 549 2173 608 dissentiret,

313 633 699 694 schismaticas,
726 636 882 685 immo
911 640 963 685 et
987 634 1292 685 haereticas
1333 639 1486 684 essct.
1552 628 1640 684 Sic
1668 629 1851 686 Clerus
1878 631 2174 687 Gallicanus

313 721 361 771 iu
391 717 663 774 Conventu
689 720 860 772 habito
889 718 1110 773 Parisiis
1136 720 1394 774 mensibus
1421 718 1614 771 Martio
1642 728 1693 771 et
1707 717 1850 792 Majo
1875 722 1995 774 anni
2014 722 2171 776 1681.

314 804 462 875 Quod
487 807 647 879 ipsum
674 807 881 860 tradidit
906 807 959 860 in
988 826 1049 861 ea
1077 827 1274 879 quoque
1302 809 1698 861 Declaratione
1740 807 1862 859 anni
1897 809 2174 880 sequentiS,

312 915 408 965 qua
436 894 758 949 Pontificiam
799 896 1154 950 auctoritatem
1193 915 1433 950 coercere
1473 895 1689 961 studuit,
1729 914 1823 950 nec
1861 915 1964 949 non
1990 897 2043 950 in
2072 898 2176 969 epi-

313 983 443 1035 stola
482 983 604 1036 anni
645 984 863 1056 ejusdem
890 984 951 1036 ad
977 984 1248 1046 universos
1275 982 1575 1038 Gallicanae
1602 981 1867 1037 Ecclesiae
1894 985 2173 1054 praesules,

313 1069 560 1123 Similiter
600 1071 687 1125 alii
727 1070 980 1126 Gallicani
1021 1070 1350 1138 Conventus,
1390 1072 1526 1126 inter
1565 1090 1690 1142 quos
1727 1072 1810 1125 ille
1850 1072 1972 1125 anni
2014 1073 2173 1128 1728.

313 1170 577 1230 postquam
618 1160 838 1214 asseruit
864 1160 1132 1234 primatum
1161 1161 1340 1214 summi
1367 1158 1633 1214 Pontificis
1673 1179 1773 1214 non
1814 1161 1939 1213 meri
1968 1160 2176 1214 honoris

315 1258 365 1300 et
393 1249 585 1300 ordinis
603 1289 616 1314 ,
645 1249 732 1302 sed
760 1249 1064 1322 praecipuae
1082 1250 1457 1322 jurisdictionis
1486 1267 1545 1301 eo
1572 1258 1752 1314 textu,
1782 1267 1927 1318 quem
1955 1249 2177 1322 descrip-

317 1336 473 1388 simus
502 1355 610 1408 cap.
643 1337 693 1388 2.
724 1355 858 1388 num.
889 1336 940 1390 3.
970 1338 1030 1390 de
1056 1337 1379 1391 institutione
1420 1339 1526 1409 ejus
1554 1337 1725 1391 divina
1768 1337 1977 1390 addidit:
2022 1340 2177 1391 Haec

297 1427 618 1495 jurisdicte'o
646 1444 753 1477 non
773 1432 851 1478 est
866 1428 1000 1477 meri
1013 1425 1391 1477 Ecclesiastici
1402 1428 1572 1496 juris-3
1600 1428 1723 1494 ipsa
1749 1433 1829 1477 est
1832 1429 1983 1498 juris
2010 1428 2180 1477 divini

314 1521 364 1563 et
391 1516 741 1565 institutionis
770 1513 900 1565 Jesa
933 1513 1154 1566 Christi.
1196 1510 1389 1566 Eodem
1417 1530 1571 1566 sensu
1595 1511 1639 1564 F
1644 1513 1837 1566 acultas
1864 1511 2179 1566 parisiensis

315 1619 447 1653 anno
479 1601 637 1653 1542.
670 1601 722 1653 in
750 1619 840 1652 sua
870 1600 1055 1653 celebri
1084 1610 1263 1653 contra
1286 1598 1564 1653 Lutherum
1593 1619 1807 1653 censura
1837 1601 1964 1654 hunc
1992 1601 2179 1655 articu-

317 1690 414 1740 lum
443 1688 532 1742 23.
564 1689 758 1759 posuit:
800 1690 924 1740 Non
968 1692 1137 1740 minus
1177 1695 1381 1741 certum
1410 1696 1486 1740 est
1515 1709 1671 1741 ammi
1702 1709 1814 1743 esse.
1833 1695 1967 1761 jare
1995 1692 2176 1742 (livino

315 1796 566 1829 summum
606 1780 660 1828 in
704 1778 952 1830 Ecclesia
990 1778 1256 1829 militante
1287 1777 1635 1847 Pontificem,
1674 1781 1763 1829 cui
1801 1797 1981 1829 onznes
2029 1778 2178 1830 Cleri-

316 1871 480 1919 stiani
521 1885 728 1937 parcre
769 1872 1031 1918 tenentur.
1097 1862 1167 1917 Et
1208 1883 1343 1918 anno
1386 1864 1546 1918 1617.
1585 1863 1984 1937 propositionem
2010 1862 2178 1917 Marci

319 1953 530 2007 Antonii
560 1954 619 2006 de
648 1953 901 2020 Dominis,
930 1972 1028 2023 qua
1055 1952 1324 2025 primatum
1353 1950 1624 2007 Romanae
1664 1952 1770 2006 sedi
1808 1952 2037 2005 attribuit
2065 1953 2178 2007 aliis

319 2041 603 2094 nominibus
653 2042 864 2095 excluso
909 2043 1026 2113 jure
1065 2040 1266 2107 divino,
1321 2042 1719 2095 schismaticam
1759 2049 1811 2093 et
1848 2042 2178 2095 haercticam

318 2130 613 2184 declaravit.
655 2129 873 2202 Idipsum
897 2129 1077 2183 sanxit
1103 2146 1238 2181 anno
1258 2127 1417 2182 1683.
1442 2139 1626 2200 rogata
1654 2148 1683 2181 a
1699 2127 1896 2182 Senatu
1923 2129 2178 2183 sententia

316 2218 450 2271 circa
477 2217 740 2289 quamdam
768 2216 1184 2291 propositionem,
1212 2215 1266 2268 in
1295 2235 1393 2286 qua
1419 2216 1479 2270 de
1507 2215 1687 2269 summi
1712 2214 1980 2270 Pontificis
2008 2227 2181 2271 aucto-

319 2307 470 2360 ritate
497 2308 883 2361 decernebatur.
946 2304 1003 2358 In
1031 2305 1292 2377 prooemio
1335 2304 1468 2357 enim
1509 2303 1835 2376 pronuntiat,
1876 2303 2178 2359 Pontificem

318 2398 620 2448 immediate
661 2416 694 2447 a
728 2395 947 2448 Christo
984 2413 1094 2446 non
1135 2394 1358 2446 lionoris·
1394 2393 1595 2453 solam,
1646 2394 1746 2444 sed
1786 2396 2076 2462 potestatis
2115 2414 2180 2446 ac

302 2486 711 2555 jurisdictionis
731 2487 1027 2552 primatum
1054 2482 1254 2533 [tabere
1281 2484 1336 2532 in
1363 2487 1477 2533 tota
1492 2481 1756 2533 Ecclesia.
1808 2478 2036 2534 Infinitus
2062 2501 2179 2554 pro-

318 2571 579 2641 pemodum
606 2581 789 2635 essem,
818 2568 979 2621 sinon
1007 2569 1306 2622 absimiliter
1333 2568 1546 2621 aliorum
1572 2569 1875 2639 praesertim
1899 2567 2180 2643 Episcopo-

318 2677 428 2710 rum
468 2656 668 2711 Galliae
718 2668 823 2710 tum
875 2666 1104 2711 veterum
1143 2668 1247 2710 tum
1287 2656 1628 2711 recentiorum
1667 2656 1959 2711 testimonia
1997 2659 2178 2713 vellem

317 2746 619 2800 describere.
683 2745 737 2798 Id
763 2765 887 2817 ergo
927 2764 1038 2798 cum
1065 2747 1126 2798 ab
1154 2746 1277 2819 ipsis
1317 2763 1512 2817 quoquc
1551 2744 1870 2820 adversariis·
1901 2746 2180 2812 catholiciS,

317 2853 441 2904 quos
462 2834 555 2887 hoc
581 2835 633 2886 in
649 2853 803 2906 opere
828 2834 1196 2906 i111pug11a11dos
1221 2833 1342 2886 mihi
1369 2834 1624 2907 proposui,
1648 2834 1970 2899 concedatur,
1999 2834 2181 2887 fusius-

317 2941 411 2991 que
438 2923 498 2974 ab
528 2922 651 2993 ipsis
674 2922 828 2975 etiam
849 2931 1120 2986 statuatur,
1148 2940 1259 2974 cum
1286 2921 1530 2975 adversus
1556 2922 1925 2988 schismaticOS,
1952 2923 2034 2976 vel
2061 2922 2180 2975 hae-

319 3010 506 3062 reticos
534 3020 707 3078 agunt,
734 3011 878 3083 plura
904 3010 1158 3063 disserere
1186 3026 1309 3079 opus
1337 3027 1439 3061 non
1467 3018 1563 3061 est.

465 3098 517 3151 3.
582 3096 762 3170 Neque
802 3096 1227 3172 praetereundum
1271 3095 1497 3149 arbitror
1548 3096 1810 3166 quemdam
1849 3095 2178 3169 Anonymum

322 3196 577 3239 auctorem
618 3187 787 3259 operis
827 3186 1089 3259 inscripti,
1140 3185 1327 3238 Traite'
1365 3187 1432 3237 de
1460 3186 1737 3237 l’autorite'
1774 3187 1848 3237 da
1879 3186 2036 3255 Pape
2064 3188 2098 3236 ἁ
2126 3187 2180 3238 la

327 3276 484 3346 Haye
503 3275 661 3340 1790,
689 3276 771 3345 qui
798 3276 925 3329 libro
954 3274 1114 3348 primo
1136 3292 1246 3346 cap.
1264 3273 1316 3327 6.
1334 3282 1543 3326 nostrae
1563 3272 1898 3344 propositioni
1926 3278 2180 3326 contraire

323 3362 549 3427 videtur,
578 3379 688 3414 cum
720 3364 956 3416 Romani
982 3365 1249 3434 Episcopi
1266 3365 1562 3432 primatum.
1588 3365 1806 3414 nonnisi
1813 3364 1966 3435 juris
1996 3363 2179 3414 Eccle-

325 3453 533 3502 siastici
559 3467 673 3502 esse
701 3457 908 3503 statuat.
953 3452 1027 3504 At
1052 3461 1257 3525 praeter
1283 3469 1431 3521 quam
1458 3450 1585 3519 quod
1614 3449 1657 3502 is
1683 3450 1881 3502 modum
1909 3467 1968 3503 ae
1995 3448 2179 3503 limites

325 3557 355 3590 a
395 3537 580 3592 ceteris
619 3556 815 3609 quoque
853 3537 1014 3592 Gallis
1054 3539 1314 3614 praefixos
1353 3537 1556 3593 nimium
1598 3538 1801 3590 multum
1841 3538 2178 3604 transcurrit3
