2320 3990
918 239 1087 277 xxvll

499 417 501 419 ·
552 396 595 448 §-
621 393 676 437 Π.
709 431 712 435 ,
735 390 1114 437 PROPOSITIO
1135 387 1448 433 SECUNDA.

147 484 212 527 Ut
227 481 474 526 auctoritas
491 495 756 532 summorum
772 480 1039 525 Pontificum
1055 479 1117 524 sit
1131 493 1215 537 per
1229 493 1278 521 se
1295 472 1792 544 sufficiensadconser—

89 544 274 587 vandam
296 541 341 584 in
368 547 464 584 tota
481 542 685 585 Ecclesia
707 542 926 584 unitatem
948 538 1078 592 fidei,
1106 537 1244 581 debet
1269 539 1369 587 esse
1394 549 1482 578 non
1498 549 1608 578 merl
1624 533 1794 578 ordinm

91 608 138 646 et
162 601 339 645 honoris
365 602 704 657 praerogativa,
736 600 816 644 sed
837 597 1191 656 jurisdictionem
1216 595 1408 653 aliquam
1425 594 1696 650 peculiarem
1712 591 1795 636 sibi

91 666 410 718 competentem
438 661 649 718 requirit,
681 675 797 718 quae
828 672 912 716 per
942 673 991 700 se
1023 655 1177 712 exigat
1208 661 1257 698 et
1287 653 1458 709 obliget
1481 652 1538 695 ad
1563 651 1668 694 fidei
1693 651 1791 695 uni·
1824 707 1904 752 351

89 727 238 763 tatem.
272 748 844 762 ....................
850 749 854 752 -
861 742 1528 759 .......................
1536 722 1559 754 ’.
1578 744 1588 753 .
1606 741 1619 754 .
1637 744 1646 753 .
1687 725 1791 769 pag.

563 823 603 876 §-
634 821 710 864 111.
771 817 1149 864 PROPOSITIO
1183 815 1432 860 TERTIA.

148 909 427 966 Auctoritas,
457 924 572 968 quae
596 909 643 952 in
669 906 933 952 definiendis
956 906 1068 950 fidei.
1090 904 1409 950 controversiis
1426 903 1486 948 sit
1502 918 1586 961 per
1601 902 1651 946 se
1667 903 1794 948 suffi-

90 969 210 1012 ciens
235 969 291 1011 ad
318 969 579 1026 exigendam
605 975 653 1012 et
678 966 1025 1012 conservandam
1051 965 1159 1018 fidei
1184 965 1425 1014 unitatem,
1456 964 1523 1007 ita
1538 978 1621 1020 per
1636 979 1685 1006 se
1703 963 1795 1006 sola

91 1028 227 1070 debet
263 1029 462 1084 obligare
498 1036 635 1085 atque
669 1027 901 1080 sufficere,
932 1033 985 1068 ut
1010 1025 1122 1068 alius
1146 1024 1433 1067 auctoritatis
1455 1023 1682 1080 praesidio
1708 1037 1795 1066 non

91 1094 246 1142 egeat:
280 1102 332 1129 ac
352 1092 594 1143 propterea
608 1086 847 1130 Pontificia
862 1085 1110 1128 auctoritas
1123 1119 1133 1138 ,
1166 1098 1281 1140 quae
1298 1098 1381 1140 per
1397 1098 1446 1126 se
1462 1082 1693 1126 sufficiens
1711 1088 1794 1133 est,

89 1160 142 1187 ac
169 1145 256 1195 dici
282 1145 417 1188 debet
443 1147 500 1189 ad
526 1145 872 1190 conservandam
899 1150 945 1187 et
972 1144 1235 1200 exigendam
1250 1142 1359 1186 fidei
1374 1142 1589 1186 unitatem
1606 1141 1663 1184 ad
1680 1141 1798 1184 hunc

90 1204 218 1246 finem
243 1204 529 1249 obtinendum
551 1206 709 1263 nequit
725 1220 860 1261 egere
877 1219 1098 1247 consensu
1113 1203 1362 1246 Ecclesiae.
1388 1235 1398 1244 .
1420 1235 1430 1244 .
1450 1234 1460 1243 .
1478 1235 1487 1244 .
1507 1235 1516 1244 .
1539 1234 1549 1243 .
1567 1235 1576 1244 .
1597 1233 1606 1243 .
1627 1233 1637 1242 .
1658 1232 1668 1242 .
1690 1233 1698 1241 .
1719 1235 1726 1242 .
1747 1231 1759 1243 .
1778 1234 1785 1242 .
1830 1197 1915 1239 :352²

553 1311 594 1362 ς.
626 1308 700 1351 IV.
762 1306 1139 1351 PROPOSITIO
1181 1300 1449 1356 QUAR‘TA.

154 1396 428 1446 Auctoritas,
463 1410 577 1452 quae
605 1395 664 1438 sit
690 1410 772 1452 per
796 1411 844 1437 se
862 1395 1089 1437 sufficiens
1107 1394 1162 1436 ad
1181 1392 1443 1448 exigendam
1461 1398 1507 1433 et
1525 1405 1792 1435 conservan—

94 1453 191 1495 dam
215 1453 320 1496 fidei
347 1455 561 1497 unitatem
585 1454 632 1497 in
655 1461 751 1497 tota
768 1454 996 1503 Ecclesia,
1030 1468 1083 1496 ea
1107 1452 1152 1495 vi
1179 1451 1384 1508 praedita
1403 1466 1502 1493 esse
1521 1451 1676 1504 debet,
1709 1466 1797 1508 qua

94 1513 149 1554 ad
174 1514 386 1555 unitatem
413 1513 580 1569 obliget
598 1529 683 1556 non
702 1514 875 1569 aliquos
891 1519 1085 1566 tantum,
1115 1511 1196 1554 sed
1213 1526 1361 1554 omnes
1380 1510 1678 1563 Christianos,
1711 1526 1797 1554 non

94 1579 178 1612 tam
213 1571 498 1615 distributive
532 1587 661 1629 quam
694 1572 927 1615 collective
960 1578 1159 1628 sumptos
1176 1605 1186 1623 ,
1221 1585 1276 1612 ex
1308 1570 1470 1627 quibus
1495 1571 1681 1628 sumptis
1708 1570 1799 1612 col-

93 1629 251 1671 lective
279 1637 451 1672 constat
466 1631 565 1687 ipsa
583 1631 799 1673 catholica
814 1631 1035 1673 Ecclesia.
1062 1661 1072 1671 .
1093 1663 1101 1671 .
1123 1662 1132 1671 .
1153 1663 1161 1671 .
1181 1661 1191 1671 .
1211 1661 1222 1671 .
1243 1662 1251 1670 .
1270 1661 1280 1671 .
1302 1662 1311 1671 .
1331 1662 1341 1671 .
1361 1662 1369 1670 .
1391 1661 1400 1670 .
1421 1661 1431 1670 .
1451 1662 1459 1670 .
1481 1661 1490 1670 .
1510 1661 1519 1670 .
1540 1663 1548 1671 .
1568 1661 1579 1672 .
1599 1662 1608 1672 .
1629 1663 1638 1671 .
1658 1661 1669 1671 .
1689 1663 1697 1671 .
1718 1660 1728 1670 .
1749 1663 1758 1671 .
1779 1663 1787 1671 .
1830 1627 1915 1670 357

575 1733 615 1785 ξ.
649 1732 701 1774 V.
763 1731 1138 1774 PROPOSITIO
1172 1730 1428 1781 QUINTA.

150 1818 425 1870 Auctoritas,
473 1833 588 1875 quae
627 1818 674 1861 in
716 1819 1100 1862 conservationem
1139 1818 1328 1863 unitatis
1367 1817 1474 1861 fidei
1515 1816 1796 1862 definitiones

92 1876 362 1932 dogmaticas
390 1877 507 1932 edit,
540 1878 608 1921 his
636 1878 968 1922 definitionibus
994 1879 1279 1935 dogmaticis,
1310 1884 1362 1921 ut
1386 1877 1431 1920 in
1451 1879 1798 1922 conservandam

91 1935 197 1978 fidei
220 1936 434 1980 unitatem
456 1937 705 1991 sufficiant,
738 1939 938 1995 obligare
958 1939 1094 1981 debet
1111 1953 1282 1991 omneS,
1314 1953 1399 1980 non
1418 1937 1473 1979 ad
1490 1951 1653 1980 meram
1671 1944 1794 1981 exte-

94 1995 252 2037 riorem
275 1997 625 2051 observantiam,
657 1997 735 2040 sed
766 1998 823 2041 ad
849 2013 1078 2041 assensum
1105 2004 1152 2041 et
1176 1998 1436 2054 obsequium
1461 1997 1644 2041 mentis:
1677 1998 1799 2055 quod

92 2068 189 2095 cum
206 2054 310 2096 fidei
335 2056 633 2099 necessarium
651 2057 731 2111 sit,
763 2058 857 2100 sine
876 2072 928 2100 eo
944 2057 1052 2100 fidei
1067 2058 1214 2101 unitas
1233 2057 1405 2100 servari
1423 2071 1510 2099 non
1527 2064 1695 2114 posset.
1718 2091 1728 2100 .
1750 2090 1759 2099 .
1777 2090 1786 2099 .
1829 2056 1916 2099 358

581 2159 621 2210 §-
655 2158 727 2198 VI.
791 2156 1165 2201 PROPOSITIO
1199 2160 1420 2202 SEXTA.

152 2233 388 2277 Pontificia
404 2236 670 2289 auctoritas,
696 2251 811 2292 quae
829 2238 885 2280 ab
903 2238 1102 2281 omnibus
1121 2237 1388 2281 Christianis
1408 2237 1540 2280 etiam
1555 2238 1795 2296 Episcopis

95 2291 236 2347 exigit
253 2293 513 2349 obsequium
537 2301 584 2337 et
599 2310 828 2338 assensum
842 2297 1064 2339 internum
1080 2298 1310 2354 proprium
1326 2297 1430 2340 fidei
1448 2312 1558 2353 erga
1574 2298 1796 2341 definitio-

94 2365 171 2392 nes
198 2365 224 2393 a
247 2352 424 2394 summis
439 2353 733 2396 Pontificibus
760 2355 903 2398 editas
917 2388 926 2406 ,
961 2371 1129 2399 omnem
1154 2356 1476 2400 dubitationem
1493 2357 1630 2400 debet
1647 2359 1793 2401 exclu-

93 2409 222 2461 dere,
254 2411 319 2453 ita
345 2417 396 2453 ut
423 2411 630 2455 dubitare
656 2428 743 2456 non
769 2414 926 2469 liceat,
961 2431 1062 2458 num
1086 2416 1172 2470 illi,
1207 2431 1304 2459 cum
1330 2416 1435 2458 fidei
1463 2418 1796 2461 controversias

92 2467 328 2524 definiunt,
360 2470 405 2513 in
423 2470 522 2527 ipsa
539 2472 796 2516 definitione
813 2481 964 2517 errent
969 2505 1786 2519 ............................
1829 2475 1916 2517 361)

538 2576 578 2627 §.
612 2575 705 2618 VII.
766 2576 1144 2621 PROPOSITIO
1177 2579 1462 2622 SEPTIMA.

151 2657 416 2727 Auctoritas·
437 2660 694 2716 Pontificia,
742 2664 869 2719 cujus
910 2665 1192 2709 definitiones
1232 2666 1509 2722 dogmaticae
1540 2667 1587 2710 in
1618 2682 1795 2710 conser-

94 2722 317 2759 vationem
342 2719 528 2761 urutatis
554 2721 660 2764 fidei
685 2722 833 2765 editae
851 2724 1050 2780 obligant
1066 2731 1204 2768 totam
1219 2726 1468 2768 Ecclesiam
1491 2727 1549 2769 ad
1565 2741 1795 2770 assensum

93 2774 199 2816 fidei
221 2775 331 2830 ipsis
358 2776 689 2822 definitionibus
713 2783 1051 2836 praestandum,
1083 2784 1203 2826 omni
1223 2784 1499 2827 dubitatione
1516 2786 1717 2836 exclusa,
1748 2786 1795 2828 in

94 2832 343 2900 definiendo
385 2835 628 2880 infallibilis
668 2838 855 2882 dicenda
897 2847 991 2895 est,
1033 2846 1086 2884 ut
1114 2842 1215 2897 ipsa
1244 2842 1451 2885 Ecclesia
1480 2858 1535 2886 ex
1566 2844 1795 2900 promissis

94 2891 261 2934 Chnsti
289 2897 360 2935 est
386 2893 630 2939 infallibilis
634 2929 1786 2946 ........................................
1827 2901 1915 2945 36⁰

542 3001 583 3053 §.
615 3000 730 3044 vm.
790 3002 1169 3047 PROPOSITIO
1203 3003 1464 3047 OCTAVA.

151 3075 319 3124 Eadem
334 3083 598 3130 Pontificum
619 3087 909 3134 infallibilitas
935 3092 1157 3135 evincitur
1180 3093 1252 3136 vel
1277 3093 1462 3136 maxime
1486 3108 1541 3136 ex
1565 3093 1793 3150 promissis

95 3138 263 3183 Christi
283 3141 416 3184 factis
432 3144 480 3186 S.
497 3145 636 3190 Petro
649 3182 659 3201 ,
692 3162 745 3191 ac
769 3165 823 3192 ex
845 3151 1086 3194 traditione
1103 3153 1287 3195 Patrum
1292 3183 1780 3196 .................
1824 3151 1908 3196 364

154 3228 194 3279 ξ.
213 3227 303 3296 JX.
365 3229 596 3288 Effugium
610 3235 823 3281 Bossueti
849 3238 1166 3296 distinguentis
1192 3240 1312 3283 inter
1336 3241 1495 3284 seriem
1513 3247 1560 3285 et
1573 3256 1790 3298 personas

93 3284 356 3330 Pontificum
377 3305 506 3345 quam
528 3293 659 3336 inane
675 3302 724 3338 et
739 3311 1008 3354 repugnans.
1035 3329 1781 3344 ..........................
1825 3300 1909 3343 3ίί7

154 3374 194 3425 §.
227 3373 285 3416 Χ.
347 3376 538 3422 Errores
555 3381 840 3438 Pontificum,
873 3387 950 3442 qui
973 3388 1030 3430 ab
1047 3387 1317 3431 adversariis
1335 3398 1640 3445 opponuntur,
1674 3399 1725 3433 ut
1745 3391 1790 3433 in

98 3444 185 3500 rem
201 3443 480 3503 praesentem
497 3440 742 3495 probarent
755 3445 934 3502 aliquid,
966 3447 1053 3490 duo
1069 3447 1299 3504 probanda
1317 3455 1488 3491 essent:
1520 3450 1552 3491 Ι.
1582 3464 1791 3498 errorem,

97 3502 172 3543 qul
197 3501 460 3549 Opponltur,
491 3498 555 3541 ita
582 3514 680 3544 esse
711 3509 878 3547 certum
906 3519 1099 3550 errorem
1117 3506 1221 3549 fidei
1239 3514 1290 3551 ut
1306 3507 1423 3551 nulla
1440 3509 1583 3565 possit
1601 3516 1708 3566 apta
1725 3509 1789 3552 in—
