2320 3990
672 281 846 294 --
937 245 1061 304 123
1123 276 1322 290 ——-—-

91 428 263 481 taionis
299 424 550 475 societate
585 419 893 472 concordat.
963 413 1020 466 ln
1056 411 1184 466 hunc
1211 409 1387 483 Optati
1423 415 1621 462 textum
1665 409 1904 461 nonnulla

90 507 449 566 consideranda
473 514 605 558 sunt.
658 502 942 557 Cathedrae
966 516 1150 554 nomen
1176 494 1530 550 auctoritatem
1559 489 1904 565 Episcopalem

91 594 279 661 innuit3
305 591 432 646 unde
443 590 805 663 Episcoporum
830 595 1022 641 tantum
1043 583 1279 639 cathedra
1290 581 1495 653 propria
1520 588 1615 633 est.
1655 577 1730 633 lta
1754 596 1905 651 porro

92 680 326 735 cathedra
349 698 482 740 ana,
507 680 696 737 unica,
722 675 1010 744 sinyularis
1036 670 1088 723 in
1113 677 1221 721 tota
1244 665 1475 720 Ecclesia
1511 665 1691 718 dicitur
1717 666 1778 718 ab
1805 664 1909 738 Op-

91 776 216 831 tato,
241 765 314 818 uti
327 767 709 834 Episcopatam
733 778 893 814 anum
912 776 943 811 a
962 754 1224 828 Cypriano
1251 752 1550 825 appellatum
1575 751 1787 807 vidimus
1808 771 1909 805 non

93 852 252 905 minus
278 869 425 920 quam
438 850 494 920 *)
520 849 829 902 cathedram
853 861 1036 904 anam,
1070 850 1127 892 ut
1151 858 1215 893 ne
1241 837 1326 892 alii
1350 836 1589 910 Episcopi
1613 839 1673 891 ab
1699 836 1910 910 Episco-

93 947 211 1009 patu
243 938 326 991 vel
359 935 595 989 cathedra
630 931 979 986 excludantur.
1044 925 1188 980 Sicut
1227 925 1359 978 enim
1398 924 1543 976 unius
1580 922 1911 997 Episcopatus

96 1033 288 1094 partem
313 1021 495 1092 singuli
519 1027 692 1072 tenent
715 1016 986 1088 propriam,
1013 1031 1083 1068 ex
1108 1012 1285 1083 quibus
1311 1009 1538 1063 omnibus
1565 1011 1709 1064 simul
1733 1012 1912 1067 cohae-

95 1108 318 1162 rentibus
343 1124 468 1159 unus
490 1103 823 1175 Episcopatus
850 1100 1112 1166 coalescit3
1148 1099 1220 1151 ita
1245 1108 1296 1151 et
1330 1095 1594 1150 cathedrae
1628 1098 1772 1151 unius
1797 1117 1914 1169 par-

96 1203 191 1246 tem
230 1200 402 1245 tenent
445 1189 658 1260 singuli,
697 1206 767 1242 ex
802 1188 981 1257 quibus
1017 1185 1243 1238 omnibus
1278 1184 1517 1256 copulatis
1555 1201 1655 1235 una
1682 1183 1913 1236 cathedra

96 1278 322 1331 efficitur.
374 1275 449 1328 At
474 1275 603 1329 sicut
627 1273 960 1347 Episcopatus
985 1273 1154 1324 unitas
1181 1273 1428 1324 formatur
1451 1271 1503 1322 in
1529 1268 1714 1334 Petro,
1742 1279 1914 1339 quate-

96 1382 188 1416 nus
225 1381 396 1416 omnes
423 1361 578 1415 Petro
617 1379 845 1432 supremo
871 1358 1121 1431 Episcopo
1161 1357 1213 1408 in
1251 1357 1443 1409 unitate
1482 1355 1840 1409 communionis
1867 1367 1912 1408 et

97 1449 207 1501 fidei
233 1448 619 1511 adhaerescunt,
659 1447 731 1498 ita
755 1456 998 1515 quatenus
1036 1460 1208 1495 omnes
1236 1441 1381 1495 Petri
1418 1441 1681 1494 cathedrae
1708 1451 1917 1511 utraque

98 1534 288 1586 unitate
315 1532 602 1597 adhaerent,
629 1531 863 1584 cathedra
889 1531 943 1582 in
962 1528 1120 1582 Petro
1145 1528 1335 1599 pariter
1364 1546 1459 1580 una
1486 1526 1725 1593 efficitur,
1755 1538 1805 1581 et
1825 1528 1917 1582 hac

100 1620 292 1672 ratione
316 1619 367 1671 in
394 1637 454 1671 ea
479 1638 585 1671 una
611 1620 871 1671 cathedra
896 1620 1073 1669 unitas
1100 1623 1342 1668 servatur
1367 1616 1432 1666 ab
1460 1616 1713 1675 omnibuS,
1732 1614 1814 1681 *Ἴ
1852 1635 1918 1667 ne

98 1707 263 1756 cete-ri
274 1702 523 1772 Apostoli
545 1706 800 1772 sinyulas,
819 1702 954 1754 idest
973 1709 1234 1771 separatas
1256 1699 1540 1762 cathedras,
1568 1702 1670 1751 sibi
1695 1705 1917 1770 quisque

100 1791 407 1856 defendant,
435 1798 581 1858 atque
607 1788 932 1842 constituant.

244 1874 329 1926 19.
381 1872 640 1927 Unitatem
667 1875 860 1945 quidem
885 1872 1242 1926 communionis
1268 1889 1377 1923 cum
1398 1869 1543 1924 Petri
1572 1870 1807 1924 cathedra
1834 1890 1920 1924 ne-

105 1959 374 2013 cessariam
401 1973 470 2012 ex
495 1958 603 2031 ipso
631 1958 805 2032 Optati
828 1969 975 2012 textu
1000 1976 1172 2011 omnes
1200 1967 1506 2028 agnoscunt,
1547 1975 1655 2010 cum
1682 1958 1921 2011 adversus

101 2045 396 2099 Donatistas
417 2054 552 2116 agat,
570 2055 627 2096 ut
647 2063 734 2098 eos
754 2046 815 2097 ab
835 2045 979 2116 hujus
1004 2044 1267 2097 cathedrae
1293 2044 1636 2097 communione
1662 2055 1922 2116 separatos

104 2131 262 2202 aperti
298 2131 578 2183 schismatis
619 2139 887 2200 coarguat3
925 2130 1053 2181 unde
1092 2130 1191 2180 ait:
1243 2130 1313 2181 Ut
1325 2135 1447 2201 jam
1486 2132 1847 2183 schismaticus
1876 2141 1926 2183 et

98 2224 355 2284 peccator
383 2223 532 2279 esset,
560 2219 652 2284 qui
675 2222 864 2267 contra
890 2216 1212 2283 sirzyalarern
1238 2215 1548 2267 cathedram
1574 2217 1798 2267 alteram
1819 2218 1923 2267 col-

107 2306 323 2354 locaret.
373 2300 504 2353 Hinc
541 2300 691 2353 etiam
725 2318 847 2352 mox
874 2318 929 2352 se
956 2318 1014 2352 ac
1040 2309 1195 2351 totum
1232 2299 1400 2352 orbem
1437 2318 1544 2352 cum
1584 2319 1644 2352 ea
1671 2300 1922 2366 cathedra,

107 2406 195 2440 seu
221 2406 329 2441 cum
355 2386 588 2440 Romano
614 2384 860 2439 Pontifice
886 2385 995 2456 ***)
1034 2391 1090 2438 in
1116 2405 1223 2438 una
1257 2390 1635 2438 communionis
1674 2392 1924 2440 societate

105 2476 420 2526 concordem
443 2490 532 2543 pro
560 2490 682 2525 vera
706 2470 935 2524 Ecclesia
969 2470 1240 2525 habendum
1283 2473 1565 2537 contendit,
1606 2473 1923 2543 eamdemque

106 2558 496 2611 conmumionem
532 2557 900 2611 custodiendam
933 2557 1112 2610 iterum
1149 2558 1322 2611 suadet
1347 2558 1431 2610 lib.
1464 2558 1511 2612 7.
1542 2577 1583 2611 c.
1613 2558 1663 2611 3.
1692 2559 1916 2630 Aposto-

110 2645 264 2695 lorum
306 2644 569 2714 exemplo,
606 2643 687 2712 qui
714 2646 849 2695 bono
887 2647 1104 2696 unitatis
1128 2664 1235 2714 per
1272 2649 1548 2697 caritatem
1585 2647 1872 2699 noluerunt
1895 2668 1926 2698 a

114 2730 266 2780 Petri
303 2728 446 2798 (licet
484 2727 736 2781 Christum
774 2729 1039 2799 negasset)
1071 2734 1434 2782 communione
1467 2734 1746 2792 recedere3
1782 2731 1926 2799 idque

229 2888 267 2940 ·)
299 2890 361 2928 Ita
391 2889 621 2940 Cyprianus
653 2888 776 2941 epist.
807 2888 879 2928 40.
925 2886 1170 2928 cathedram
1209 2898 1340 2928 unam
1380 2898 1510 2939 super
1548 2892 1714 2939 petram
1755 2888 1929 2931 Domini

108 2960 207 2989 voce
228 2948 467 2998 fundatam
498 2947 689 2988 affirmat.

227 3018 285 3072 ⁸*)
318 3019 383 3062 Ne
414 3021 541 3061 ceteri
571 3020 794 3070 Apostoli,
827 3019 985 3071 inquit,
1021 3019 1128 3059 unde
1159 3019 1426 3070 intelligimus
1459 3031 1507 3060 ex
1540 3021 1681 3072 Optati
1722 3023 1928 3062 sententia

114 3081 236 3119 etiam
261 3081 478 3132 Apostolos
506 3080 546 3119 in
574 3090 654 3119 una
679 3080 808 3127 Petri,
840 3091 983 3130 nempe
1016 3079 1164 3130 capitis
1191 3079 1268 3126 sui,
1301 3079 1500 3118 cathedra
1531 3081 1726 3120 unitatem
1759 3093 1928 3121 servare

115 3138 321 3185 debuisse,
355 3139 610 3190 idipsumque
644 3138 796 3178 debere
830 3141 1045 3190 praestare
1076 3139 1206 3178 totius
1238 3138 1350 3177 orbis
1375 3137 1609 3190 Episcopos
1638 3139 1928 3190 Apostolorum

115 3207 388 3244 successores,
415 3209 517 3247 quos
545 3197 708 3249 quidem
732 3209 872 3237 omnes
896 3196 971 3236 hac
997 3197 1049 3236 de
1066 3208 1193 3236 causa
1217 3208 1307 3237 cum
1323 3197 1508 3236 Romano
1525 3197 1728 3237 Pontifice
1745 3200 1790 3238 S.
1814 3199 1928 3240 Petri

114 3266 354 3295 successore
384 3254 644 3296 formatarum
676 3257 880 3296 societate
913 3255 1210 3296 communicare
1241 3259 1285 3295 et
1318 3255 1570 3296 concordare
1600 3259 1795 3299 testatur.

233 3326 315 3376 m)
347 3327 547 3368 Similiter
563 3342 600 3370 c.
618 3331 660 3370 6.
678 3331 758 3370 ait:
794 3329 1016 3381 Cathedra,
1044 3341 1167 3381 quam
1184 3329 1459 3379 probavimus
1473 3340 1551 3381 per
1566 3329 1750 3382 Petrum,
1779 3335 1927 3371 nostra

115 3388 201 3426 est:
234 3385 342 3426 idest
366 3387 666 3438 interpretante
691 3388 952 3441 Albaspineo,
985 3400 1064 3440 per
1088 3388 1433 3441 communionem,
1464 3401 1591 3441 quam
1613 3387 1810 3430 habemus
1834 3402 1926 3431 cum

114 3455 273 3544 sunzmo
311 3443 524 3545 Ppntt'fioe.
589 3445 644 3486 Et
677 3459 714 3486 c.
742 3447 784 3487 9.
817 3448 856 3488 in
890 3446 1364 3490 eamdemsententiam:
1412 3447 1622 3490 cathedra
1658 3447 1784 3496 Petri,
1819 3461 1926 3504 quae

116 3513 193 3543 nos
211 3515 262 3544 ra
294 3517 336 3545 es
358 3537 367 3548 .
