2314 3984
917 224 1104 238 —-—-—·
1183 197 1314 256 386
1403 232 1578 239 --—

325 370 582 412 Auctoritati
607 368 722 409 sedis
747 367 1019 421 Apostolicae
1041 368 1220 421 cogendi
1252 381 1327 422 per
1358 383 1406 412 se
1437 371 1494 412 ad
1522 373 1728 414 unitatem
1760 371 1862 413 nihil
1892 372 2078 414 adimunt
2110 385 2184 413 an-

385 433 598 484 tiquorum
625 431 798 477 textus,
835 429 904 480 qui
938 440 1030 469 cum
1062 441 1114 470 ea
1145 429 1395 479 Ecclesiae,
1439 434 1512 472 aut
1545 435 1817 474 conciliorum
1851 434 1977 474 etiam
2006 445 2185 486 genera-

381 493 483 533 lium
505 489 820 539 auctoritatem,
853 492 927 530 aut
957 489 1071 530 illam
1103 501 1155 530 ex
1187 491 1283 531 istis
1317 489 1578 533 confirmant.
1611 493 1717 534 205.
1749 494 1854 534 222.
1887 494 1993 535 261.
2025 494 2131 535 262.

324 555 367 596 S.
391 550 615 602 Augustini
645 552 788 590 textus
818 561 896 602 pro
929 551 1174 591 necessaria
1204 552 1368 591 unitate
1400 563 1492 592 cum
1525 555 1824 596 communionis
1842 558 1929 595 tum
1960 554 2059 594 fidei
2092 566 2185 595 cum

385 612 487 652 sede
519 610 769 663 Apostoliea
802 610 903 652 147.
939 614 982 650 et
1001 623 1119 663 seqq.
1154 613 1257 652 155.
1292 616 1334 652 et
1352 624 1470 664 seqq.
1519 614 1606 654 Cur
1636 613 1739 655 nihil
1770 615 1910 656 obsint
1942 627 2049 667 quae
2081 615 2186 655 scri-

384 673 470 725 psit
510 672 553 710 in
595 671 843 723 quaestione
884 672 937 711 de
967 672 1174 724 baptismo
1218 685 1294 725 pro
1328 672 1549 724 eripienda
1579 674 1818 715 Donatistis
1850 676 2105 716 auctoritate
2137 675 2183 714 S.

381 731 600 785 Cypriani.
635 731 740 772 164.
776 735 818 772 et
850 740 966 784 seqq.
1040 732 1146 784 Ejus
1186 745 1337 785 scopus
1378 736 1421 773 et
1462 746 1580 774 mens
1620 735 1896 788 explicantur.
1940 736 2043 776 165.
2080 735 2182 776 166.

384 794 488 834 173.
523 792 626 832 174.
690 792 884 843 Objectio
927 804 978 832 ex
1023 793 1267 845 quibusdam
1311 795 1402 845 eJus
1448 795 1589 835 verbis
1628 795 1813 846 intorta,
1856 796 2035 848 duplici,
2078 796 2184 836 salsa

382 853 607 907 hypothesi
641 852 802 895 nititur.
839 852 939 894 174.

325 915 436 956 Aviti
468 913 720 954 Viennensis
751 913 1041 954 testimonium
1074 912 1126 952 de
1159 914 1375 965 obsequio,
1411 927 1489 966 quo
1524 916 1734 958 Gallicani
1766 915 2054 968 suscipiebant
2077 915 2186 967 Apo-

382 975 558 1016 stolicae
589 973 703 1014 sedis
726 974 891 1026 Judicia
922 974 965 1014 in
997 975 1173 1015 materia
1202 974 1319 1019 fidei.
1351 975 1457 1016 212.

327 1036 535 1077 Aureliani
566 1035 841 1087 Imperatoris
883 1034 1055 1076 Ethnici
1099 1035 1384 1076 testimonium
1427 1048 1502 1088 pro
1547 1037 1712 1078 unitate
1758 1037 2060 1078 communionis
2093 1047 2185 1075 cum

381 1098 572 1137 Romano
602 1095 832 1181 Episcopo.
867 1094 968 1136 139.
1005 1095 1107 1136 140.

320 1200 571 1263 Baebiarii
602 1199 902 1268 testim9nium.
919 1197 1057 1267 28οξ
1386 1249 1391 1252 .

320 1278 506 1320 Bahanis
537 1275 717 1316 Patricii
747 1276 865 1315 locus
906 1274 961 1314 de
990 1231 1208 1316 Romanae
1241 1255 1464 1317 Ecclesiae
1509 1261 1610 1316 fide
1636 1289 1687 1318 ex
1727 1252 1836 1317 actis
1870 1276 2048 1317 Concilii
2076 1276 2184 1320 VIII.

382 1339 486 1379 153.
520 1337 563 1376 in
593 1339 711 1375 nota.

320 1399 517 1441 Baluzius
549 1396 760 1436 laudatus.
793 1393 896 1436 141.
932 1393 1035 1433 146.
1067 1394 1174 1434 232.

322 1460 539 1512 Baptisma
572 1460 695 1496 extra
725 1455 960 1495 Ecclesiam
994 1454 1245 1496 catholicam
1279 1456 1477 1496 collatum
1510 1468 1604 1496 num
1637 1461 1748 1497 esset
1781 1456 1990 1504 validum,
2023 1458 2069 1497 S.
2102 1456 2183 1507 Cy-

382 1519 520 1572 priani
553 1520 696 1557 aetate
730 1517 772 1556 in
805 1517 1054 1567 quaestione
1088 1519 1179 1556 erat
1211 1517 1391 1556 nondum
1414 1517 1601 1557 definita.
1630 1517 1729 1560 119.
1751 1517 1853 1557 120.
1877 1518 1978 1558 166.
2005 1519 2048 1556 et
2068 1529 2182 1568 seqq.

383 1583 602 1625 Quatenus
634 1577 784 1617 habita
813 1575 942 1617 fuerit
983 1578 1176 1628 quaestio
1211 1576 1474 1629 disciplinae.
1509 1578 1608 1622 167.
1673 1577 1946 1618 Consuetudo
1979 1578 2182 1624 Romana,

382 1653 503 1693 quam
538 1639 782 1691 Stephanus
813 1638 933 1690 Papa
973 1638 1229 1689 sequendam
1273 1642 1578 1691 praeceperat,
1621 1639 1827 1691 quomodo
1861 1638 2034 1678 detecta
2076 1649 2185 1678 com-

381 1702 517 1742 munis
549 1701 726 1741 aliarum
757 1699 1068 1746 Ecclesiarum‚
1117 1711 1169 1739 ac
1199 1699 1369 1739 tandem
1405 1700 1595 1751 quaestio
1629 1700 1820 1740 definita.
1853 1700 1956 1740 171.
1991 1702 2035 1739 et
2067 1711 2184 1750 seqq.

322 1764 366 1802 S.
401 1762 583 1803 Basilius
626 1761 680 1800 ad
719 1760 968 1811 disciplinae
1012 1761 1227 1811 negotium
1269 1761 1464 1800 retulisse
1505 1761 1674 1801 videtur
1707 1761 1995 1812 quaestionem
2029 1760 2081 1799 de
2112 1759 2186 1798 ba-

380 1824 532 1875 ptismo
575 1826 698 1861 extra
737 1821 975 1861 Ecclesiam
1020 1824 1238 1873 percepto.
1272 1821 1378 1860 169.
1412 1822 1515 1861 170.
1581 1822 1799 1865 Quomodo
1833 1821 1878 1860 id
1909 1821 2069 1860 sentire
2114 1831 2187 1870 po-

379 1883 514 1925 tuerit
546 1886 643 1933 post
676 1881 901 1922 concilium
931 1881 1188 1929 Nicaenum‚
1231 1881 1342 1933 quod
1385 1893 1475 1921 eam
1509 1881 1708 1921 definisse
1752 1893 1778 1920 a
1809 1882 1950 1921 multis
1981 1880 2184 1920 creditur.

380 1945 441 1984 ibi
472 1944 515 1983 in
546 1946 662 1984 nota.
724 1943 840 1983 Loca
871 1954 923 1983 ex
957 1954 1007 1982 eo
1041 1943 1211 1994 objecta
1242 1942 1456 1994 explicata
1489 1946 1532 1982 et
1565 1943 1717 1982 soluta.
1751 1942 1857 1984 322.
1892 1942 1935 1980 in
1967 1944 2082 1981 nota.

319 2005 461 2046 Bedae
494 2003 781 2044 testimonium
814 2002 865 2042 de
897 2003 1154 2042 necessitate
1173 2003 1351 2043 unitatis
1374 2016 1464 2043 cum
1483 2004 1611 2043 Petro
1639 2003 1806 2043 ratione
1827 2001 2046 2054 primatus.
2078 2000 2183 2041 215.

319 2065 525 2106 Blondelli
559 2077 665 2116 opus
697 2063 750 2103 de
782 2063 963 2116 primatu
994 2064 1039 2103 in
1069 2063 1282 2104 Ecclesia.
1317 2064 1390 2105 19.

321 2128 367 2167 S.
400 2125 610 2167 Bonifacii
636 2126 920 2176 juramentum
953 2125 1164 2176 Gregorio
1197 2125 1248 2164 II.
1282 2125 1545 2177 praestitum.
1578 2123 1684 2164 214.
1715 2123 1823 2163 215.

319 2189 552 2228 Bossuetus
590 2186 769 2226 Jacobus
812 2185 1026 2237 Benignus
1059 2186 1296 2238 Episcopus
1327 2185 1557 2224 Meldensis
1597 2183 1819 2235 allegatus.
1853 2181 1894 2223 4.
1926 2182 1972 2222 7.
2007 2182 2079 2222 19.
2110 2181 2184 2221 25.

380 2248 455 2288 34.
488 2247 564 2286 35.
598 2248 673 2287 36.
706 2246 780 2285 39.
813 2244 887 2286 41.
920 2247 994 2286 45.
1026 2244 1102 2288 46.
1135 2245 1209 2288 54.
1242 2247 1315 2285 61.
1349 2247 1423 2286 67.
1444 2246 1530 2286 Ἴ68.
1561 2245 1635 2287 84.
1668 2245 1742 2285 87.
1787 2243 1860 2283 88.
1895 2243 1969 2282 92.
2003 2241 2077 2282 94.
2110 2242 2184 2281 95.

380 2309 453 2350 97.
490 2308 593 2349 102.
630 2307 733 2347 113.
767 2306 869 2347 140.
906 2307 1008 2348 147.
1043 2307 1146 2347 179.
1181 2307 1282 2350 196.
1318 2307 1419 2348 198.
1453 2307 1558 2346 200.
1591 2306 1695 2345 201.
1729 2305 1833 2345 210.
1867 2303 1972 2343 220.
2006 2304 2050 2342 in
2066 2305 2184 2343 nota.

380 2368 486 2410 223.
520 2368 626 2407 227.
659 2367 765 2406 251.
797 2367 902 2407 252.
945 2367 1051 2406 253.
1095 2367 1200 2407 254.
1234 2367 1338 2409 261.
1371 2368 1475 2407 267.
1519 2367 1626 2407 297.
1659 2366 1764 2408 304.
1798 2365 1901 2405 305.
1933 2364 2039 2404 306.
2102 2364 2186 2402 Te-

382 2429 582 2469 stimonia
627 2430 713 2479 ejus
757 2428 809 2467 de
850 2429 1108 2468 necessitate
1149 2428 1366 2479 utriusque
1399 2428 1600 2474 unitatis,
1646 2438 1698 2465 ac
1728 2425 1979 2479 praesertim
2011 2424 2186 2463 unitatis

381 2490 483 2528 fidei
515 2501 606 2528 cum
636 2489 720 2527 fide
752 2489 968 2528 Romanae
1011 2488 1124 2527 sedis
1158 2488 1361 2528 distincte
1393 2489 1588 2527 collecta.
1622 2487 1725 2528 236.
1761 2490 1805 2526 et
1836 2497 1952 2536 seqq.
2014 2484 2186 2534 Effugia

383 2551 590 2600 ejusdem,
634 2548 782 2599 quibus
824 2547 1124 2598 promissiones
1167 2548 1326 2586 Christi
1357 2547 1586 2586 traditione
1619 2547 1792 2585 Patrum
1824 2548 1996 2597 aptatas
2026 2544 2183 2584 Roma-

382 2621 462 2649 nae
493 2608 605 2648 sedis
637 2607 736 2647 fidei
769 2607 1022 2647 Pontificum
1054 2606 1373 2648 definitionibus
1402 2605 1587 2647 traditae
1621 2605 1860 2646 distrahere
1891 2605 2067 2653 studuit,
2100 2604 2185 2643 dis-

376 2670 595 2721 jiciuntur.
628 2668 735 2707 282.

322 2765 619 2831 caelestinus
649 2788 683 2829 Ι.
718 2798 839 2839 quam
871 2785 1218 2826 irreformabilem
1250 2786 1432 2826 credidit
1463 2785 1563 2826 fidei
1595 2785 1882 2827 definitionem
1913 2785 1989 2824 abs
2020 2795 2067 2825 se
2099 2783 2188 2825 edi—

380 2854 467 2891 tam
500 2852 650 2889 contra
680 2848 941 2888 Nestorium.
978 2848 1079 2890 179.
1125 2848 1342 2887 sententia
1373 2850 1464 2899 ejus
1496 2848 1548 2887 de
1589 2846 1855 2900 praestantia
1889 2845 2187 2886 communionis

381 2911 668 2963 Apostolicae.
700 2909 804 2951 182.

322 2971 486 3024 Capitis
517 2971 817 3023 praerogativa
845 2969 1128 3009 Romanorum
1159 2967 1409 3008 Pontificum
1441 2968 1646 3008 unitatem
1677 2967 1824 3018 exigit.
1861 2967 1963 3007 159.
1996 2967 2039 3006 in
2070 2968 2185 3005 nota.

384 3032 629 3084 Propositio
662 3031 715 3070 de
746 3030 914 3083 bicipiti
946 3030 1168 3071 Ecclesiae
1202 3031 1344 3081 capite
1375 3028 1586 3071 damnata.
1623 3029 1695 3068 13.
1730 3025 1801 3070 14.

324 3092 522 3144 Capitula
541 3092 594 3131 de
615 3092 768 3144 gratia,
803 3104 853 3132 ac
886 3101 940 3131 ex
970 3091 1024 3131 iis
1053 3085 1340 3131 testimonium
1372 3101 1448 3142 pro
1482 3089 1726 3129 necessaria
1748 3088 1912 3128 unitate
1936 3085 2049 3127 fidei.
2083 3086 2185 3126 181.

324 3153 510 3193 Carolini
541 3153 680 3204 operis
712 3152 1012 3193 testimonium.
1044 3152 1152 3191 216.

329 3214 488 3261 Casus,
521 3213 583 3252 uti
615 3213 872 3260 vocabatur,
918 3212 1209 3254 conscientiae
1243 3210 1295 3250 de
1324 3207 1572 3249 obedientIa
1602 3210 1766 3247 tantum
1800 3210 1978 3247 externa
2011 3206 2188 3259 Aposto-

386 3273 481 3312 licis
512 3273 826 3313 definitionibus
857 3271 999 3313 debita
1031 3271 1343 3313 condemnatus.
1374 3263 1482 3310 202.

324 3333 566 3373 cathedrae
596 3345 746 3374 nomen
778 3338 997 3386 acceptum
1027 3345 1103 3387 pro
1135 3332 1351 3379 doctrina,
1395 3341 1500 3382 quae
1534 3340 1585 3368 ex
1618 3327 1819 3368 cathedra
1849 3325 2048 3366 traditur.
2081 3323 2186 3365 124.

389 3393 489 3433 144.
525 3393 622 3433 fidei
655 3394 924 3434 definitiones
966 3406 1019 3434 ex
1060 3392 1290 3435 cathedrae
1331 3391 1450 3443 quae.
1482 3389 1586 3428 293.
1662 3387 1907 3440 Explicatio
1951 3387 2188 3437 aliquorum

387 3455 562 3506 rejecta.
595 3453 670 3493 ibi.
703 3454 810 3494 293.
842 3453 949 3495 294.
981 3454 1025 3494 ἱιι
1057 3457 1176 3494 nota.
1241 3451 1458 3498 Quomodo
1505 3450 1560 3489 sit
1599 3449 1807 3490 cathedra
1837 3459 1930 3488 una
1958 3447 2003 3487 in
2034 3443 2186 3485 Eccle-

384 3515 465 3554 sia.
498 3513 601 3554 122.
637 3514 739 3554 123.
814 3514 911 3556 Una
943 3518 983 3556 et
1013 3514 1259 3565 singularis
1298 3513 1341 3552 in
1383 3514 1475 3552 tota
1506 3510 1706 3551 Ecclesia
1748 3521 1830 3561 quo
1862 3518 1987 3548 sensu
2020 3504 2186 3545 dicatur

387 3575 439 3614 ab
473 3575 631 3628 Optato
675 3574 879 3616 cathedra
920 3577 966 3616 S.
1001 3575 1134 3616 Petri.
1169 3573 1269 3615 124.
1333 3571 1572 3614 cathedrae
1603 3571 1820 3612 Romanae
1868 3566 2072 3620 quidquid
2109 3565 2186 3605 tri-
