2320 3990
360 327 604 385 lrenaeus
629 329 830 396 laudat3
871 329 961 383 sed
996 330 1050 383 in
1068 333 1447 402 potentiorum
1472 333 1608 386 illius
1633 335 2104 406 principalitatem
2144 354 2222 389 re-

358 419 548 484 fertur,
576 435 703 487 quae
729 415 954 489 ejusdem
980 418 1255 485 eeclesiae,
1283 416 1375 472 seu
1400 416 1747 478 Romanorum
1772 420 2076 475 Pontificum
2100 441 2219 495 pro-

359 504 489 577 pria,
518 502 647 556 satis
663 522 762 576 ·per
787 523 844 559 se
870 523 926 559 se
953 506 1016 559 ad
1041 508 1151 580 ejus
1175 506 1308 573 fidei,
1337 524 1487 578 quam
1511 505 1967 563 iidemPontifices
1995 509 2218 575 tradunt,

358 589 604 643 unitatem
631 610 807 646 omnes
835 589 1161 649 Christianos
1187 595 1343 668 cogit.

507 677 559 731 5.
601 677 818 752 Idipsum
858 680 959 734 alia
997 683 1199 739 ratione
1238 703 1309 739 ex
1334 692 1443 737 toto
1470 681 1672 738 Irenaei
1706 694 1952 740 contextu
1979 686 2220 759 explora-

359 765 458 818 tius
486 766 749 838 explicare
785 778 836 822 et
862 769 1164 826 confirmare
1190 771 1331 827 libet.
1386 770 1632 827 Invictum
1660 772 1771 827 loco
1798 773 1998 827 laudato
2026 784 2078 827 et
2103 792 2219 846 per-

360 853 625 907 emtorium
661 865 842 910 contra
880 877 1056 913 omnes
1097 859 1339 915 haereses
1368 869 1718 932 argumentum
1745 857 1803 914 S.
1831 859 2116 934 Episcopus
2142 861 2221 915 in-

358 951 563 1012 torquet
600 961 671 996 ex
697 945 972 1002 traditione
1011 951 1066 1001 in
1093 955 1205 1002 toto
1234 952 1432 1003 mundo
1458 952 1807 1018 manifestata
1847 950 1908 1001 ab
1935 948 2219 1022 ApostoIiS‚

361 1049 451 1083 seu
477 1049 548 1083 ex
574 1032 797 1086 omnium
838 1035 1194 1101 ecclesiarum,
1234 1054 1359 1106 quas
1398 1035 1731 1089 instituerunt
1755 1036 2025 1108 Apostoli,
2064 1036 2220 1090 tradi-

358 1117 516 1172 tione.
571 1118 642 1172 Ut
677 1131 846 1177 autem
883 1125 1008 1179 haec
1045 1123 1267 1178 omnium
1303 1123 1634 1178 ecclesiarum
1660 1122 2075 1196 Apostolicorum
2114 1134 2220 1177 tra-

358 1205 479 1259 ditio
516 1208 798 1278 elucescat,
838 1213 1136 1267 recolendos
1178 1213 1249 1266 ait
1286 1233 1405 1275 eos,
1442 1216 1538 1284 qui
1573 1214 1639 1265 ab
1667 1210 1948 1283 Apostolis
1975 1215 2222 1275 inste'tuti,

358 1302 484 1346 semt
507 1297 775 1366 spis-copi
798 1302 853 1350 in
881 1303 1120 1352 ecclesiis
1149 1308 1202 1352 et
1226 1319 1563 1353 successores
1591 1319 1776 1352 eorum
1801 1319 1968 1368 usque
1995 1302 2072 1352 ad
2093 1320 2220 1361 nos,·

357 1391 407 1433 et
432 1380 700 1436 videndum
727 1383 842 1454 quid
867 1385 1132 1439 docuerint
1159 1404 1218 1440 ac
1245 1386 1462 1440 doceant
1487 1385 1541 1452 ii,
1570 1385 1748 1456 quihus
1776 1388 1950 1439 locum
1978 1390 2221 1458 mayiste-

356 1473 430 1524 rii
465 1474 844 1537 tradiderunt3
886 1483 936 1527 et
973 1474 1017 1527 si
1063 1473 1260 1545 quidem
1299 1473 1592 1529 inveniatur
1630 1473 1768 1546 ipsos
1804 1475 1949 1528 nihil
1983 1477 2094 1529 tale
2129 1477 2220 1528 do-

356 1562 558 1622 cuisse,
584 1581 756 1632 neque
784 1566 1126 1632 coynovisse‚
1166 1565 1326 1634 quale
1354 1565 1420 1619 ab
1449 1565 1532 1616 his
1561 1561 1891 1634 (haereticis)
1920 1562 2221 1626 deliratur}-

359 1648 449 1700 hos
477 1649 650 1702 statim
676 1651 911 1703 confundi
947 1651 1218 1723 oportebit.
1283 1650 1578 1704 Notandum
1616 1649 1780 1703 obiter
1814 1648 2079 1703 Irenaeum
2118 1669 2220 1703 non

358 1736 687 1791 existimasse
723 1739 1096 1810 provocandum
1138 1739 1198 1792 ad
1234 1739 1497 1812 populum,
1545 1737 1628 1791 vel
1667 1738 1856 1791 clerum
1893 1737 2221 1791 ecclesiarum

356 1825 804 1897 Apostolicarum‚
841 1837 895 1880 ut
921 1826 1223 1900 Apostolica
1259 1827 1465 1881 traditio
1504 1845 1561 1880 ac
1598 1826 1719 1879 fides
1757 1844 1827 1879 ex
1865 1825 1989 1898 ipsis
2017 1844 2223 1880 eruere-

356 1923 466 1980 tur,
506 1914 592 1968 sed
634 1915 696 1968 ad
721 1913 1023 1989 EpiscopoS‚
1052 1916 1230 1987 quibus
1270 1915 1481 1970 docendi
1516 1933 1694 1967 munus
1734 1924 1785 1967 et
1821 1913 2097 1968 auctoritas
2125 1924 2221 1968 est.

356 2001 524 2055 Porro
552 2013 606 2056 ut
632 2004 853 2057 omnium
881 2005 1123 2077 ejusmodi
1150 2003 1478 2058 ecclesiarum
1505 2004 1828 2075 detegeretur
1853 2001 2076 2068 traditio,
2103 2021 2221 2064 num

358 2091 410 2143 in
456 2091 850 2164 interrogandos
892 2093 1105 2146 credidit
1157 2092 1377 2145 omnium
1425 2091 1507 2145 vel
1555 2091 1768 2163 plurium
1808 2089 2221 2161 Apostolicarum

357 2179 546 2232 sedium
574 2178 895 2253 Episcopos?
951 2178 1081 2234 Cum
1114 2180 1163 2233 id
1204 2179 1411 2232 nimium
1450 2178 1676 2244 difficile,
1731 2198 1791 2232 ac
1826 2178 2031 2250 longum
2071 2177 2220 2231 nimis

359 2268 563 2335 l'uisset3
610 2268 767 2322 solius
809 2267 1076 2322 Romanae
1115 2267 1362 2323 ecclesiae
1412 2267 1786 2321 successionem
1821 2266 2063 2320 irenaeus
2103 2267 2220 2319 sub-

359 2356 555 2423 texuit3
587 2367 637 2410 et
665 2358 726 2410 ad
753 2358 1116 2411 ostendendam
1142 2356 1360 2410 omnium
1391 2355 1595 2408 aliarmn
1625 2354 1815 2432 sedium
1843 2373 1901 2407 ac
1935 2354 2093 2407 totius
2120 2352 2220 2408 Ec-

358 2444 542 2497 clesiae
568 2446 890 2499 traditionem
907 2486 921 2511 ,
950 2464 1047 2515 qua
1074 2445 1200 2498 satis
1226 2462 1474 2515 superque
1502 2434 1930 2496 confunderentur
1957 2462 2222 2511 quaecum-

358 2550 454 2602 que
482 2532 752 2598 haereseS,
792 2533 940 2585 unius
978 2531 1244 2586 Romanae
1272 2530 1515 2586 ecclesiae
1555 2529 1878 2583 traditionem
1918 2548 1975 2583 ac
2012 2530 2157 2583 fidem
2194 2551 2225 2583 a

359 2619 609 2674 Romanis
636 2619 970 2675 Pontificibus
1010 2619 1323 2694 propositam
1358 2618 1590 2672 sufficere
1621 2618 1883 2691 judicavit.
1945 2619 2058 2670 Sed
2096 2639 2220 2688 quo-

359 2712 531 2770 niam,
568 2709 669 2774 ait,
709 2712 867 2763 valde
895 2712 1113 2780 lonyum
1141 2717 1221 2762 est
1255 2713 1310 2762 in
1339 2709 1441 2761 hoc
1465 2710 1568 2761 tali
1591 2710 1858 2761 volumine
1886 2710 2118 2760 omnium
2145 2727 2222 2760 ec-

358 2800 647 2850 clesiarum
675 2817 991 2852 enumerare
1019 2800 1382 2851 successiones
1397 2817 1414 2860 3
1441 2800 1712 2849 maximae
1741 2803 1794 2849 et
1818 2799 2222 2866 antiquissimae

360 2893 410 2938 et
449 2887 691 2938 omnibus
743 2890 990 2956 coqnitae
1031 2907 1065 2938 a
1099 2889 1508 2955 gloriosissimis
1547 2886 1753 2938 duobus
1794 2882 2072 2952 Apostolis
2115 2884 2222 2935 Ro-

361 2993 476 3026 mae
498 2976 767 3042 fundatae
796 2983 847 3027 ct
866 2977 1188 3027 constitutae
1211 2975 1471 3025 ecclesiae
1498 2981 1596 3025 etc.
1625 2981 1680 3023 ut
1707 2989 1878 3042 supra.
1921 2968 2029 3023 Cur
2056 2981 2220 3023 autem

361 3061 485 3114 satis
522 3080 637 3115 esse
678 3060 947 3115 crediderit
974 3060 1323 3114 Romanorum
1349 3058 1651 3112 Pontificum
1693 3057 1878 3111 seriem
1906 3077 1963 3111 ac
1991 3059 2222 3112 traditio-

364 3169 475 3203 nem
501 3150 720 3222 prol'erri
749 3150 809 3202 ad
836 3148 1195 3203 ostendendam
1221 3145 1441 3200 omnium
1470 3145 1681 3200 aliarum
1710 3147 2034 3200 ecclesiarum
2063 3165 2120 3200 ac
2146 3156 2223 3199 to·-

362 3236 462 3289 tius
502 3238 779 3292 catholicae
815 3236 1079 3292 Ecclesiae
1125 3235 1449 3289 traditionem
1501 3254 1597 3305 qua
1643 3234 1885 3288 haeretici
1922 3235 2222 3306 detegantur

363 3334 413 3377 et
439 3326 810 3378 confundantur
827 3367 840 3392 ,
881 3337 937 3379 ut
964 3346 1028 3381 ne
1055 3344 1180 3399 opus
1207 3323 1274 3377 sit
1300 3323 1514 3377 aliarum
1540 3323 1955 3396 Apostolicarum
1982 3323 2221 3376 ecclesia-

364 3431 474 3466 rum
502 3414 854 3467 successiones
893 3414 1314 3483 traditionemque
1354 3410 1600 3483 adjicere,
1643 3411 1719 3464 his
1760 3420 1877 3464 ante
1903 3408 2076 3462 relatis
2104 3427 2220 3463 ver-

365 3499 441 3554 his
468 3501 677 3575 probat:
719 3500 810 3555 Ad
835 3502 976 3555 hanc
1016 3507 1151 3557 cni-m
1194 3503 1471 3556 ecclesiam
1502 3498 1847 3570 (Romanam)
1870 3505 2103 3567 propter
2125 3517 2221 3567 po-
