2320 3990
1320 178 1325 193 Ι

978 226 1154 237 ——nn——a
1244 191 1330 255 ffl
1423 232 1598 241 ...o—.—

365 364 553 419 elesiae
581 373 632 418 et
658 361 870 449 unitatis
904 362 1096 416 bonum
1132 363 1185 418 id*
1215 360 1565 438 mandasse-322
1585 378 1642 423 ut
1681 388 1783 424 nou
1821 371 1920 426 alia
1957 371 2229 425 haberetur

364 451 485 506 fides
522 449 820 516 Ecclesiae,
858 449 960 504 nisi
995 469 1126 522 quae
1163 451 1395 506 inunum
1426 454 1739 512 cohaereret
1777 478 1887 514 eum
1926 458 2020 512 lide
2060 457 2224 524 Petri,

364 558 510 610 quam
537 556 689 591 unam
717 537 936 610 ejusdem
962 539 1174 594 unitatis
1212 541 1343 594 bono
1379 541 1539 595 totius
1562 541 1826 600 Ecclesiae
1853 556 2047 622 petiam
2077 543 2227 600 Chri-

362 636 473 679 stus
500 627 782 700 ponendam
808 627 1046 680 instituit.

510 715 598 770 50.
651 713 798 767 Hane
838 716 974 768 forte
1009 715 1259 770 unitatem
1286 735 1409 771 suae
1436 718 1550 771 fidei
1577 737 1687 772 eum
1714 718 1811 774 fide
1834 720 1981 776 Petri
2007 732 2061 775 ut
2088 720 2226 776 Pau-

363 803 747 876 lrusApostolus
775 803 1032 875 probaret,
1062 802 1291 877 (Gal.-l.
1321 826 1372 861 v.
1406 805 1526 878 18.)
1554 806 1966 881 Hierosolymam
1995 811 2226 864 aseendit

364 894 544 945 videre
575 893 797 945 Petrum
838 910 949 945 eum
987 891 1099 964 ipso
1125 893 1310 965 aliquid
1339 895 1612 948 collaturus
1654 895 1963 968 (ἱστορῆσαι
2000 897 2133 951 enim
2172 898 2224 949 in

361 978 561 1034 Graeco
602 989 750 1034 textu
789 989 870 1032 est
910 977 1098 1034 Latine
1124 981 1299 1036 videre
1333 986 1732 1052 percontandi,
1772 1004 1865 1037 seu
1902 987 2226 1055 conferendi

360 1068 574 1139 aliquid
606 1072 822 1139 qratia,
859 1077 913 1120 ut
939 1066 1188 1122 Erasmus
1229 1079 1278 1123 et
1305 1069 1548 1124 Heinsius
1577 1091 1606 1124 a
1633 1068 1867 1125 Cahneto
1906 1073 2095 1125 laudati
2135 1073 2223 1125 ob-

361 1156 694 1228 servarunt)3
742 1165 793 1210 et
830 1155 882 1207 iu
922 1155 1050 1209 hune
1088 1157 1235 1210 finem
1277 1160 1405 1230 apud
1444 1160 1669 1212 eumdem
1718 1158 1890 1212 diebus
1943 1160 2222 1231 quindecim

362 1245 520 1298 stetit.
584 1241 732 1312 Quod
769 1261 879 1297 clun
918 1243 1047 1298 idem
1084 1244 1366 1317 Apostolus
1405 1247 1640 1301 adhibeat
1674 1247 1829 1301 veluti
1873 1257 2224 1319 argumentum

363 1342 531 1384 rectae
559 1349 682 1384 suae
708 1331 1122 1406 praedieatioiii8‚
1151 1334 1563 1402 quemadmodum
1589 1333 1644 1404 *)
1683 1334 1964 1388 Bossuetus
1999 1335 2224 1388 animad-

360 1420 543 1487 vertit3
586 1419 713 1472 satis
740 1417 932 1483 innuit,
970 1419 1313 1491 praedicatum
1355 1421 1445 1474 ahs
1483 1439 1539 1474 se
1564 1418 1902 1492 Evangelium
1942 1441 1998 1475 se
2025 1442 2134 1476 cum
2163 1441 2223 1478 eo

361 1558 592 1596 futurorum
611 1560 843 1609 temporum
863 1555 1095 1607 exemplum
1114 1568 1164 1595 ac
1182 1567 1365 1596 normam
1380 1586 1390 1603 ‚
1423 1556 1517 1596 dum
1536 1557 1739 1596 ecclesias
1757 1557 2004 1604 fundarent,
2040 1569 2111 1596 eas
2131 1557 2225 1596 sun-

361 1619 510 1657 dantes
528 1617 569 1656 in
582 1617 679 1665 fide,
700 1629 804 1668 quae
823 1629 904 1655 una
923 1620 1034 1655 esset
1054 1629 1142 1656 cum
1162 1616 1242 1656 fide
1256 1618 1386 1665 Petri,
1406 1617 1457 1656 de
1477 1618 1554 1656 hae
1572 1618 1736 1656 unitate
1756 1617 1851 1656 fidei
1873 1630 1962 1656 cum
1980 1617 2058 1657 hoc
2077 1621 2222 1656 centro

359 1680 410 1717 ab
430 1677 618 1725 omnibus
635 1677 821 1717 tenenda
839 1676 1004 1716 easdem
1023 1677 1296 1717 instruerent.
1332 1680 1462 1721 Quam
1479 1677 1790 1716 insententiam
1808 1678 1860 1717 de
1875 1678 2085 1729 Apostolis
2102 1689 2222 1729 prae-

360 1739 574 1778 dicatione
601 1737 697 1776 fidei
726 1737 928 1776 ecclesias
955 1737 1278 1776 aedificantibus
1305 1737 1531 1777 affirmavit
1551 1739 1701 1777 Petrus
1728 1738 1780 1776 de
1798 1737 1940 1776 Marca
1959 1738 1998 1776 in
2019 1737 2220 1789 opusculo

369 1800 424 1839 De
452 1799 704 1839 discrimino
732 1798 982 1838 clericorum
1016 1801 1056 1838 et
1081 1797 1291 1838 laicorum
1325 1798 1458 1837 11:13.
1500 1797 1776 1838 Tenebantur
1803 1799 2006 1850 Apostoli
2026 1797 2223 1848 fundare

361 1860 562 1901 ecclesias
589 1860 635 1900 in
660 1859 851 1910 unitate,
887 1855 1014 1906 cnjus
1047 1861 1182 1910 caput
1210 1870 1306 1898 cnm
1332 1862 1443 1899 esset
1473 1858 1650 1903 Petrus,
1678 1859 1800 1899 illias
1830 1859 2123 1899 oonomon'om·
2150 1870 2222 1898 eas

362 1918 572 1969 subjicere
598 1920 870 1962 tenebantur.
916 1920 1034 1958 Haec
1061 1918 1113 1958 de
1142 1919 1305 1959 unitate
1333 1920 1644 1961 communionis.
1689 1920 1750 1960 De
1769 1918 1864 1959 fidei
1891 1923 2031 1959 autem
2058 1918 2222 1958 unitate

360 1982 478 2022 addit
498 1993 536 2021 n.
555 1981 628 2020 21.
666 1980 799 2022 Porro
828 1980 1039 2021 unitatem
1058 1980 1111 2020 ab
1131 1980 1327 2019 omnibus
1345 1981 1571 2031 Apostolis
1585 1980 1845 2020 servandam
1863 1980 1907 2019 in
1928 1981 2006 2020 illa
2031 1991 2122 2020 una
2150 1991 2223 2020 ca-

363 2042 512 2083 thedra
540 2041 791 2094 (cathedrae
825 2052 971 2080 nomen
1001 2039 1055 2079 ad
1081 2039 1179 2079 fidei
1209 2040 1444 2080 doctrinam
1470 2038 1674 2090 refertur)
1702 2052 1755 2081 ne
1778 2041 1817 2081 si
1844 2041 1898 2081 ab
1929 2039 2023 2089 ejus
2051 2040 2221 2080 unitate

363 2104 604 2144 recedentes
618 2103 663 2143 in
682 2103 829 2142 ecclesi
836 2102 872 2140 is
890 2099 1176 2150 aedificandis
1191 2101 1325 2140 aliam
1343 2101 1588 2141 cathedram
1610 2103 1935 2150 constituerent,
1953 2099 2222 2141 schismatici

361 2168 398 2203 el
416 2166 665 2215 peccatores
682 2162 957 2203 haberentur.
983 2159 1166 2201 Nullum
1184 2164 1277 2200 erat
1292 2161 1548 2211 periculum,
1575 2172 1629 2200 ne
1645 2161 1780 2202 scissa
1798 2162 1968 2202 mzitate
1987 2160 2222 2210 Ecclesiae,

362 2225 562 2276 Apostoli
591 2223 800 2275 proprias
815 2222 898 2262 sibi
917 2221 1118 2262 ecclesias
1147 2220 1448 2271 defenderent,
1477 2218 1699 2269 sejunctas
1717 2236 1741 2262 a
1760 2222 2060 2262 communione
2087 2221 2220 2262 Petri.

363 2285 446 2325 Sed
464 2285 692 2335 rege'minis
707 2285 834 2324 semel
861 2283 1089 2323 constituti
1098 2282 1247 2332 forma
1263 2282 1545 2333 exposcebat,
1574 2285 1626 2323 at
1641 2283 1848 2323 sciamus
1866 2283 2098 2334 Apostolos
2116 2293 2221 2335 quo-

360 2359 440 2398 que
459 2347 577 2398 ipsos
594 2345 697 2385 huic
716 2345 893 2395 regulae
906 2357 930 2383 a
949 2342 1115 2385 Christo
1134 2343 1436 2394 praescriptae
1452 2342 1649 2384 subditos
1658 2343 1813 2393 fuisse.
1834 2343 2080 2383 praeiverat
2091 2343 2221 2382 Petro

361 2408 412 2446 de
431 2407 575 2446 Marca
591 2406 698 2445 alius
716 2405 874 2452 Gallus,
894 2403 1086 2443 laudatus
1102 2403 1368 2454 aTournely‚
1387 2402 1626 2442 Cardinalis
1644 2404 1870 2444 Petronius
1889 2405 1930 2443 in
1949 2399 2223 2456 tesponsione

361 2468 415 2507 ad
432 2467 591 2518 Regem
609 2465 782 2516 Angliae
798 2464 986 2504 scribens
1006 2476 1042 2503 c.
1059 2465 1134 2503 56.
1179 2463 1308 2504 Hanc
1333 2463 1548 2503 unitatem
1563 2464 1610 2503 in
1627 2463 1824 2505 Ecclesia
1849 2464 2105 2505 servandam
2126 2475 2220 2504 cum

360 2527 619 2567 decrevisset
641 2526 862 2574 Christus,
894 2524 1168 2576 principium
1198 2521 1292 2571 ejus
1319 2526 1360 2564 et
1376 2523 1568 2564 radicem
1592 2524 1640 2564 in
1663 2524 1791 2565 Petro
1818 2525 2060 2566 constituit.
2113 2525 2219 2566 Cum

359 2590 507 2628 autem
532 2586 589 2627 ad
616 2585 923 2627 stabiliendam
961 2583 1040 2625 hoc
1080 2584 1267 2625 ‘unitatis
1300 2582 1627 2625 Ecclesiasticae
1654 2587 1792 2636 caput
1831 2585 1989 2625 esimia
2031 2584 2220 2636 quadam

361 2648 531 2689 auctori
535 2650 621 2688 tate
638 2658 749 2699 opus
766 2648 887 2698 esset,
906 2657 1018 2698 quae
1034 2646 1194 2686 valeret
1209 2644 1446 2685 schismata
1463 2657 1743 2696 compescere,
1758 2648 1835 2685 aut
1852 2648 2043 2685 avertere.
2062 2646 2114 2685 ab
2134 2642 2219 2684 Ec—

361 2709 513 2757 clesia;
542 2711 716 2760 praeter
733 2708 1031 2748 auctoritatem
1053 2707 1333 2758 Apostolatai
1351 2706 1760 2757 e.=sent17alemfact.a
1777 2710 1840 2747 est·
1856 2716 2068 2757 personae
2086 2705 2221 2750 Petri,

361 2781 490 2822 qnam
508 2768 608 2809 huic
625 2768 794 2808 muneri
811 2769 1005 2808 obeundo
1025 2767 1259 2807 destinavit
1281 2765 1501 2814 Christus,
1529 2767 1773 2817 singularis
1791 2766 2025 2817 dignitatis
2041 2768 2081 2806 et
2099 2767 2221 2817 pote-

357 2831 486 2871 statis
505 2829 691 2870 accessio
706 2861 716 2879 ,
730 2828 1004 2869 ninimirum
1018 2824 1349 2876 omnes-fideles,
1383 2830 1513 2879 atque
1527 2827 1651 2878 ipsos
1669 2827 1899 2879 Apostolos
1914 2827 1961 2867 in
1979 2825 2124 2877 officio
2137 2837 2219 2866 suo

363 2891 625 2937 contineret,
649 2903 700 2930 ac
718 2888 987 2941 prohiberet,
1015 2900 1069 2928 ne
1086 2888 1186 2941 quis
1201 2886 1425 2929 Ecclesiae
1441 2888 1658 2929 scinderet
1673 2889 1913 2936 unitatem5
1944 2899 2029 2928 non
2049 2886 2222 2938 quidem

362 2952 488 3004 quasi
521 2950 602 2991 hac
634 2950 874 3001 disciplina
906 2952 1080 2999 egerent
1108 2948 1336 2999 Apostoli,
1371 2948 1527 2999 quibas
1557 2949 1748 2998 singulis
1772 2947 2004 2997 speciatim
2027 2947 2075 2986 in
2106 2946 2222 2986 orbis

363 3011 604 3054 Christiani
632 3009 1015 3051 adrianis-tratione
1040 3007 1158 3048 Deus
1190 3007 1431 3058 adfuturus
1446 3009 1566 3055 emt,-
1598 3007 1675 3047 sed
1705 3010 1756 3047 nt
1786 3005 2006 3047 Ecclesiae
2029 3006 2221 3057 sormam

362 3073 553 3125 aliquam
580 3074 863 3122 pvoponeret,
893 3082 982 3123 qua
1005 3080 1076 3109 res
1095 3071 1236 3108 essent
1261 3069 1362 3118 post
1386 3069 1564 3106 mortem
1588 3074 1710 3107 snam
1743 3066 2077 3135 componendae.
2126 3067 2220 3106 Hoc

361 3133 536 3172 unitatis
555 3132 721 3184 quidem
739 3132 892 3172 bonum
911 3132 1038 3171 Petro
1066 3129 1234 3181 primati
1260 3139 1363 3179 prae
1390 3126 1543 3166 ceteris
1569 3121 1783 3179 Apostolis
1811 3127 2071 3167 commissum
2090 3127 2221 3178 respi-

362 3195 477 3233 ciens
497 3196 541 3233 S.
559 3194 842 3244 Hieronymus
857 3191 927 3231 hb
947 3192 988 3234 1.
1008 3193 1156 3231 eontra
1172 3187 1435 3228 Jovinianum
1453 3187 1535 3226 ait:
1568 3187 1621 3227 1
1606 3201 1646 3228 ιι
1650 3192 1689 3228 et
1706 3200 1839 3239 super
1866 3199 2012 3228 omnes
2033 3189 2219 3239 Aposto⁰

361 3256 426 3294 Ios
443 3267 493 3292 ex
511 3265 646 3305 aequo
666 3252 887 3294 Ecclesiae
905 3250 1126 3302 fortitudo
1151 3248 1392 3290 solidetur·
1379 3277 1392 3299 ,
1424 3251 1567 3288 tamen
1592 3251 1824 3300 propterea
1849 3249 1966 3289 inter
1995 3247 2221 3288 duodecim

360 3326 476 3355 nnus
495 3314 686 3362 eligitur,
703 3316 753 3354 ut
769 3314 914 3364 capite
932 3311 1166 3354 constituto
1191 3309 1324 3356 (idest
1343 3308 1578 3348 constituto
1597 3308 1675 3348 hoc
1694 3310 1832 3361 capite
1851 3313 1894 3349 et
1913 3313 2061 3348 centro
2080 3308 2220 3348 unita-

359 3375 430 3422 tis,
460 3373 656 3426 praedito
682 3378 897 3425 potestate
925 3386 976 3413 ae
1005 3372 1044 3412 vi
1073 3371 1268 3412 coactiva
1296 3369 1350 3409 ad
1376 3369 1582 3409 unitatem
1610 3367 1950 3418 custodiendam)
1975 3368 2222 3410 schismatis
2248 3380 2255 3382 ·

360 3436 540 3477 tollatur
555 3434 738 3474 occasio.

481 3494 522 3547 *)
539 3493 644 3536 Vide
662 3493 854 3533 Bossueti
873 3492 1174 3533 Meditationes
1191 3492 1231 3531 in
1250 3489 1527 3542 Evangelium
1543 3519 1553 3537 ‚
1583 3490 1652 3530 ubi
1670 3490 1760 3542 agit
1776 3490 1828 3530 de
1854 3500 2046 3529 sermone
2064 3487 2220 3529 Christi

360 3559 548 3608 tempore
566 3554 736 3595 ultimae
756 3565 910 3594 coenae
930 3566 1037 3594 nuin.
1056 3553 1128 3595 7⁰.
