2320 3990
965 157 1583 217 *74*

485 323 573 377 20.
613 315 868 379 Eusebius
883 322 1207 390 Gallicanus,
1230 344 1321 380 seu
1346 327 1477 383 alius
1502 329 1711 401 quilibet
1737 341 1916 385 auctor
1943 332 2199 386 sermonis

337 409 389 463 in
416 407 597 465 Natali
621 409 679 465 S.
708 409 858 465 Petri
881 411 1011 484 apud
1037 408 1427 469 Combeflsium=
1453 417 1575 487 Ego
1600 419 1724 473 dico
1751 420 1876 482 tibi,
1901 422 2030 490 quia
2056 426 2115 473 tu
2143 438 2197 472 es

341 498 539 552 Petrus
559 501 671 570 fide
691 502 890 568 fortis,
926 502 1182 557 doctrina
1218 502 1426 557 stabilis
1454 509 1552 557 etc.
1590 496 1955 576 idque‘petrae
1994 505 2200 560 nomine

338 585 614 658 significari
639 587 873 640 affirmat.

484 675 573 728 21.
634 674 945 750 Anonyluus
996 676 1189 731 relatus
1239 677 1293 731 in
1346 674 1550 732 Catena
1598 675 1819 736 Nicetae
1869 699 2022 755 super
2057 680 2197 735 Mat-

335 762 565 816 thaeum:
596 764 823 817 Petram
843 768 980 836 fidei
1003 769 1397 836 confessionem
1423 771 1660 821 vocavit.-
1687 787 1808 824 cum
1832 778 2008 824 autem
2028 790 2197 841 super

337 853 478 905 hanc
505 855 790 923 aedificari
815 857 1126 918 nuntiatur,
1152 858 1279 911 inde
1307 859 1564 919 ostendit,
1604 858 1798 910 multos
1808 863 1932 930 jam
1953 863 2196 928 futuros,

338 944 431 1011 qui
456 944 510 993 in
540 961 659 995 eum
685 943 988 996 crederent.

482 1029 570 1082 22.
611 1026 900 1102 Stephanus
928 1027 1303 1087 Cameracenus
1330 1032 1457 1105 apud
1483 1034 1736 1086 laudatum
1759 1030 2117 1089 Combefisium
2144 1035 2195 1088 in

337 1116 415 1172 die
441 1116 747 1172 Sanctorum
774 1117 923 1173 Petri
951 1129 1002 1174 et
1028 1118 1205 1173 Pauli:
1253 1121 1363 1183 Ta,
1391 1125 1484 1192 qui
1513 1122 1712 1175 Petrus
1741 1126 2009 1184 existens,
2027 1130 2194 1192 petra

330 1210 428 1276 fies
477 1209 610 1277 fidei
664 1207 850 1270 Verbi,
904 1217 957 1262 ei
1003 1213 1410 1263 constituendae
1451 1211 1733 1263 Ecclesiae
1778 1214 2191 1280 fundamentum

336 1304 415 1348 ete
421 1334 662 1348 ......
718 1297 844 1349 Hac
883 1298 1001 1351 basi
1038 1301 1414 1366 superposita,
1463 1300 1678 1368 reliqua
1723 1302 1882 1352 etiam
1922 1302 2194 1370 doymata,

324 1389 463 1451 puto
476 1423 492 1444 ,
520 1390 978 1452 superstruentnr.

479 1469 567 1525 23.
609 1469 667 1525 S.
695 1469 918 1524 Isidorus
946 1469 1264 1544 Hispalensis
1291 1470 1376 1525 lib.
1393 1471 1443 1526 7.
1474 1461 1742 1543 Originum
1768 1490 1812 1526 c.
1840 1471 1924 1527 9.:
1953 1474 2197 1528 Dia-erat

337 1559 565 1621 Petras,
603 1558 689 1612 Tu
728 1578 783 1613 es
813 1556 1052 1613 Christus
1086 1559 1217 1614 filius
1243 1557 1343 1614 Dei
1380 1559 1500 1615 vivi.
1556 1562 1773 1614 Deinde
1812 1564 1862 1614 ei
1900 1562 2192 1616 Dominus.-

339 1649 518 1717 Super
547 1649 687 1701 lianc
712 1650 953 1709 Petram,
981 1668 1141 1718 qaam
1168 1653 1447 1717 confessus
1476 1668 1547 1710 es,
1576 1648 1875 1717 aedificabo
1891 1649 2191 1703 Ecclesiam

333 1755 518 1788 meam.

478 1822 566 1877 24.
608 1821 665 1878 S.
695 1822 921 1880 Joannes
948 1823 1298 1879 Damascenus
1326 1834 1457 1878 orat.
1488 1824 1547 1878 de
1575 1821 2057 1894 Transfiguratione
2084 1825 2195 1877 lau-

332 1912 456 1966 dans
495 1910 643 1966 Petri
683 1912 1053 1966 confessionem
1092 1913 1161 1967 ait
1199 1932 1336 1966 num.
1366 1913 1453 1967 6.=
1507 1912 1662 1966 Haec
1699 1919 1778 1966 est
1805 1916 1967 1983 firma
2007 1914 2106 1965 illa
2147 1921 2198 1966 et

333 2006 547 2054 immota
569 2003 738 2072 fideS,
764 2021 935 2071 supra
962 2021 1122 2071 quam
1148 2009 1418 2071 tamquam
1436 2009 1652 2071 petram
1682 2002 1931 2053 Ecclesia
1952 2003 2192 2069 fandata

331 2097 426 2142 esi.
480 2086 551 2140 Et
586 2088 639 2141 in
677 2090 839 2142 saeris
877 2088 1148 2143 Parallelis
1189 2108 1258 2142 ex
1295 2089 1461 2144 veteri
1499 2086 1699 2143 Graeco
1737 2087 1988 2160 scriptore
2026 2088 2106 2140 tit.
2137 2089 2187 2142 3.

333 2174 571 2230 Christus
614 2178 675 2230 ad
702 2175 917 2230 Petrum
955 2176 1027 2230 sie
1067 2177 1279 2247 loquens
1305 2175 1588 2231 inducitur:
1636 2178 1816 2245 Super
1845 2183 1990 2232 tuam
2018 2180 2190 2232 instar

322 2273 517 2334 petrae
540 2270 754 2336 firmam
775 2268 939 2336 fidem
968 2267 1267 2336 aedificabo
1297 2267 1599 2319 Ecclesiam
1625 2284 1813 2319 meam.

478 2354 565 2407 25.
608 2351 849 2425 Synodus
876 2350 919 2405 F
925 2352 1249 2424 orojuliensis
1277 2354 1366 2406 sub
1398 2351 1690 2406 S.Paulin0
1711 2352 2060 2424 Aquilejensi:
2092 2355 2189 2406 Ec-

329 2445 496 2496 clesia
523 2461 687 2510 super
717 2461 832 2495 eam
852 2445 1104 2511 persistit
1119 2449 1355 2510 petram,
1383 2441 1632 2511 quamB.
1654 2442 1853 2495 Petrus
1880 2461 1988 2494 non
2009 2461 2192 2502 carne,

329 2532 417 2583 vel
440 2531 731 2599 sanquine,
758 2530 858 2581 sed
885 2528 1086 2591 Patre,
1113 2533 1208 2600 qui
1232 2533 1286 2583 in
1315 2532 1480 2584 coelis
1510 2537 1616 2592 est,
1643 2531 1915 2586 revelante
1941 2530 2044 2584 sibi
2069 2549 2188 2587 con-

323 2622 504 2688 fessus
533 2625 639 2679 est,
667 2624 720 2670 et
743 2619 890 2671 illias
912 2620 1024 2688 fi'clc
1051 2621 1259 2688 reyitar
1287 2626 1338 2672 et
1357 2620 1713 2689 yubernatur.

477 2706 564 2760 26.
593 2704 741 2759 Hanc
768 2705 1242 2778 interpretationem
1270 2706 1662 2762 conununiorem
1690 2724 1780 2760 suo
1810 2724 1936 2760 aevo
1965 2715 2188 2760 testatur

329 2795 489 2849 Jonas
503 2794 896 2848 Aurelianensis
925 2794 1009 2847 lib.
1027 2794 1079 2847 3.
1108 2796 1196 2848 De
1219 2795 1378 2850 Cultu
1407 2799 1720 2866 irnayinum:
1752 2796 1916 2850 Multi
1941 2814 2187 2864 namque,

331 2884 424 2950 ait,
456 2892 508 2936 et
522 2903 666 2953 pene
693 2902 873 2936 omnes
892 2891 1136 2952 petram,
1174 2903 1346 2953 supra
1373 2904 1533 2955 quam
1571 2887 1894 2954 aedificatur
1922 2881 2189 2943 Ecclesia,

324 2975 490 3043 fidem
514 2974 826 3042 intelliyunt
850 2971 925 3023 B.
959 2971 1144 3032 Petri,
1184 2990 1321 3040 quae
1348 2974 1638 3025 communis
1679 2977 1757 3023 est
1781 2977 2000 3023 sanetae
2026 2973 2188 3022 totius

329 3063 608 3116 Ecclesiae
636 3070 733 3115 etc.

476 3149 563 3204 27.
605 3148 914 3204 Hincmarus
941 3145 1215 3203 Remensis
1242 3147 1293 3201 in
1321 3145 1559 3219 opusculo
1588 3144 1831 3200 adversus
1858 3143 2186 3202 Hincmamui

332 3237 721 3293 Lauduneusem
762 3257 807 3292 c.
845 3237 926 3291 5.=
988 3236 1068 3294 Tu
1105 3252 1159 3291 es
1202 3236 1430 3300 Petras,
1485 3241 1535 3288 et
1571 3251 1735 3303 saper
1783 3234 1922 3289 hanc
1954 3241 2190 3304 petram,

331 3327 470 3380 idest
496 3333 676 3380 rectae
697 3330 860 3397 fidei,
887 3346 1049 3399 quam
1078 3326 1248 3379 Patre
1275 3324 1372 3377 tibi
1395 3324 1669 3377 revelante
1697 3327 1976 3392 confessas
2005 3342 2076 3385 es,
2103 3342 2186 3375 ae-

331 3415 563 3486 dificabo
591 3416 890 3469 Ecclesiam
918 3435 1103 3470 meam.

475 3503 565 3557 28.
610 3501 970 3575 Troslejanum
1015 3500 1296 3559 Concilium
1335 3517 1444 3555 can.
1484 3499 1564 3555 15.
1603 3499 1811 3569 loquens
1849 3499 1908 3556 de
1935 3496 2187 3560 Ecclesia,

2304 486 2320 506 s

2314 515 2320 537 ι
