2314 3984
0 0 90 299 ,τ

748 251 1394 310 ——351--—

161 427 560 496 fundamentum
587 425 852 490 primffus
897 424 950 473 in
989 422 1124 474 bono
1162 423 1381 473 unitatis
1431 421 1776 471 invenerimus
1790 436 1808 479 ,·
1860 419 1983 469 hinc

161 531 267 582 pro
287 512 560 580 principio
586 515 900 569 statuemus,
935 510 1112 559 omnia
1149 508 1247 560 illa
1274 513 1327 558 et
1347 507 1464 558 sola
1502 523 1614 558 esse
1630 507 1981 574 primoyenea

166 606 219 651 et
251 597 556 649 essentialia
576 600 715 667 jura
745 599 1043 664 primatus,
1079 597 1191 645 sine
1231 594 1416 662 quibus
1453 595 1629 644 unitas
1666 610 1774 643 non
1803 598 1983 660 potest

166 686 388 736 servari.
429 679 553 734 Sine
580 681 880 734 auctoritate
904 698 1025 735 vero
1051 697 1141 751 per
1167 697 1222 732 se
1250 678 1511 731 sufficienti
1538 678 1598 730 ad
1624 677 1868 730 unitatem
1895 677 1983 729 ob-

166 769 416 822 tinendam
449 768 558 838 ipsa
594 767 762 819 unitas
799 766 994 821 servari
1027 783 1127 817 non
1153 775 1334 836 potest.
1386 764 1680 817 Auctoritas
1706 763 1861 834 igitur
1878 782 1983 831 per

166 875 220 908 se
247 858 516 923 sufficiens
544 853 604 905 ad
630 853 998 906 custodiendam
1023 851 1264 904 unitatem
1291 851 1430 916 fidei,
1458 853 1519 903 ob
1547 868 1692 920 quam
1719 847 1983 920 praecipue

167 941 403 1012 primatus
429 939 519 991 fuit
543 938 828 1003 institutuS,
859 942 1204 1006 pri-moyeneo
1243 945 1293 990 et
1318 940 1587 990 essentiali
1622 936 1864 1008 primatus
1881 934 1985 1004 juri

169 1027 336 1096 nequit
363 1026 618 1096 denegari.
668 1024 797 1079 Vide
823 1025 915 1076 hac
941 1024 999 1076 de
1026 1042 1081 1076 re
1107 1022 1284 1074 librum
1310 1025 1396 1075 De
1422 1027 1473 1074 ci
1492 1027 1756 1091 primatus
1783 1040 1826 1074 e.
1853 1021 1905 1074 9.
1934 1020 1984 1072 in

168 1131 263 1182 quo
290 1112 476 1181 aliquot
501 1110 901 1164 adversariorum
938 1109 1224 1162 testimonia
1252 1109 1423 1173 attuli,
1459 1118 1509 1161 et
1543 1107 1843 1180 praesertim
1869 1107 1986 1159 illud

166 1196 352 1251 Nicolii
376 1197 428 1248 in
454 1215 637 1248 nonum
665 1196 928 1249 articulum
954 1194 1183 1266 Symboli
1209 1213 1251 1247 c.
1281 1195 1331 1246 2.
1385 1196 1611 1264 Oportet
1634 1199 1796 1264 iyitur
1824 1195 1986 1246 hocce

168 1291 331 1353 caput
356 1283 511 1354 (idest
537 1281 758 1354 Papam)
787 1286 1105 1336 auctoritate
1125 1286 1246 1350 frui
1273 1303 1408 1351 quae
1434 1286 1541 1350 ipsi
1563 1286 1867 1335 neccssaria
1895 1289 1987 1340 est,

167 1379 225 1423 ut
248 1375 495 1422 unitatem
522 1378 822 1421 conservet.-
850 1370 1084 1439 hujusque
1112 1368 1422 1420 auctoritatis
1447 1368 1548 1421 vim
1575 1386 1674 1420 non
1703 1369 1859 1420 solum
1888 1369 1989 1419 sus-

170 1457 413 1509 ficientem
437 1465 699 1524 utcumque
740 1473 852 1507 esse
889 1456 1067 1507 debere
1094 1454 1383 1520 existimat,
1424 1455 1510 1508 sed
1534 1455 1709 1520 talem,
1749 1473 1876 1524 quae
1901 1473 1989 1525 per

171 1560 226 1594 se
247 1543 368 1594 satis
391 1541 456 1593 sit
474 1544 548 1594 ad
564 1546 813 1594 unitatem
836 1546 1128 1611 efficaciter
1148 1546 1590 1594 conservandam.
1622 1541 1817 1612 subjicit
1837 1539 1985 1603 enim,

154 1632 300 1700 juris
328 1647 437 1680 esse
464 1630 630 1679 divini
656 1636 708 1680 et
730 1648 799 1680 ex
826 1632 1151 1680 institutione
1180 1629 1394 1689 Christi,
1419 1636 1478 1680 ut
1502 1627 1702 1699 (Papa)
1731 1631 1874 1679 omni
1891 1645 1988 1694 po-

170 1721 352 1765 testate
381 1720 432 1764 et
447 1718 844 1783 praeroyativis
871 1716 946 1766 ad
967 1719 1218 1766 unitatem
1239 1713 1514 1766 EFFICA
1526 1715 1601 1766 CI
1607 1715 1758 1765 TER
1782 1734 1988 1767 conser-

171 1802 397 1851 vandam
430 1804 744 1852 necessariis
785 1803 1066 1868 praeditus
1102 1804 1186 1852 sit.
1264 1798 1498 1852 Concinit
1548 1801 1697 1853 etiam
1738 1800 1990 1852 recentior

171 1885 472 1956 Anonymus
501 1895 675 1939 auctor
701 1888 1110 1940 Dissertationis
1139 1887 1448 1955 Isaqoyicae
1472 1884 1646 1938 Italica
1682 1886 1849 1957 lingua
1889 1887 1991 1940 edi-

173 1980 254 2023 tae
281 1971 502 2023 scribens
536 1991 642 2043 cap.
671 1973 721 2024 2.
775 1974 1146 2025 E'indubitato
1184 1974 1280 2024 clze
1321 1973 1578 2025 l'essenza
1617 1976 1709 2024 del
1745 1974 1988 2026 Primato

174 2061 398 2108 consiste
424 2057 478 2107 in
507 2078 613 2110 una
633 2063 1002 2125 preeminenza
1026 2060 1322 2126 fornitadi
1344 2066 1492 2110 tanta
1509 2062 1752 2127 potesta,
1792 2069 1991 2129 quanta

175 2143 423 2210 bisoynar
445 2147 555 2210 puo
573 2163 678 2211 per
707 2146 761 2195 la
788 2148 1193 2196 conservazione
1221 2146 1345 2195 dell’
1371 2147 1533 2195 unita.
1589 2143 1725 2197 Tota
1751 2165 1871 2216 ergo
1900 2147 1991 2198 dif-

174 2227 363 2279 ficultas
401 2227 498 2279 sita
535 2238 613 2281 est
646 2229 699 2280 in
728 2230 1022 2300 explicando
1051 2239 1101 2282 et
1129 2229 1501 2294 constituendo,
1540 2249 1782 2299 quaenam
1819 2232 1886 2283 sit
1910 2232 1992 2283 illa

177 2312 518 2365 Romanorum
544 2312 843 2368 Pontificum
883 2316 1155 2368 auctoritas
1181 2336 1287 2385 per
1314 2335 1368 2368 se
1395 2320 1666 2385 sufficiens
1705 2317 1764 2368 ad
1790 2335 1992 2370 conser-

175 2400 382 2451 vandam
407 2400 459 2451 in
484 2408 591 2452 tota
603 2397 835 2453 Ecclesia
858 2402 1099 2454 unitatem
1126 2402 1423 2473 praesertim
1448 2403 1498 2454 in
1524 2404 1645 2468 fide3
1675 2404 1732 2455 de
1760 2422 1856 2472 qua
1880 2414 1993 2455 tan-

174 2493 274 2534 tum
314 2483 391 2536 hic
425 2484 766 2554 disputandum
793 2496 895 2551 est,
932 2506 1040 2539 cum
1075 2487 1129 2539 in
1166 2487 1257 2540 hoc
1294 2498 1487 2541 tantum
1514 2490 1578 2541 sit
1613 2500 1663 2542 et
1698 2507 1810 2541 esse
1835 2491 1992 2560 possit

173 2587 282 2621 cum
308 2569 610 2623 adversariis
637 2572 892 2625 catholicis
919 2574 1162 2643 quaestio.

1006 2730 1052 2796 g,
1092 2729 1154 2782 11.

541 2843 993 2903 SECUNDA
1036 2847 1630 2908 PROPosl'rlo.

181 2984 245 3030 Ut
286 2990 564 3031 auctoritas
603 3002 918 3033 summorum
950 2987 1262 3046 Pontificum
1303 2994 1369 3035 sit
1402 3006 1501 3051 per
1540 3007 1592 3036 se
1631 2992 1891 3051 sufficiens
1923 2996 1993 3039 ad

176 3045 570 3090 conservandam
611 3051 664 3091 in
706 3053 811 3091 tota
842 3047 1070 3093 Ecclesia
1113 3053 1361 3094 unitatem
1398 3051 1542 3108 fidei,
1586 3051 1730 3096 debet
1759 3069 1860 3097 esse
1892 3068 1991 3098 non

174 3107 307 3147 meri
345 3105 537 3149 ordinis
576 3112 622 3149 et
664 3105 869 3152 honoris
898 3113 1291 3168 praeroyativa,
1333 3111 1423 3154 sed
1445 3110 1857 3167 jurisdictionem
1900 3113 1990 3158 ali·

176 3176 329 3219 quam
352 3164 671 3222 peculiarem
707 3165 805 3210 sibi
844 3173 1207 3227 competentem
1236 3173 1474 3227 requirit,
1522 3185 1654 3228 quae
1678 3187 1777 3231 per
1807 3187 1860 3217 se
1890 3176 1990 3218 exi·

619 3230 713 3283 qat
742 3231 792 3270 et
820 3225 1004 3285 obliqet
1033 3227 1104 3271 ad
1130 3225 1254 3283 fidei
1281 3232 1542 3273 unitatem.

319 3334 454 3388 Meri
479 3338 665 3391 ordinis
685 3350 736 3393 et
755 3341 958 3395 honoris
979 3343 1329 3414 praerogativa
1354 3345 1389 3397 ii
1414 3356 1607 3398 tantum
1633 3348 1853 3400 contenti
1879 3365 1991 3400 esse

177 3431 388 3488 queunt,
429 3421 508 3493 (V
509 3423 574 3476 id.
602 3424 684 3477 lib.
713 3424 790 3480 De
815 3427 865 3481 vi
889 3429 1086 3499 primat.
1117 3425 1271 3499 cJQ.)
1299 3431 1380 3499 qui
1407 3449 1515 3484 cum
1542 3432 1770 3486 sectariis
1798 3434 1986 3485 merum
