2314 3984
701 251 1342 310 ——333—

130 445 171 478 c.
198 425 295 495 a).
319 422 497 494 Neque
523 420 814 475 absimiliter
839 418 896 474 S.
924 420 1263 493 Hieronymus
1301 419 1446 492 epist,
1472 419 1574 474 82.Δ
1590 419 1650 472 ad
1674 417 1931 492 Theophi-

128 508 444 581 bunscripsit
467 526 518 560 n.
549 508 631 561 ll.
672 526 726 561 se
752 507 877 560 satis
916 506 1279 561 communicare
1304 523 1412 559 cum
1437 504 1664 559 Ecclesia
1689 505 1929 560 Hieroso-

128 593 385 666 lymitana,
412 613 442 647 a
466 596 602 665 cujus
630 594 809 647 actuali
834 594 1174 648 commimione
1199 602 1309 646 erat
1333 592 1630 664 disjimctnS,
1657 593 1771 662 quia
1797 610 1930 646 com-

128 679 356 733 muuione
392 680 568 734 actuali
599 681 904 752 jungebatur
929 677 1187 732 Romanae
1211 677 1495 744 Ecclesiae,
1534 678 1723 750 ipsique
1761 677 1932 732 Theo-

126 765 281 836 philo,
308 784 399 819 uec
425 785 524 819 nou
551 776 601 819 et
623 765 935 839 presbyteris
960 764 1250 834 degentibus
1275 765 1328 818 in
1353 766 1515 820 viculo
1539 764 1820 830 Bethleem,
1848 765 1932 835 qui

128 870 235 903 cum
271 851 464 906 Joauue
498 852 956 925 Hierosolymorum
991 848 1237 922 Episcopo
1278 852 1559 905 immediate
1603 842 1932 904 communica-

129 939 263 990 bant.
324 941 481 999 Quod
516 943 699 993 scribit
730 958 826 991 nos
851 957 957 1007 per
990 944 1040 989 te
1079 944 1131 988 et
1157 938 1452 990 Romanam
1478 940 1774 990 Ecclesiam
1799 958 1932 990 com-

127 1029 395 1078 municare
432 1030 505 1088 ei,
541 1047 575 1079 a
612 1046 717 1096 qua
752 1027 986 1077 videmur
1023 1027 1384 1075 communione
1421 1028 1688 1092 separati,
1723 1044 1829 1076 non
1857 1032 1958 1076 est‘

127 1130 336 1164 neeesse
372 1115 452 1164 ire
489 1119 594 1164 tam
626 1114 799 1180 lonye.
851 1111 924 1162 Et
947 1111 1033 1162 hic
1068 1113 1122 1160 in
1153 1110 1467 1162 Palaestina
1494 1112 1676 1161 eodem
1701 1113 1857 1162 modo
1886 1114 1936 1162 ei

111 1201 388 1268 junyimur
416 1235 646 1248 ......
677 1198 738 1248 In
765 1199 935 1249 viculo
964 1197 1244 1247 Bethleem
1262 1197 1590 1266 presbyteris
1618 1201 1745 1267 esem,
1772 1215 1931 1265 quan-

126 1287 310 1335 tamin
336 1285 484 1335 nobis
524 1292 624 1344 est,
662 1287 1021 1336 communione
1054 1286 1334 1334 sociamur.
1387 1280 1506 1333 Non
1545 1301 1664 1352 ergo
1700 1282 1849 1334 defuit
1875 1280 1930 1334 S.

129 1367 331 1420 Meletio
368 1369 525 1421 omnis
562 1387 670 1421 cum
707 1368 937 1420 Romano
978 1367 1222 1420 Pontifice
1258 1367 1423 1421 unitas
1458 1377 1605 1436 atque
1642 1368 1934 1433 communiO,

129 1473 254 1522 quae
280 1455 454 1507 saltem
479 1454 689 1507 mediata
712 1455 888 1525 negari
914 1473 1014 1507 non
1039 1463 1222 1525 potest.

270 1541 322 1594 3.
362 1538 532 1593 Solimi
557 1541 736 1605 defuit,
771 1560 858 1594 seu
885 1541 1045 1612 potius
1072 1557 1313 1611 suspensa
1345 1540 1435 1592 fuit
1461 1541 1736 1593 communio
1763 1541 1934 1594 imme-

130 1626 286 1690 diata,
314 1627 418 1680 sive
443 1627 569 1696 quod
595 1627 950 1680 connnunionis
976 1627 1175 1680 litterae
1201 1626 1481 1679 immediate
1518 1646 1546 1678 a
1573 1627 1687 1679 sedc
1713 1627 1758 1677 A
1766 1638 1934 1698 posto-

130 1713 222 1764 lica
247 1715 375 1765 tradi
400 1731 499 1765 non
531 1723 734 1783 possent
769 1715 828 1766 ad
865 1714 1023 1784 ipsum
1060 1723 1307 1782 tamquam
1332 1712 1699 1764 Antiochenum
1726 1712 1934 1784 Episco-

130 1815 266 1868 pum,
306 1817 413 1850 cum
451 1799 592 1852 datae
625 1800 833 1852 fuissent
860 1798 1102 1863 Paulino,
1139 1817 1230 1850 nec
1266 1799 1450 1850 duobus
1490 1800 1830 1851 concedendae
1858 1818 1936 1851 es-

130 1893 266 1948 sent,
294 1902 356 1936 ne
383 1895 557 1938 contra
580 1884 857 1938 Nicaenum
893 1903 1128 1938 canonem
1167 1885 1260 1936 duo
1297 1885 1511 1955 ejusdem
1538 1886 1674 1936 urbis
1700 1884 1936 1957 Episcopi

133 1971 484 2038 probarentur,
512 1971 617 2024 sive
644 1973 771 2041 quod
796 1972 847 2024 in
871 1970 1306 2024 turbulentissimis
1335 1973 1441 2042 ejus
1466 1971 1702 2042 temporis
1731 1973 1936 2024 circum-

134 2055 347 2120 stantiiS,
375 2056 617 2109 Romanis
642 2068 782 2110 tanto
807 2059 1068 2111 intervallo
1096 2057 1351 2122 discretiS,
1379 2057 1501 2108 haud
1528 2058 1650 2109 satis
1678 2070 1938 2131 perspecta

133 2151 266 2193 esset
292 2140 482 2194 Meletii
507 2144 654 2207 fides,
694 2163 818 2213 quae
854 2145 992 2196 falsis
1019 2144 1376 2215 suspicionibus
1404 2161 1433 2194 a
1458 2145 1706 2195 nonnullis
1733 2145 1939 2216 impete-

134 2228 303 2293 batur3
340 2229 466 2280 unde
492 2230 552 2280 ob
581 2228 909 2282 Orientalium
945 2249 1109 2284 rerum
1140 2231 1264 2300 apud
1291 2227 1636 2282 Occidentales
1661 2231 1938 2301 ignoratio-

134 2331 272 2378 nem,
300 2313 388 2365 hos
414 2313 626 2367 Paulino
653 2317 779 2368 datis
805 2317 987 2369 litteris
1014 2315 1390 2380 communionis,
1419 2315 1705 2368 attribuisse
1731 2315 1939 2389 Episco-

132 2409 295 2469 patum
322 2400 686 2454 Antiochenum
723 2405 988 2456 frustratos
1028 2414 1189 2455 autem
1227 2407 1395 2454 virum
1430 2404 1539 2453 Dei
1575 2406 1938 2456 admirabilem

134 2487 400 2538 Meletium
428 2487 622 2557 scripsit
648 2486 703 2539 S.
731 2488 948 2542 Basilius
975 2491 1182 2561 epistola
1210 2489 1332 2541 349.
1362 2489 1624 2540 1111116214.
1655 2490 1714 2539 ad
1742 2489 1939 2542 Teren-

131 2571 248 2622 tium
275 2569 546 2625 Comitem:
574 2592 699 2642 quae
724 2575 888 2628 omnia
926 2596 1034 2629 cum
1066 2576 1377 2629 immediatae
1404 2574 1761 2627 communionis
1787 2576 1940 2647 impe-

132 2657 395 2708 dimentum
422 2660 560 2729 culpa
586 2662 688 2730 ejus
714 2680 918 2714 vacuum
950 2664 1238 2733 praeferunt
1254 2702 1266 2726 ,
1303 2672 1406 2712 tum
1444 2679 1564 2713 vero
1602 2679 1693 2714 nec
1718 2662 1812 2733 ipsi
1838 2682 1940 2714 1116-

134 2742 264 2793 diata
301 2743 475 2795 saltem
514 2746 851 2798 communione
884 2748 1095 2812 fruenti,
1129 2766 1220 2799 nec
1260 2746 1513 2798 sanctitati
1539 2746 1693 2816 ipsius
1720 2748 1938 2816 pluribus

134 2827 433 2880 documentis
484 2831 828 2900 comprobatae
891 2832 1147 2902 quicquam
1196 2832 1480 2903 praejudicii
1532 2832 1715 2885 exinde
1764 2833 1938 2886 inferri

133 2930 278 2981 posse
303 2914 619 2984 patefaciunt.

272 2999 324 3050 4.
365 2997 598 3052 Ceterum
625 3001 951 3056 immediatam
979 3023 1170 3074 quoque
1197 3004 1456 3057 Romanae
1483 3004 1612 3056 sedis
1640 3007 1940 3057 communio-

135 3101 243 3136 nem
270 3086 423 3138 eidem
459 3086 715 3156 aliquando
754 3107 1040 3142 concessam
1074 3091 1387 3143 dubitandum
1425 3109 1524 3142 non
1559 3100 1663 3154 est,
1703 3091 1939 3160 siquidem

134 3188 239 3220 cum
267 3169 503 3236 Paulino,
543 3172 623 3242 qui
660 3192 719 3226 ea
752 3175 1032 3228 immediate
1066 3178 1344 3241 fruebatur,
1381 3195 1550 3248 pacem
1587 3177 1645 3228 ab
1682 3195 1736 3230 se
1771 3179 1939 3230 sedulo

135 3256 408 3323 quaesitam
434 3267 482 3309 et
509 3259 676 3327 aequis
703 3262 1063 3315 conditionibus
1089 3263 1305 3316 oblatam
1333 3263 1640 3326 conciliavit,
1676 3274 1728 3315 ut
1754 3262 1939 3317 Socra-

137 3350 211 3393 tes
238 3351 288 3394 et
313 3341 620 3396 Sozomenus
645 3353 910 3399 testantur.
963 3348 1071 3401 Hac
1097 3367 1219 3401 sane
1245 3348 1594 3401 conciliatione
1619 3349 1670 3401 in
1698 3348 1940 3404 Occiden-

137 3439 233 3481 tem
261 3431 408 3483 allata
425 3470 438 3493 ,
467 3430 776 3501 acceptisque
803 3435 1056 3503 utriusque
1083 3435 1268 3505 partis,
1298 3433 1489 3487 Meletii
1517 3434 1704 3490 scilicet
1731 3448 1779 3490 et
1807 3436 1942 3490 Pau-
