2314 3984
737 326 906 336 --
986 254 1122 350 ³213
1213 326 1382 335 —

205 498 210 507 ·
284 460 371 516 87.
421 458 703 533 Stephanus
729 458 973 514 Larissae
997 457 1275 533 Episcopus
1300 458 1351 510 in
1378 457 1543 511 libello
1559 496 1574 523 ,
1613 475 1757 528 quem
1783 459 1960 511 obtulit

144 545 402 599 Bonifacio
425 544 487 597 II.
526 543 762 599 Pontifici
801 557 850 599 et
877 545 1136 599 Romanae
1162 545 1355 618 synodo
1382 561 1514 597 anno
1541 542 1663 597 531.
1718 542 1960 599 Auctori-

144 639 253 692 tas,
278 631 436 701 inquit
472 631 566 702 (ibi
594 633 686 684 col.
715 632 838 686 841.
867 631 976 703 b.)‚
1019 634 1160 685 sedis
1200 629 1567 699 Apostolicae,
1606 649 1741 699 quae
1780 650 1814 682 a
1838 630 1959 682 Deo

146 719 409 769 salvatore
435 725 618 770 nostro
645 737 840 770 summo
853 714 1232 786 Apostolorum
1258 719 1387 769 data
1413 723 1506 775 est,
1532 722 1836 767 sanctarum
1863 716 1960 767 Ec-

145 805 426 855 clesiarum
466 806 767 872 privileyiis
803 804 1101 862 antecellit,
1152 806 1206 853 in
1232 808 1381 874 cujus
1425 803 1760 870 confessione
1805 799 1962 870 (idest

148 887 265 956 fide)
293 907 468 940 omnes
493 893 830 958 requiescunt
853 888 1142 941 Ecclesiae.
1197 884 1327 953 Quid
1354 897 1516 939 aintem
1543 895 1637 950 est,
1663 903 1836 938 omnes
1862 884 1961 938 Ec-

148 972 325 1025 clesias
350 973 400 1025 in
427 975 557 1027 sedis
569 973 890 1046 Apostolicae
915 971 1247 1036 confessione,
1276 990 1365 1024 seu
1389 972 1481 1023 fide
1506 971 1840 1040 requiescere,
1864 971 1960 1023 nisi

147 1076 317 1111 omnes
344 1078 451 1112 cum
477 1061 581 1129 ejus
609 1059 698 1111 fide
724 1057 1050 1111 cohaerentes
1076 1067 1182 1110 tute
1210 1057 1602 1126 conquiescere?
1631 1057 1807 1127 quippe
1833 1058 1961 1127 quod

147 1142 241 1211 (ibi
268 1145 358 1195 col.
388 1143 510 1197 632.
535 1143 609 1210 c.)
637 1148 691 1195 in
718 1145 872 1215 liujus
894 1151 1083 1213 petrae
1106 1145 1230 1212 fide,
1258 1145 1397 1194 idest
1409 1140 1788 1209 Apostolorum
1806 1143 1962 1193 Prin·

145 1230 277 1295 cipis
296 1232 547 1297 firmitate
595 1230 885 1282 orientalis
926 1228 1022 1300 (uti
1063 1237 1112 1281 et
1139 1225 1502 1295 Occidentalis)
1543 1228 1820 1278 Ecclesiae
1840 1231 1962 1294 fun-

145 1316 388 1366 damenta
413 1316 728 1375 solidantur,
755 1315 1158 1383 quemadmodum
1185 1314 1244 1365 ad
1270 1313 1516 1367 Joannem
1538 1309 1961 1384 Constantinopo-

146 1399 348 1451 litanum
374 1400 645 1470 scripserat
671 1399 726 1452 S.
757 1400 1037 1452 Hormisda.

289 1483 375 1538 88.
404 1483 618 1536 Mennas
637 1483 912 1556 Episcopus
927 1482 1512 1556 Constantinopolitanus
1539 1485 1590 1536 in
1617 1486 1812 1556 synodo
1826 1483 1962 1538 Con-

148 1569 465 1640 stantinopoli
492 1570 656 1622 habita
683 1588 813 1622 anno
845 1570 966 1623 536.
997 1571 1242 1623 actionem
1278 1580 1505 1640 quartam
1534 1570 1608 1622 his
1635 1570 1801 1623 verbis
1829 1573 1962 1624 clau-

148 1655 215 1706 dit
243 1655 338 1725 (ibi
364 1656 456 1707 col.
484 1654 637 1709 1058.
657 1655 761 1726 c.):
790 1657 904 1708 Nos
931 1660 1083 1716 enim,
1109 1660 1244 1708 sicut
1267 1660 1367 1708 scit
1393 1664 1564 1708 cestra
1591 1661 1809 1718 caritas,
1822 1656 1961 1725 Apo-

147 1742 384 1791 stolicam
410 1743 583 1792 sedem
609 1745 874 1810 sequimur
893 1782 909 1802 ,
937 1749 988 1792 et
1012 1743 1306 1804 obedimus,
1335 1750 1385 1793 et
1412 1746 1577 1809 ipsius
1614 1746 1960 1794 communica-

148 1833 311 1886 tores,
338 1830 806 1878 communicatores
842 1828 1116 1887 habemus,
1153 1834 1204 1878 et
1236 1829 1611 1879 condemnatos
1650 1828 1714 1879 ab
1755 1831 1871 1894 ipsa
1914 1837 1964 1880 et

147 1931 240 1962 nos
268 1915 684 1965 condemnamus.

286 1996 372 2050 89.
424 1995 723 2050 Profuturus
749 1997 1022 2070 Episcopus
1060 1999 1391 2052 Bracarensis
1429 1999 1600 2069 quanti
1641 2000 1816 2052 feccrit
1852 2001 1962 2053 fidei

149 2081 387 2134 unitatem
414 2101 520 2134 cum
547 2084 662 2135 sede
687 2083 980 2153 Apostolica
997 2124 1010 2148 ‚
1039 2085 1310 2155 explicavit
1335 2085 1386 2136 in
1414 2085 1594 2137 litteris
1634 2086 1694 2137 ad
1720 2085 1959 2156 vigilium

151 2164 340 2236 Papam
358 2205 374 2228 2
399 2186 467 2219 ex
493 2168 665 2236 quibus
693 2169 813 2220 haec
840 2169 898 2220 dc
925 2169 1032 2239 ipso
1060 2170 1185 2221 idem
1213 2169 1456 2222 Pontifex
1483 2170 1649 2222 retulit
1675 2171 1725 2221 in
1754 2190 1961 2242 respon-

149 2251 287 2303 sione
316 2253 440 2322 apud
460 2251 713 2305 Labheum
740 2253 950 2323 epistola
977 2255 1194 2324 ejusdem
1221 2253 1479 2306 Pontificis
1507 2256 1719 2307 secunda
1749 2255 1845 2326 (ibi
1865 2258 1958 2308 col.

154 2337 305 2390 1'291.
336 2337 442 2407 a.):
474 2339 734 2406 Reyulam
772 2341 1068 2391 catholicae
1100 2343 1230 2409 fidei
1267 2344 1450 2393 iisdem
1476 2343 1652 2393 studes
1679 2350 1857 2394 tenere
1884 2363 1960 2394 ve-

148 2426 345 2491 stiyiis,
382 2425 568 2492 quibus
609 2443 722 2475 eam
760 2428 813 2475 in
840 2422 1152 2493 Apostolica
1183 2429 1290 2494 fide
1327 2430 1602 2494 coynoscis
1633 2447 1743 2479 esse
1763 2431 1961 2495 funda-

147 2516 264 2560 tam.
340 2500 481 2561 Hauc
519 2510 737 2562 eamdem
789 2510 1029 2562 unitatem
1068 2511 1178 2562 fidei
1221 2512 1347 2562 idem
1385 2511 1627 2563 Pontifex
1666 2514 1872 2565 laudans
1912 2514 1961 2565 in

148 2593 333 2644 Mcnna
369 2591 922 2665 Constantinopolitano
960 2594 1208 2667 Episcopo
1248 2596 1446 2666 scripsit
1486 2595 1679 2668 (Epist.
1723 2598 1773 2649 5.
1804 2598 1959 2668 vigil.

149 2677 213 2727 ibi
242 2679 333 2728 col.
365 2679 519 2730 1298.
538 2679 640 2743 c.):
678 2681 822 2738 Quid
845 2689 922 2732 est
946 2686 1161 2732 caritati
1187 2690 1307 2733 tuae
1335 2685 1571 2750 thynius,
1609 2686 1757 2751 quod
1780 2704 1959 2736 conce-

151 2766 285 2822 niat,
311 2766 414 2814 nisi
438 2783 470 2814 a
501 2763 860 2816 Romanorum
890 2766 1206 2817 Praesulum
1230 2786 1336 2817 non
1363 2770 1577 2819 (leviare
1615 2770 1893 2819 doctrina?

932 2936 977 3003 g.
1005 2934 1174 2989 xvn.

157 3050 413 3091 Testc'monia
444 3064 494 3091 ex
525 3053 697 3092 summis
729 3050 1004 3102 Pontificibus
1040 3055 1243 3103 Gregorio
1271 3054 1304 3092 1.
1332 3058 1371 3094 et
1400 3054 1460 3094 Il.
1493 3067 1544 3096 ex
1570 3055 1798 3098 Venerabili
1832 3057 1960 3104 Beda,

149 3121 198 3148 vx
230 3112 411 3150 Auctore
447 3110 594 3161 Operis
630 3113 844 3160 carolini,
881 3111 1104 3151 Hadriano
1141 3112 1202 3160 Ι.,
1247 3114 1458 3158 Alc-uino.
1496 3115 1538 3154 S.
1573 3115 1816 3167 Niccpltoro
1854 3118 1962 3157 Con-

147 3168 556 3218 stantinopolitano,
605 3169 824 3210 Theodoro
861 3170 1055 3218 Stude'ta,
1090 3170 1272 3211 Nicolao
1311 3172 1366 3220 1.,
1401 3176 1441 3212 et
1477 3173 1712 3214 Hincmaro
1750 3175 1961 3217 Remensi.

150 3225 216 3263 Es·
250 3225 315 3264 his
348 3227 538 3278 antiquis
580 3229 830 3269 traditionis
871 3233 1164 3279 argumentum
1209 3233 1501 3278 concluditur,
1547 3231 1736 3281 subjecta
1769 3235 1963 3275 animad-

267 3285 476 3334 versione,
509 3298 592 3337 qua
622 3299 707 3327 uno
738 3288 826 3329 ictu
859 3291 1005 3338 plures
1036 3286 1286 3336 objectiones
1311 3303 1361 3329 ω·
1394 3292 1590 3343 antiquis
1622 3303 1846 3344 perperam

823 3347 1015 3398 ingestae
1047 3348 1285 3388 diluuntur.

292 3441 379 3493 90.
409 3437 535 3506 Quid
562 3440 718 3494 dicam
742 3445 801 3497 de
829 3465 1009 3515 magno
1025 3444 1291 3515 Gregori0‚
1319 3447 1398 3515 qui
1426 3449 1645 3518 profecto
1673 3451 1961 3520 reprehendi

155 3523 202 3573 in
241 3542 298 3576 co
338 3526 532 3594 nequit,
571 3528 709 3595 quasi
750 3547 867 3584 suae
893 3531 1023 3584 sedis
1051 3531 1311 3602 privilegia
1352 3532 1549 3586 nimium
1590 3536 1866 3588 extulerit?
1916 3535 1962 3586 ls
