2320 3990
930 193 1544 253 &58—

458 362 512 416 4.
563 361 746 432 Neque
777 355 916 414 forte
951 362 1197 435 quispiam
1234 374 1477 436 reponat,
1515 385 1627 422 cum
1653 368 1888 423 Romana
1915 370 2035 425 sede
2065 371 2174 424 uni-

310 459 467 505 tatem
494 448 652 502 adhuc
675 466 826 521 posse
852 449 1068 518 servari,
1095 451 1210 504 dum
1237 451 1348 523 quis
1373 465 1639 526 separatus
1665 468 1745 512 est
1769 475 1799 511 a
1822 457 2172 513 communione

312 537 606 603 pontificis,
645 535 690 590 si
725 535 1054 610 Apostolicae
1092 539 1225 594 sedis
1261 541 1664 598 communionem
1687 555 1890 600 teneat:
1936 544 2175 600 Romana

312 627 444 681 enim
469 625 765 699 Apostolica
791 627 938 682 sedes
954 668 968 695 ,
996 646 1152 701 supra
1178 647 1326 700 quam
1353 626 1593 685 Christus
1619 632 1847 689 fundavit
1870 631 2172 701 Ecclesiam,

311 734 438 787 quae
463 714 650 769 idcirco
680 715 953 771 catholicae
977 717 1191 771 unitatis
1218 728 1270 772 et
1298 717 1662 773 communionis
1689 731 1918 775 centrum
1946 732 1999 777 et
2025 722 2172 795 origo

311 815 407 872 est,
434 823 537 857 non
564 803 662 857 alia
687 806 933 876 profect0‚
962 816 1040 860 est
1066 826 1215 878 quam
1239 807 1348 880 ipse
1376 805 1642 860 Romanus
1668 805 1918 864 Pontifex
1943 809 1999 865 S.
2025 810 2173 866 Petri

311 911 606 960 successor3
656 891 728 946 ita
753 903 810 947 ut
846 894 931 966 qui
969 914 1080 950 cum
1119 895 1213 950 hoc
1249 895 1493 950 unitatem
1533 905 1584 949 et
1622 898 2022 953 communionem
2070 917 2174 952 non

311 981 486 1049 babet,
514 999 678 1052 neque
705 981 888 1036 habeat
925 1002 1035 1038 cum
1060 983 1360 1058 Apostolica
1385 985 1521 1039 sede.
1586 984 1852 1041 Romanae
1898 986 2088 1041 scilicet
2124 997 2176 1041 et

310 1067 638 1143 Apostolicae
676 1070 810 1124 sedis
835 1070 1103 1144 privilegia
1138 1074 1199 1127 ad
1226 1073 1494 1146 primatum
1522 1074 1859 1147 pertinentia,
1888 1095 1958 1130 cx
1986 1075 2175 1130 consti-

312 1159 432 1212 tutis
460 1178 568 1231 cap.
598 1158 650 1213 3.
679 1158 902 1213 Romani
939 1159 1206 1217 Pontificis
1239 1162 1528 1235 personalia
1556 1173 1701 1231 sunt3
1743 1183 1802 1218 ac
1827 1165 2037 1237 proinde
2066 1163 2175 1216 Ro-

310 1248 447 1301 mani
472 1246 739 1301 Pontificis
765 1267 984 1321 persona
1012 1269 1042 1303 a
1068 1250 1305 1305 Romana
1331 1250 1450 1304 sede
1476 1253 1668 1304 frustra
1695 1251 2055 1324 distinguitur,
2091 1251 2173 1303 ubi

310 1335 477 1407 agitur
503 1336 563 1389 de
586 1335 781 1390 unitate
802 1347 854 1389 et
873 1355 1223 1392 communione
1251 1338 1516 1404 catholica,
1544 1341 1683 1411 cujus
1711 1341 1995 1394 servandae
2023 1358 2175 1393 causa

312 1423 546 1477 Romana
584 1423 758 1488 sedeS,
795 1441 885 1476 seu
921 1423 1144 1477 Romani
1181 1422 1460 1478 Pontifices
1499 1444 1569 1478 ex
1606 1427 1854 1498 primatus
1891 1427 2176 1500 personalis

309 1512 668 1586 praerogativa
705 1530 762 1565 ac
779 1512 894 1583 jurc
932 1513 1154 1585 ejusdem
1190 1513 1402 1567 unitatis
1449 1523 1500 1568 et
1539 1515 1905 1569 communionis
1948 1526 2175 1570 centrum

308 1602 530 1656 instituti
548 1604 708 1655 fuere.
765 1598 976 1667 Confer,
1007 1620 1135 1672 quae
1159 1612 1336 1656 contra
1361 1603 1603 1673 ejusmodi
1620 1603 1994 1657 distinctionem
2018 1604 2175 1657 fusius

311 1692 625 1745 disserentur
654 1708 765 1761 cap.
797 1689 883 1741 14.
914 1690 961 1757 ξ.
992 1690 1043 1742 5.

457 1780 509 1832 5.
563 1775 696 1846 Quid
724 1785 891 1830 autem
927 1776 1153 1849 pluribus
1187 1777 1430 1831 immoror
1468 1778 1522 1830 in
1557 1778 1911 1832 constituenda
1952 1780 2177 1834 necessi-

309 1879 416 1923 tate
442 1866 653 1921 unitatis
682 1875 733 1920 et
761 1864 1123 1919 communionis
1161 1885 1270 1920 cum
1285 1865 1523 1920 Romana
1556 1869 1674 1921 sede
1703 1866 2004 1922 Romanove
2032 1867 2172 1921 Pon-

310 1957 470 2023 tifice,
512 1955 556 2010 si
583 1954 716 2008 hac
702 1974 755 2007 in
780 1974 836 2008 1e
862 1955 1001 2027 ipsos
1041 1973 1290 2025 quoque
1275 1956 1599 2010 adversarios
1640 1956 1941 2010 confitentes
1980 1955 2175 2010 habeo?

308 2044 541 2099 Nicolius
581 2053 713 2117 part.
744 2044 795 2096 2.
838 2043 891 2096 in
919 2042 1217 2116 Symbolum
1257 2040 1624 2134 Apostolorum
1663 2055 1761 2097 a.1t
1790 2045 1843 2099 9.
1910 2045 1999 2097 De
2038 2065 2174 2097 com-

308 2138 559 2187 munione
602 2141 913 2186 sanctorum
940 2151 983 2185 c.
1015 2131 1065 2184 1.
1094 2131 1252 2185 veluti
1288 2107 1478 2203 dogma
1504 2133 1617 2186 fidei
1656 2143 1850 2186 certum
1885 2131 1979 2185 hoc
2006 2132 2174 2204 ponit:

309 2223 479 2275 Nobis
500 2229 795 2292 praeterea
836 2222 1246 2274 adhaerendum
1275 2229 1355 2274 est
1371 2241 1478 2291 per
1505 2226 1928 2276 communionem
1955 2241 2175 2290 expres-

308 2331 421 2364 sam
448 2318 608 2380 atque
636 2313 1001 2380 praecipuam
1035 2329 1155 2363 cum
1193 2313 1373 2379 capite
1414 2311 1698 2362 Ecclesiae
1743 2311 1961 2362 Summo
1994 2310 2177 2362 Ponte·-

304 2405 422 2471 fice.
473 2396 544 2450 Et
572 2394 811 2451 Claudius
838 2395 883 2450 F
888 2398 1036 2470 leury
1062 2397 1115 2453 in
1143 2394 1466 2452 Catechismo
1494 2396 1738 2450 historico
1765 2396 1850 2449 lib.
1880 2397 1932 2449 2.
1962 2407 2092 2468 part.
2123 2398 2173 2450 Q.

310 2489 425 2540 lect.
445 2486 498 2540 9.
522 2486 817 2540 catholicam
839 2484 1121 2539 Ecclesiam
1150 2484 1335 2539 idcirco
1362 2486 1667 2538 Romanam
1687 2483 1928 2559 appellari
1946 2484 2034 2550 ait,
2063 2484 2178 2555 quia

310 2595 470 2629 verae
492 2575 774 2628 Ecclesiae
801 2583 930 2630 nota
953 2582 1034 2628 est
1059 2575 1370 2628 Communio
1398 2594 1518 2627 cum
1538 2581 1726 2627 sancta
1754 2575 1880 2628 sede
1906 2573 2178 2636 Romana,

309 2684 400 2718 seu
426 2682 537 2717 cum
564 2662 800 2719 Romano
829 2662 1107 2729 Pontifice,
1155 2662 1239 2733 qui
1266 2681 1377 2716 eam
1405 2663 1574 2716 sedem
1610 2671 1771 2716 tenet.
1837 2660 1959 2714 Alia
1996 2661 2177 2715 similia

310 2754 523 2807 aliorum
559 2752 853 2807 testimonia
887 2753 1213 2824 proferentur
1241 2771 1347 2824 cap.
1380 2750 1466 2803 14.
1521 2749 1654 2804 Hinc
1692 2769 1888 2822 quoque
1924 2751 2176 2804 solemnes

311 2854 361 2896 et
387 2840 830 2912 frequentissimae
868 2839 986 2893 illae
1023 2840 1426 2912 protestationes
1453 2849 1572 2892 sunt
1613 2858 1788 2893 eorum
1823 2838 1975 2892 etiam
2002 2836 2176 2894 Gallo-

311 2951 450 2996 rum,
490 2930 575 3001 qui
602 2928 895 2983 auctoritati
923 2928 1256 3000 Apostolicae
1295 2926 1587 2981 novissimis
1625 2926 1932 2998 temporibus
1971 2927 2177 2978 restite-

312 3029 458 3084 runt,
498 3018 611 3070 dum
648 3017 865 3090 professi
906 3026 1023 3069 sunt
1060 3034 1116 3069 se
1155 3013 1512 3068 inviolabiliter
1559 3011 1746 3084 (Card.
1785 3011 2016 3066 Noailles
2054 3012 2174 3066 Act.

312 3105 549 3179 d'appell.
579 3105 630 3158 3.
663 3104 832 3179 April.
865 3104 1026 3172 1717,
1066 3111 1117 3157 et
1145 3101 1231 3155 alii
1260 3099 1543 3173 similiter),
1583 3102 1888 3155 adhaerere
1935 3103 1989 3153 S.
2022 3102 2179 3154 Petri

312 3197 606 3250 cathedrae
632 3198 712 3248 uti
737 3196 1006 3247 communi
1029 3199 1215 3246 centro
1242 3193 1464 3244 unitatis
1492 3191 1813 3251 catholicae,
1839 3211 1872 3242 a
1900 3210 2006 3261 quo
2032 3209 2176 3242 num-

313 3305 474 3356 quam
504 3285 629 3337 licet
654 3303 709 3336 se
736 3302 1027 3354 separare.-
1069 3284 1204 3334 dont
1228 3280 1272 3332 il
1295 3282 1430 3332 n’est
1448 3280 1657 3351 jammis
1687 3281 1896 3348 permis
1925 3281 1992 3331 de
2018 3297 2074 3330 se
2101 3297 2175 3330 se-

305 3392 510 3443 parer.-
551 3389 679 3442 quae
706 3371 954 3443 professio
983 3369 1080 3425 etsi
1107 3369 1169 3422 ab
1194 3367 1257 3421 iis
1283 3366 1511 3440 prolata,
1551 3365 1633 3436 qui
1659 3384 1689 3419 a
1718 3365 1954 3419 Romana
1981 3365 2100 3419 sede
2128 3374 2177 3418 ct

313 3459 566 3513 Antistite
593 3458 828 3512 Romano
856 3459 1080 3513 maxime
1107 3454 1442 3520 dissidebant,
1482 3453 1648 3508 inanis
1689 3453 1938 3527 professio
1975 3461 2082 3519 est,
2123 3462 2173 3504 ut

316 3547 431 3603 alibi
458 3547 770 3614 videbimus3
815 3566 923 3601 cum
950 3558 1120 3602 tamen
1149 3544 1282 3600 edita
1309 3541 1475 3600 fuerit,
1504 3552 1555 3596 ut
1585 3541 1870 3596 schismatis
1898 3539 2178 3594 declinare-
