2314 3984
296 337 702 393 indefectibilitas
741 338 805 391 ad
841 338 1448 407 traditionemst’amnm
1483 352 1536 396 et
1570 342 1936 416 promissiones
1964 339 2156 397 Christi

296 426 625 503 explicandas
645 425 846 479 sufficit.
890 424 1034 491 Haec
1059 445 1184 483 vero
1211 426 1313 481 alia
1341 427 1596 485 distinctio
1623 449 1735 507 cum
1761 441 2044 505 opponatur
2069 430 2157 483 fini

294 515 537 588 primatus
553 553 568 579 ,
613 532 762 584 quem
804 514 1081 570 declaravit
1126 515 1336 570 traditio
1350 555 1366 582 ,
1413 517 1759 584 commentitia
1794 529 1845 574 et
1882 518 2157 592 rejicienda

295 602 638 675 cognoscitur.
693 599 956 670 Quomodo
983 603 1118 659 enim
1142 603 1392 677 primatus
1418 603 1726 673 auctoritaS,
1752 625 1883 678 quae
1908 607 1962 661 in
1990 606 2156 678 aliquo

296 689 547 744 Pontifice
582 690 728 744 fidem
766 691 978 745 docente
1018 692 1280 759 deficeret,
1327 702 1394 767 et¹
1413 711 1643 748 errorem
1692 694 1808 749 fidei
1845 695 2155 749 contrarium

295 796 610 851 proponenS,
650 778 898 834 unitatem
923 799 1028 834 non
1052 791 1228 854 posset
1263 780 1507 853 exigere,
1547 780 1611 835 ad
1635 781 1750 835 fidei
1777 781 2024 843 unitatem
2049 801 2159 838 ser—

295 865 512 920 vandam
539 875 678 919 esset
704 886 795 940 per
822 886 879 922 se
904 867 1087 924 idonea
1112 879 1263 941 atque
1289 869 1580 924 sufficiens?
1607 867 1720 923 Hoc
1747 879 1886 924 certe
1908 868 2160 941 Pontifice

297 952 576 1006 auctoritas
593 993 606 1019 ,
653 974 782 1025 quae
810 976 881 1011 ex
907 955 1105 1013 Christi
1129 945 1450 1012 institutione
1477 976 1593 1012 esse
1621 957 1829 1011 deberet
1852 968 2082 1030 potestas
2106 957 2160 1011 in

297 1043 744 1097 conservationem
770 1045 1016 1113 unitatis,
1056 1065 1226 1101 nonne
1264 1056 1403 1100 esset
1439 1045 1658 1100 medium
1692 1045 1746 1098 in
1778 1046 2161 1119 ipsiusdestru-

294 1131 514 1185 ctionem
541 1141 592 1185 et
617 1133 942 1188 scandalum?
995 1132 1055 1188 Si
1082 1134 1177 1188 hac
1201 1133 1257 1187 in
1283 1133 1667 1188 circumstantia
1701 1134 1975 1188 remedium
2002 1153 2162 1207 expe-

295 1221 528 1274 ctandum
557 1231 696 1274 esset
723 1241 753 1274 a
780 1223 1130 1287 correctione,
1175 1239 1324 1292 quam
1361 1223 1444 1278 vel
1480 1222 1613 1276 idem
1637 1220 1920 1288 PontifeX,
1960 1223 2043 1276 vel
2070 1221 2162 1275 ali-

295 1308 406 1379 quis
434 1309 541 1380 ejus
569 1326 866 1375 successor,
909 1319 996 1363 aut
1035 1307 1163 1360 alius
1201 1307 1495 1379 quicumque
1533 1319 1713 1380 postea
1733 1311 1956 1375 faceret,
1993 1327 2162 1363 nonne

294 1407 564 1468 antequam
604 1396 728 1451 haec
769 1397 1018 1452 correctio
1057 1395 1233 1462 fieret,
1273 1414 1399 1450 vera
1436 1395 1559 1448 fides
1594 1395 1646 1448 in
1684 1396 1818 1450 serie
1855 1394 2161 1450 Pontificrun

295 1485 581 1550 defecisset,
610 1494 662 1538 et
690 1484 971 1538 auctoritas
988 1525 1001 1551 ,
1031 1503 1159 1555 quae
1184 1503 1277 1557 per
1303 1503 1360 1538 se
1388 1483 1538 1538 habet
1563 1484 1667 1539 vim
1693 1484 1963 1557 obligandi,
1990 1485 2052 1538 ad
2080 1503 2161 1538 61·-

294 1593 463 1660 rorem
491 1574 700 1627 deberet
726 1572 932 1625 interim
959 1573 1223 1644 obligare?

1150 1690 1198 1758 g,
1239 1688 1313 1742 x.

298 1796 517 1840 Error-es
551 1792 883 1851 Pontificum,
921 1797 1011 1852 qui
1042 1793 1104 1838 ab
1139 1794 1451 1839 adversariis
1484 1800 1842 1855 opponuntur,
1876 1800 1937 1839 ut
1966 1798 2019 1839 in
2051 1809 2161 1838 rem

288 1862 619 1918 praesente-m
637 1854 929 1916 probarent
949 1855 1164 1913 aliquid,
1201 1855 1301 1900 duo
1318 1854 1600 1916 probanda
1622 1861 1809 1900 essent:
1841 1853 1881 1899 I.
1916 1870 2161 1912 errorem,

298 1922 388 1977 qui
419 1920 727 1978 opponitur,
774 1919 849 1960 ita
895 1932 998 1960 esse
1041 1922 1240 1960 eertum
1283 1931 1513 1960 errorem
1556 1916 1682 1974 fidei
1726 1922 1784 1961 ut
1825 1915 1972 1960 nulla
1995 1920 2163 1977 possit

299 1985 427 2040 apta
461 1980 891 2038 interpretatione
916 1980 1174 2037 purqari:
1219 1974 1288 2020 ΙΙ.
1326 1991 1429 2021 esse
1452 1983 1735 2038 praeterea
1778 1990 2009 2020 errorem
2042 1975 2161 2034 deji-

294 2043 508 2085 nitionis
556 2038 895 2097 doqmatieae.
968 2035 1108 2082 Unus
1157 2036 1413 2095 ejusmodi
1454 2052 1602 2082 error
1645 2051 1869 2095 eonqrue
1891 2035 2163 2097 probatus,

300 2101 371 2145 ad
404 2099 731 2146 evertendam
767 2101 1102 2159 propositam
1147 2097 1329 2142 thesim
1361 2098 1639 2157 sufficeret.
1706 2096 1894 2143 Nullus
1925 2113 2043 2143 vero
2075 2098 2163 2142 ad-

295 2164 539 2206 versariis
564 2159 807 2221 prodest,
845 2174 962 2203 enm
995 2174 1058 2204 ex
1091 2157 1351 2212 omnibus,
1399 2163 1491 2218 qui
1521 2159 1858 2217 objiciuntur,
1905 2157 2165 2204 erroribus

295 2222 469 2268 nullas
515 2225 586 2267 sit
638 2235 784 2265 error
836 2219 962 2279 fidei
1010 2226 1208 2273 certus,
1271 2219 1352 2265 vel
1401 2235 1505 2265 non
1546 2224 1615 2266 sit
1665 2235 1812 2265 error
1853 2219 2166 2277 definitionis

1059 2281 1399 2340 dogmaticae.

446 2369 690 2444 Systema
727 2371 787 2424 de
823 2369 1180 2424 infallibilitate
1217 2368 1492 2423 Pontificia
1539 2369 1592 2422 in
1628 2369 1921 2423 definiendis
1961 2380 2165 2423 contro-

296 2460 480 2514 versiis
508 2459 651 2523 fidei,
690 2477 759 2511 ex
794 2458 847 2512 vi
888 2469 939 2512 et
978 2458 1178 2511 ratione
1217 2458 1462 2529 primatus
1500 2458 1790 2522 deductum,
1825 2467 1876 2510 et
1901 2458 2163 2529 promissis

298 2546 493 2602 Christi
532 2566 590 2600 ac
630 2545 891 2599 traditioni
926 2545 1191 2609 innixtnn,
1232 2544 1291 2597 de
1332 2563 1428 2615 quo
1468 2544 1521 2598 in
1557 2544 1880 2617 praecedenti
1915 2545 2044 2598 libro
2073 2548 2163 2599 De

295 2641 349 2689 <vi
377 2645 429 2690 et
453 2639 668 2689 ratione
690 2638 989 2704 primatus,
1026 2642 1075 2686 et
1104 2632 1197 2685 hac
1224 2632 1276 2684 in
1303 2632 1597 2705 Appendice
1624 2632 1847 2704 egimus,
1885 2652 2054 2687 11011116
2082 2634 2167 2687 (16-

295 2734 636 2778 monstratum
674 2722 769 2776 dici
807 2721 1002 2794 potuit?
1067 2716 1200 2787 Quid
1236 2720 1722 2775 demonstrationem
1758 2739 1828 2774 ex
1865 2721 2164 2775 certissimis

294 2812 556 2886 principiis
591 2811 818 2883 legitime
858 2809 1190 2864 constitutam
1227 2819 1405 2882 posset
1440 2809 1757 2882 infringere?
1811 2807 1922 2862 Soli
1961 2829 2166 2867 errores

294 2902 346 2954 id
385 2910 623 2974 possent:
662 2899 797 2970 iique
837 2898 936 2952 soli
973 2897 1299 2952 adversarios
1338 2907 1626 2953 moverunt.
1698 2895 1888 2951 Omnes
1925 2898 2166 2968 siquidem

297 2988 614 3043 conditiones
652 2997 702 3041 et
740 2986 1122 3052 distinctioneS,
1171 2986 1348 3057 quibus
1387 2988 1468 3042 vel
1505 2985 1752 3060 principia
1786 2985 1909 3057 ipsis
1937 2986 2166 3058 opposita

296 3077 643 3149 restringere,
683 3075 765 3130 vel
804 3074 1221 3145 consequentiam
1261 3094 1332 3128 ex
1369 3075 1630 3148 principiis
1667 3074 1927 3128 deductam
1966 3075 2167 3129 studue-

297 3176 418 3218 runt
444 3183 724 3230 enervare,
753 3165 815 3218 ad
840 3182 1046 3218 errores
1074 3173 1398 3218 revocantur.
1452 3163 1568 3217 Ideo
1596 3162 1730 3216 enim
1758 3161 1975 3214 debitum
2000 3163 2167 3217 unita-

294 3253 363 3307 tis
392 3264 442 3307 et
470 3252 788 3308 obedientiae
825 3252 1202 3306 definitionibus
1229 3251 1543 3325 Apostolicis
1579 3250 1854 3322 alligarunt
1891 3251 2166 3305 conditioni

300 3360 582 3396 consensus
618 3340 912 3406 Ecclesiae,
961 3340 1079 3413 quia
1120 3339 1354 3400 Ecclesia
1389 3359 1568 3394 errare
1606 3358 1708 3392 non
1744 3347 1944 3411 potest3
1966 3338 2167 3392 'Ponti-

298 3431 417 3484 fices
457 3440 625 3483 autem
662 3430 714 3482 in
750 3430 844 3483 fide
880 3448 1032 3503 posse
1073 3447 1251 3484 errare
1291 3447 1360 3499 ex
1396 3427 1734 3502 praesumptis
1772 3426 2031 3480 erroribus
2058 3446 2168 3480 cer-

298 3518 549 3574 tissimum
592 3517 839 3592 judicant.
920 3517 1062 3572 Haec
1115 3535 1310 3588 quoque
1362 3535 1594 3570 errorum
1651 3525 1792 3571 certa
1826 3515 2167 3588 praesmnptio
