2314 3984
987 198 1649 259 *ffl'm

399 368 752 422 auctoritatem
777 386 872 441 per
896 387 955 422 se
978 368 1366 423 insufficientem
1395 371 1698 426 censuerunt
1718 372 1779 425 ad
1799 368 2137 441 obligandum,
2166 389 2254 425 ne-

397 474 494 527 que
529 455 783 527 obligandi
820 455 923 511 vim
961 458 1182 529 pendere
1217 457 1584 512 existimarunt
1608 478 1638 512 a
1663 443 1954 533 cujusquam
1981 478 2252 514 consensu.

396 541 512 598 Vae
539 542 834 596 auctoritati
859 545 1179 618 superiorum
1195 586 1209 611 ,
1250 546 1404 599 etiam
1430 543 1752 619 Principum,
1788 548 1833 601 si
1858 548 1962 603 vim
1997 548 2251 621 obligandi

397 648 501 683 non
527 629 774 684 haberent
799 650 973 686 eorum
992 643 1265 707 praecepta
1283 643 1369 686 aut
1393 634 1552 706 leges,
1579 634 1680 687 nisi
1705 635 2014 689 subditorum
2041 654 2256 690 consen-

397 736 486 771 sus
521 720 802 774 accederet.
854 721 953 777 Vis
989 722 1244 794 obligandi
1278 723 1340 775 ab
1376 721 1487 795 ipsa
1519 732 1774 796 potestate
1809 742 1840 777 a
1872 724 1985 778 Deo
2023 725 2256 778 instituta

395 805 758 878 proficiscitur,
786 829 846 864 ac
870 810 1082 883 proinde
1111 831 1142 864 a
1165 810 1307 876 De0,
1336 810 1420 881 qui
1447 830 1556 864 cum
1581 810 1742 884 ipsam
1769 811 2019 878 instituit,
2055 812 2158 866 vim
2183 812 2256 866 ei-

397 895 510 948 dem
533 894 711 949 indidit
736 897 1019 970 obligandi:
1046 900 1177 953 unde
1203 917 1291 953 eos
1308 940 1322 965 ,
1350 899 1435 970 qui
1460 898 1706 972 potestati
1731 899 2008 966 resistunt,
2046 898 2147 954 Dei
2172 919 2258 953 or-

397 983 644 1037 dinationi
669 985 913 1041 resistere
940 985 1131 1041 Paulus
1158 987 1341 1042 docuit.

543 1070 863 1145 Pontificiam
889 1086 1223 1149 potestatem,
1252 1096 1399 1148 quam
1428 1074 1664 1130 Christus
1690 1076 1932 1143 instituit,
1960 1095 2070 1130 cum
2097 1074 2258 1130 Petro

401 1161 570 1214 claves
597 1159 888 1230 Ecclesiae,
930 1175 982 1219 et
1017 1174 1325 1238 potestatem
1351 1164 1543 1236 ligandi
1579 1175 1731 1236 atque
1770 1165 1997 1220 solvendi
2035 1165 2259 1227 tradidit,

401 1249 527 1302 adeo
554 1268 647 1321 per
673 1269 730 1304 se
756 1252 1088 1306 sufficientem
1115 1254 1179 1305 ad
1205 1253 1527 1325 obligandum
1554 1253 1876 1307 crediderunt
1902 1272 2101 1326 semper
2128 1254 2260 1307 anti—

401 1355 486 1406 qui
471 1334 778 1392 Pontifices
805 1348 862 1390 ut
876 1357 1180 1392 consensum
1200 1339 1572 1393 definitionibus
1581 1339 1899 1412 Apostolicis
1913 1341 2131 1394 debitum
2145 1342 2260 1394 sub-

399 1423 758 1497 scriptionibus
783 1427 1144 1498 praestandum
1170 1427 1447 1499 exegerint
1469 1426 1523 1482 vi
1547 1426 1705 1500 ipsius
1733 1427 2050 1481 auctoritatis
2075 1447 2169 1501 per
2189 1448 2262 1495 se,

401 1512 603 1566 etiamsi
622 1515 840 1568 nondum
862 1516 1066 1569 adesset
1083 1515 1169 1570 ille
1191 1534 1490 1582 consenSUS,
1518 1516 1603 1587 qui
1630 1516 1692 1568 ad
1717 1517 1819 1570 vim
1847 1517 2050 1571 omnino
2078 1518 2263 1571 coacti-

400 1621 516 1656 vam
544 1602 606 1654 ab
629 1603 938 1658 adversariis
965 1604 1259 1674 requiritur.
1305 1603 1564 1677 Exempla
1589 1604 1932 1658 definitionum
1960 1604 2264 1671 Innocentii‚

404 1689 617 1756 Zosimi,
633 1687 935 1758 Coelestini,
950 1689 1164 1759 LeoniS,
1189 1693 1498 1763 aliorumque
1519 1693 1930 1763 subsequentium
1943 1692 2265 1760 Pontificum,

404 1780 487 1852 qui
516 1779 578 1832 ad
612 1780 1013 1852 subscriptiones
1044 1791 1339 1854 coegerunt,
1358 1781 1627 1834 notissima
1647 1790 1782 1833 sunt.
1826 1779 2029 1854 Cogere
2050 1782 2184 1835 enim
2205 1783 2267 1835 ad

405 1867 832 1941 subscriptioneS,
859 1879 940 1922 est
965 1888 1151 1942 cogere
1178 1870 1241 1923 ad
1267 1887 1596 1923 consensum:
1626 1868 1748 1921 haec
1774 1887 1898 1922 vero
1927 1870 2120 1924 coactio
2149 1881 2267 1925 ante

404 1956 670 2012 Ecclesiae
698 1976 1001 2012 consensum
1026 1958 1209 2011 fuisset
1234 1958 1452 2030 injusta,
1481 1957 1526 2010 si
1550 1956 1854 2028 Apostolica
1880 1958 2156 2011 auctoritas
2173 2000 2186 2025 ,
2213 1970 2268 2012 ut

404 2045 683 2119 legitimam
717 2045 820 2099 vim
846 2044 1103 2117 obligandi
1137 2047 1373 2112 haberet,
1412 2045 1665 2116 indigeret
1702 2046 1954 2117 praesidio
1983 2065 2073 2100 seu
2100 2047 2269 2100 condi-

405 2136 544 2188 tione
572 2151 870 2188 consensus,

554 2220 703 2276 Hanc
742 2222 940 2294 quidem
979 2221 1318 2277 conditionem
1358 2239 1461 2275 non
1499 2222 1665 2276 minus
1704 2222 1966 2277 evidenter
1991 2225 2186 2297 respuit
2210 2222 2268 2278 S.

409 2310 653 2366 Irenaeus
682 2329 742 2364 eo
767 2310 1089 2376 testimonio,
1128 2330 1224 2381 quo
1252 2311 1612 2366 necessitatem
1639 2310 1999 2375 conveniendi,
2036 2332 2125 2367 seu
2152 2333 2271 2368 con-

413 2399 664 2455 sentiendi
690 2418 802 2453 cum
828 2398 1098 2454 Romanae
1116 2397 1383 2453 Ecclesiae
1407 2399 1502 2454 fide
1529 2400 1759 2454 omnibus
1787 2400 2003 2472 undique
2029 2403 2273 2469 fidelibus,

413 2488 742 2557 omnibusque
766 2486 1015 2541 Ecclesiis
1041 2487 1356 2559 impositam,
1397 2506 1499 2540 non
1525 2488 1579 2540 in
1606 2506 1904 2541 consensum
1934 2489 2145 2541 aliarum
2172 2488 2273 2542 Ec-

415 2577 685 2632 clesiarum
724 2575 898 2630 retulit
937 2574 1022 2628 sed
1063 2577 1119 2627 in
1138 2578 1508 2644 potentiorem
1527 2578 2027 2645 principalitatem,
2065 2575 2195 2630 idest
2220 2577 2273 2629 in

414 2664 756 2738 potentiorem
795 2662 1153 2716 auctoritatem
1190 2661 1447 2734 propriam
1485 2662 1761 2733 primatuS,
1803 2682 1929 2734 quae
1964 2664 2127 2736 ipsam
2155 2684 2274 2719 con-

419 2771 601 2808 sensus
628 2751 989 2806 necessitatem
1009 2768 1101 2804 seu
1121 2749 1480 2821 obligationem
1501 2749 1667 2803 affert.
1708 2749 1840 2805 Vide
1859 2751 1971 2824 ipsa
1992 2755 2099 2825 ejus
2118 2754 2276 2807 verba

419 2853 471 2896 et
497 2839 890 2914 explicationem
924 2837 977 2890 in
1014 2836 1142 2890 libro
1169 2839 1258 2891 De
1284 2843 1338 2891 vi
1353 2842 1579 2909 primat.
1620 2858 1660 2893 c.
1692 2840 1775 2893 13.
1818 2840 1861 2908 ἕ.
1894 2841 1941 2892 1.
1994 2838 2274 2908 PrimatuS,

420 2930 504 3002 qui
529 2930 581 2984 vi
615 2947 706 2982 sua
743 2927 874 2981 hanc
914 2925 1275 2997 obligationem
1310 2927 1547 2999 imponit,
1583 2927 1635 2982 vi
1662 2946 1752 2980 sua
1779 2928 1943 2999 exigit
1968 2928 2129 3001 ipsum
2158 2949 2277 2983 con-

422 3037 653 3084 sensum3
681 3034 845 3086 neque
873 3016 996 3068 haec
1022 3014 1100 3068 vis
1128 3014 1370 3086 exigendi
1397 3033 1677 3068 consensus
1697 3015 1870 3068 deduci
1888 3025 2057 3087 potest
2083 3017 2143 3068 ab
2164 3016 2275 3089 ipso

423 3123 705 3167 consenSU,
731 3122 878 3174 quem
905 3122 1015 3156 cum
1044 3102 1210 3174 exigit
1235 3101 1489 3175 producit,
1518 3119 1581 3156 ne
1608 3102 1687 3156 hic
1713 3120 1991 3156 consensus
2018 3103 2096 3156 sui
2121 3103 2277 3177 ipsius

424 3212 576 3249 causa
602 3192 747 3246 simul
773 3191 840 3245 sit
867 3201 918 3245 et
943 3191 1169 3244 effectus.
1221 3189 1368 3244 Adeo
1402 3208 1527 3245 vero
1563 3189 1690 3243 hanc
1728 3189 1974 3262 primatus
2002 3191 2278 3245 auctorita-

422 3294 526 3338 tem
549 3282 652 3337 vim
689 3281 876 3335 habere
914 3298 1005 3352 per
1039 3297 1095 3332 se
1134 3278 1462 3333 sufficientem
1501 3277 1712 3332 credidit
1735 3276 2003 3344 Irenaeus,
2043 3280 2277 3351 nulloque

425 3370 638 3424 aliarum
662 3366 1006 3423 Ecclesiarum
1035 3385 1289 3420 consensu
1312 3365 1541 3438 indigere
1557 3407 1571 3432 ,
1599 3385 1695 3437 quo
1723 3367 1787 3419 ad
1812 3367 2058 3420 unitatem
2085 3367 2279 3439 obliga-

424 3468 503 3513 ret
529 3475 730 3522 omneS,
756 3467 812 3509 ut
841 3456 1054 3509 aliarum
1081 3472 1380 3509 consensum
1406 3453 1662 3525 inquirere
1689 3465 1740 3508 et
1765 3474 2075 3527 cognoscere
2101 3474 2277 3509 neces-

426 3546 615 3602 sarium
641 3563 744 3599 non
771 3544 976 3598 duxerit
1003 3542 1145 3616 (cum
1173 3542 1391 3596 omnium
1416 3542 1562 3596 fidem
1589 3560 1647 3597 ac
1672 3542 1996 3596 traditionem
2022 3542 2279 3614 inquirere
