<?xml version="1.0" encoding="UTF-8"?>
<!DOCTYPE html PUBLIC "-//W3C//DTD XHTML 1.0 Transitional//EN"
    "http://www.w3.org/TR/xhtml1/DTD/xhtml1-transitional.dtd">
<html xmlns="http://www.w3.org/1999/xhtml" xml:lang="en" lang="en">
 <head>
  <title>
</title>
<meta http-equiv="Content-Type" content="text/html;charset=utf-8" />
  <meta name='ocr-system' content='tesseract 3.04.00' />
  <meta name='ocr-capabilities' content='ocr_page ocr_carea ocr_par ocr_line ocrx_word'/>
</head>
<body>
  <div class='ocr_page' id='page_1' title='image "a546178500balluoft_0140.png"; bbox 0 0 2320 3990; ppageno 0'>
   <div class='ocr_carea' id='block_1_1' title="bbox 979 163 1642 230">
    <p class='ocr_par' dir='ltr' id='par_1_1' title="bbox 979 163 1642 230">
     <span class='ocr_line' id='line_1_1' title="bbox 979 163 1642 230; baseline 0.006 -18"><span class='ocrx_word' id='word_1_1' title='bbox 979 163 1642 230; x_wconf 40' lang='lat' dir='ltr'><strong><em>—jogm</em></strong></span> 
     </span>
    </p>
   </div>
   <div class='ocr_carea' id='block_1_2' title="bbox 368 335 2289 2522">
    <p class='ocr_par' dir='ltr' id='par_1_2' title="bbox 368 335 2289 2522">
     <span class='ocr_line' id='line_1_2' title="bbox 379 335 2239 419; baseline 0.003 -25"><span class='ocrx_word' id='word_1_2' title='bbox 379 339 612 411; x_wconf 78' lang='lat' dir='ltr'><strong><em>gensium</em></strong></span> <span class='ocrx_word' id='word_1_3' title='bbox 636 349 769 412; x_wconf 87' lang='lat' dir='ltr'><strong><em>part.</em></strong></span> <span class='ocrx_word' id='word_1_4' title='bbox 799 339 851 391; x_wconf 69' lang='grc' dir='ltr'><strong><em>ἰ).</em></strong></span> <span class='ocrx_word' id='word_1_5' title='bbox 878 355 999 411; x_wconf 84' lang='lat' dir='ltr'><strong><em>pag.</em></strong></span> <span class='ocrx_word' id='word_1_6' title='bbox 1027 337 1154 393; x_wconf 81' lang='lat'><strong><em>200.</em></strong></span> <span class='ocrx_word' id='word_1_7' title='bbox 1193 337 1659 399; x_wconf 66' lang='lat' dir='ltr'><strong><em>Haec’ad-verbum</em></strong></span> <span class='ocrx_word' id='word_1_8' title='bbox 1676 343 1874 400; x_wconf 80' lang='lat' dir='ltr'><strong><em>Latine</em></strong></span> <span class='ocrx_word' id='word_1_9' title='bbox 1901 347 2095 400; x_wconf 83' lang='lat' dir='ltr'><strong><em>reddita</em></strong></span> <span class='ocrx_word' id='word_1_10' title='bbox 2119 335 2239 419; x_wconf 57' lang='lat' dir='ltr'><strong><em>&#39;pro&#39;-</em></strong></span> 
     </span>
     <span class='ocr_line' id='line_1_3' title="bbox 377 422 2240 504; baseline 0.004 -24"><span class='ocrx_word' id='word_1_11' title='bbox 377 428 514 482; x_wconf 85' lang='lat' dir='ltr'><strong><em>fero:</em></strong></span> <span class='ocrx_word' id='word_1_12' title='bbox 559 429 618 480; x_wconf 88' lang='lat' dir='ltr'><strong><em>S.</em></strong></span> <span class='ocrx_word' id='word_1_13' title='bbox 649 427 906 479; x_wconf 81' lang='lat' dir='ltr'><strong><em>Irenaeus</em></strong></span> <span class='ocrx_word' id='word_1_14' title='bbox 933 445 1103 498; x_wconf 79' lang='lat' dir='ltr'><strong><em>aeque</em></strong></span> <span class='ocrx_word' id='word_1_15' title='bbox 1128 435 1286 498; x_wconf 61' lang='lat' dir='ltr'><strong><em>urget</em></strong></span> <span class='ocrx_word' id='word_1_16' title='bbox 1311 422 1618 486; x_wconf 52' lang='lat' dir='ltr'><strong><em>haereticos</em></strong></span> <span class='ocrx_word' id='word_1_17' title='bbox 1650 442 1968 504; x_wconf 71' lang='lat' dir='ltr'><strong><em>aryumento</em></strong></span> <span class='ocrx_word' id='word_1_18' title='bbox 1995 436 2240 488; x_wconf 83' lang='lat' dir='ltr'><strong><em>traditio·</em></strong></span> 
     </span>
     <span class='ocr_line' id='line_1_4' title="bbox 376 513 2240 587; baseline 0.004 -19"><span class='ocrx_word' id='word_1_19' title='bbox 376 518 488 578; x_wconf 75' lang='grc' dir='ltr'><strong><em>ηἰες</em></strong></span> <span class='ocrx_word' id='word_1_20' title='bbox 515 521 569 567; x_wconf 86' lang='lat' dir='ltr'><strong><em>et</em></strong></span> <span class='ocrx_word' id='word_1_21' title='bbox 593 515 670 567; x_wconf 85' lang='lat' dir='ltr'><strong><em>ad</em></strong></span> <span class='ocrx_word' id='word_1_22' title='bbox 691 516 1123 584; x_wconf 73' lang='lat' dir='ltr'><strong><em>coynoscendam</em></strong></span> <span class='ocrx_word' id='word_1_23' title='bbox 1150 518 1286 586; x_wconf 82' lang='lat' dir='ltr'><strong><em>quid</em></strong></span> <span class='ocrx_word' id='word_1_24' title='bbox 1309 513 1566 587; x_wconf 78' lang='lat' dir='ltr'><strong><em>Apostoli</em></strong></span> <span class='ocrx_word' id='word_1_25' title='bbox 1576 521 1888 585; x_wconf 65' lang='lat' dir='ltr'><strong><em>docuerint,</em></strong></span> <span class='ocrx_word' id='word_1_26' title='bbox 1914 525 2141 576; x_wconf 75' lang='lat' dir='ltr'><strong><em>remittit</em></strong></span> <span class='ocrx_word' id='word_1_27' title='bbox 2164 525 2240 576; x_wconf 80' lang='lat' dir='ltr'><strong><em>ad</em></strong></span> 
     </span>
     <span class='ocr_line' id='line_1_5' title="bbox 378 600 2241 678; baseline 0.004 -23"><span class='ocrx_word' id='word_1_28' title='bbox 378 601 683 655; x_wconf 79' lang='lat' dir='ltr'><strong><em>doctrinam</em></strong></span> <span class='ocrx_word' id='word_1_29' title='bbox 694 600 1137 672; x_wconf 76' lang='lat' dir='ltr'><strong><em>Apostolicarum</em></strong></span> <span class='ocrx_word' id='word_1_30' title='bbox 1157 606 1524 668; x_wconf 81' lang='lat' dir='ltr'><strong><em>ecclesiaram,</em></strong></span> <span class='ocrx_word' id='word_1_31' title='bbox 1551 626 1618 660; x_wconf 89' lang='lat' dir='ltr'><strong><em>ac</em></strong></span> <span class='ocrx_word' id='word_1_32' title='bbox 1637 614 1963 678; x_wconf 74' lang='lat' dir='ltr'><strong><em>praesertim</em></strong></span> <span class='ocrx_word' id='word_1_33' title='bbox 1989 613 2065 663; x_wconf 87' lang='lat' dir='ltr'><strong><em>ad</em></strong></span> <span class='ocrx_word' id='word_1_34' title='bbox 2089 612 2241 664; x_wconf 80' lang='lat' dir='ltr'><strong><em>illam</em></strong></span> 
     </span>
     <span class='ocr_line' id='line_1_6' title="bbox 378 691 2240 768; baseline 0.005 -25"><span class='ocrx_word' id='word_1_35' title='bbox 378 693 638 744; x_wconf 85' lang='lat' dir='ltr'><strong><em>ecclesiae</em></strong></span> <span class='ocrx_word' id='word_1_36' title='bbox 668 691 979 754; x_wconf 75' lang='lat' dir='ltr'><em>Romanae,</em></span> <span class='ocrx_word' id='word_1_37' title='bbox 1018 694 1095 745; x_wconf 86' lang='lat' dir='ltr'><strong><em>ad</em></strong></span> <span class='ocrx_word' id='word_1_38' title='bbox 1129 713 1290 764; x_wconf 80' lang='lat' dir='ltr'><strong><em>quam</em></strong></span> <span class='ocrx_word' id='word_1_39' title='bbox 1327 697 1574 764; x_wconf 76' lang='lat' dir='ltr'><strong><em>affirmat</em></strong></span> <span class='ocrx_word' id='word_1_40' title='bbox 1605 699 1785 750; x_wconf 78' lang='lat' dir='ltr'><strong><em>omnes</em></strong></span> <span class='ocrx_word' id='word_1_41' title='bbox 1818 701 2008 768; x_wconf 78' lang='lat' dir='ltr'><strong><em>fideles</em></strong></span> <span class='ocrx_word' id='word_1_42' title='bbox 2044 700 2240 753; x_wconf 78' lang='lat' dir='ltr'><strong><em>debere</em></strong></span> 
     </span>
     <span class='ocr_line' id='line_1_7' title="bbox 378 781 2239 856; baseline 0.005 -25"><span class='ocrx_word' id='word_1_43' title='bbox 378 782 433 831; x_wconf 80' lang='lat' dir='ltr'><strong><em>in</em></strong></span> <span class='ocrx_word' id='word_1_44' title='bbox 461 782 664 832; x_wconf 79' lang='lat' dir='ltr'><strong><em>unitate</em></strong></span> <span class='ocrx_word' id='word_1_45' title='bbox 691 781 996 832; x_wconf 77' lang='lat' dir='ltr'><strong><em>adhaerere</em></strong></span> <span class='ocrx_word' id='word_1_46' title='bbox 1023 781 1090 832; x_wconf 84' lang='lat' dir='ltr'><strong><em>ob</em></strong></span> <span class='ocrx_word' id='word_1_47' title='bbox 1117 799 1269 834; x_wconf 80' lang='lat' dir='ltr'><strong><em>suam</em></strong></span> <span class='ocrx_word' id='word_1_48' title='bbox 1290 787 1667 836; x_wconf 80' lang='lat' dir='ltr'><strong><em>auctoritatem</em></strong></span> <span class='ocrx_word' id='word_1_49' title='bbox 1679 788 2067 856; x_wconf 77' lang='lat' dir='ltr'><strong><em>principalem.</em></strong></span> <span class='ocrx_word' id='word_1_50' title='bbox 2085 785 2239 840; x_wconf 86' lang='lat' dir='ltr'><strong><em>‘Haec</em></strong></span> 
     </span>
     <span class='ocr_line' id='line_1_8' title="bbox 376 864 2289 946; baseline 0.004 -28"><span class='ocrx_word' id='word_1_51' title='bbox 376 885 447 919; x_wconf 82' lang='lat' dir='ltr'><strong><em>ex</em></strong></span> <span class='ocrx_word' id='word_1_52' title='bbox 472 864 631 920; x_wconf 89' lang='lat' dir='ltr'><strong><em>Gallis</em></strong></span> <span class='ocrx_word' id='word_1_53' title='bbox 658 885 754 921; x_wconf 91' lang='lat' dir='ltr'><strong><em>nec</em></strong></span> <span class='ocrx_word' id='word_1_54' title='bbox 779 885 883 920; x_wconf 90' lang='lat' dir='ltr'><strong><em>non</em></strong></span> <span class='ocrx_word' id='word_1_55' title='bbox 910 885 981 921; x_wconf 83' lang='lat' dir='ltr'><strong><em>ex</em></strong></span> <span class='ocrx_word' id='word_1_56' title='bbox 1006 868 1279 923; x_wconf 79' lang='lat' dir='ltr'><strong><em>haereticis</em></strong></span> <span class='ocrx_word' id='word_1_57' title='bbox 1317 878 1369 923; x_wconf 89' lang='lat' dir='ltr'><strong><em>et</em></strong></span> <span class='ocrx_word' id='word_1_58' title='bbox 1396 870 1736 925; x_wconf 79' lang='lat' dir='ltr'><strong><em>schismaticis</em></strong></span> <span class='ocrx_word' id='word_1_59' title='bbox 1769 872 1895 945; x_wconf 90' lang='lat' dir='ltr'><strong><em>ipsis</em></strong></span> <span class='ocrx_word' id='word_1_60' title='bbox 1919 875 2152 946; x_wconf 88' lang='lat' dir='ltr'><strong><em>proferre</em></strong></span> <span class='ocrx_word' id='word_1_61' title='bbox 2178 874 2239 926; x_wconf 92' lang='lat' dir='ltr'><strong><em>li-</em></strong></span> <span class='ocrx_word' id='word_1_62' title='bbox 2282 930 2289 942; x_wconf 65' lang='grc'><strong>,</strong></span> 
     </span>
     <span class='ocr_line' id='line_1_9' title="bbox 375 954 2238 1032; baseline 0.004 -24"><span class='ocrx_word' id='word_1_63' title='bbox 375 955 513 1022; x_wconf 81' lang='lat' dir='ltr'><strong><em>buit,</em></strong></span> <span class='ocrx_word' id='word_1_64' title='bbox 549 974 614 1009; x_wconf 91' lang='lat' dir='ltr'><strong><em>ne</em></strong></span> <span class='ocrx_word' id='word_1_65' title='bbox 641 955 751 1028; x_wconf 91' lang='lat' dir='ltr'><strong><em>quis</em></strong></span> <span class='ocrx_word' id='word_1_66' title='bbox 779 954 1045 1010; x_wconf 83' lang='lat' dir='ltr'><strong><em>Irenaeum</em></strong></span> <span class='ocrx_word' id='word_1_67' title='bbox 1070 956 1125 1009; x_wconf 90' lang='lat' dir='ltr'><strong><em>in</em></strong></span> <span class='ocrx_word' id='word_1_68' title='bbox 1150 976 1317 1011; x_wconf 91' lang='lat' dir='ltr'><strong><em>meum</em></strong></span> <span class='ocrx_word' id='word_1_69' title='bbox 1344 968 1574 1032; x_wconf 77' lang='lat' dir='ltr'><strong><em>systema</em></strong></span> <span class='ocrx_word' id='word_1_70' title='bbox 1601 979 1631 1012; x_wconf 87' lang='lat' dir='ltr'><strong><em>a</em></strong></span> <span class='ocrx_word' id='word_1_71' title='bbox 1656 979 1736 1014; x_wconf 90' lang='lat' dir='ltr'><strong><em>me</em></strong></span> <span class='ocrx_word' id='word_1_72' title='bbox 1762 959 2016 1015; x_wconf 88' lang='lat' dir='ltr'><strong><em>violenter</em></strong></span> <span class='ocrx_word' id='word_1_73' title='bbox 2054 961 2238 1015; x_wconf 87' lang='lat' dir='ltr'><strong><em>distor-</em></strong></span> 
     </span>
     <span class='ocr_line' id='line_1_10' title="bbox 376 1043 2239 1122; baseline 0.004 -28"><span class='ocrx_word' id='word_1_74' title='bbox 376 1052 482 1095; x_wconf 90' lang='lat' dir='ltr'><strong><em>tum</em></strong></span> <span class='ocrx_word' id='word_1_75' title='bbox 509 1043 824 1116; x_wconf 86' lang='lat' dir='ltr'><strong><em>suspicetur:</em></strong></span> <span class='ocrx_word' id='word_1_76' title='bbox 862 1045 952 1098; x_wconf 90' lang='lat' dir='ltr'><strong><em>sed</em></strong></span> <span class='ocrx_word' id='word_1_77' title='bbox 978 1063 1067 1099; x_wconf 91' lang='lat' dir='ltr'><strong><em>eos</em></strong></span> <span class='ocrx_word' id='word_1_78' title='bbox 1102 1045 1299 1118; x_wconf 69' lang='lat' dir='ltr'><strong><em>potitis,</em></strong></span> <span class='ocrx_word' id='word_1_79' title='bbox 1334 1046 1632 1117; x_wconf 81' lang='lat' dir='ltr'><strong><em>quicumque</em></strong></span> <span class='ocrx_word' id='word_1_80' title='bbox 1673 1047 1821 1101; x_wconf 86' lang='lat' dir='ltr'><strong><em>aliam</em></strong></span> <span class='ocrx_word' id='word_1_81' title='bbox 1855 1048 2239 1122; x_wconf 88' lang='lat' dir='ltr'><strong><em>interpretatio-</em></strong></span> 
     </span>
     <span class='ocr_line' id='line_1_11' title="bbox 373 1132 2238 1206; baseline 0.004 -23"><span class='ocrx_word' id='word_1_82' title='bbox 373 1150 490 1185; x_wconf 85' lang='lat' dir='ltr'><strong><em>nem</em></strong></span> <span class='ocrx_word' id='word_1_83' title='bbox 517 1132 824 1185; x_wconf 85' lang='lat' dir='ltr'><strong><em>afferendam</em></strong></span> <span class='ocrx_word' id='word_1_84' title='bbox 850 1133 1104 1206; x_wconf 81' lang='lat' dir='ltr'><strong><em>putarint,</em></strong></span> <span class='ocrx_word' id='word_1_85' title='bbox 1133 1134 1372 1187; x_wconf 85' lang='lat' dir='ltr'><strong><em>aliorsum</em></strong></span> <span class='ocrx_word' id='word_1_86' title='bbox 1399 1135 1603 1188; x_wconf 90' lang='lat' dir='ltr'><strong><em>omnino</em></strong></span> <span class='ocrx_word' id='word_1_87' title='bbox 1633 1154 1663 1188; x_wconf 85' lang='lat' dir='ltr'><strong><em>a</em></strong></span> <span class='ocrx_word' id='word_1_88' title='bbox 1689 1154 1844 1189; x_wconf 92' lang='lat' dir='ltr'><strong><em>sensu</em></strong></span> <span class='ocrx_word' id='word_1_89' title='bbox 1878 1137 2026 1193; x_wconf 90' lang='lat' dir='ltr'><strong><em>obvio</em></strong></span> <span class='ocrx_word' id='word_1_90' title='bbox 2053 1137 2238 1191; x_wconf 87' lang='lat' dir='ltr'><strong><em>distra-</em></strong></span> 
     </span>
     <span class='ocr_line' id='line_1_12' title="bbox 374 1219 2236 1294; baseline 0.004 -23"><span class='ocrx_word' id='word_1_91' title='bbox 374 1219 496 1273; x_wconf 87' lang='lat' dir='ltr'><strong><em>here</em></strong></span> <span class='ocrx_word' id='word_1_92' title='bbox 536 1221 644 1291; x_wconf 90' lang='lat' dir='ltr'><strong><em>ejus</em></strong></span> <span class='ocrx_word' id='word_1_93' title='bbox 679 1220 839 1274; x_wconf 86' lang='lat' dir='ltr'><strong><em>verba</em></strong></span> <span class='ocrx_word' id='word_1_94' title='bbox 872 1240 1050 1275; x_wconf 89' lang='lat' dir='ltr'><strong><em>omnes</em></strong></span> <span class='ocrx_word' id='word_1_95' title='bbox 1085 1222 1392 1294; x_wconf 79' lang='lat' dir='ltr'><strong><em>intelligant.</em></strong></span> <span class='ocrx_word' id='word_1_96' title='bbox 1470 1221 1663 1276; x_wconf 84' lang='lat' dir='ltr'><strong><em>Mirum</em></strong></span> <span class='ocrx_word' id='word_1_97' title='bbox 1711 1224 1970 1279; x_wconf 87' lang='lat' dir='ltr'><strong><em>enimvero</em></strong></span> <span class='ocrx_word' id='word_1_98' title='bbox 2009 1226 2236 1280; x_wconf 88' lang='lat' dir='ltr'><strong><em>accidere</em></strong></span> 
     </span>
     <span class='ocr_line' id='line_1_13' title="bbox 372 1307 2232 1380; baseline 0.005 -22"><span class='ocrx_word' id='word_1_99' title='bbox 372 1307 547 1372; x_wconf 83' lang='lat' dir='ltr'><strong><em>debet,</em></strong></span> <span class='ocrx_word' id='word_1_100' title='bbox 586 1307 808 1361; x_wconf 85' lang='lat' dir='ltr'><strong><em>inveniri</em></strong></span> <span class='ocrx_word' id='word_1_101' title='bbox 835 1308 1118 1379; x_wconf 87' lang='lat' dir='ltr'><strong><em>quempiam</em></strong></span> <span class='ocrx_word' id='word_1_102' title='bbox 1142 1309 1399 1380; x_wconf 82' lang='lat' dir='ltr'><strong><em>potuisse,</em></strong></span> <span class='ocrx_word' id='word_1_103' title='bbox 1439 1311 1524 1379; x_wconf 90' lang='lat' dir='ltr'><strong><em>qui</em></strong></span> <span class='ocrx_word' id='word_1_104' title='bbox 1549 1312 1762 1364; x_wconf 90' lang='lat' dir='ltr'><strong><em>verbum</em></strong></span> <span class='ocrx_word' id='word_1_105' title='bbox 1787 1317 2075 1366; x_wconf 80' lang='lat' dir='ltr'><strong><em>convenire</em></strong></span> <span class='ocrx_word' id='word_1_106' title='bbox 2103 1314 2232 1367; x_wconf 85' lang='lat' dir='ltr'><strong><em>acci-</em></strong></span> 
     </span>
     <span class='ocr_line' id='line_1_14' title="bbox 371 1393 2235 1472; baseline 0.004 -25"><span class='ocrx_word' id='word_1_107' title='bbox 371 1394 604 1466; x_wconf 89' lang='lat' dir='ltr'><strong><em>piendum</em></strong></span> <span class='ocrx_word' id='word_1_108' title='bbox 631 1393 902 1449; x_wconf 80' lang='lat' dir='ltr'><strong><em>crediderit</em></strong></span> <span class='ocrx_word' id='word_1_109' title='bbox 936 1394 996 1447; x_wconf 93' lang='lat' dir='ltr'><strong><em>de</em></strong></span> <span class='ocrx_word' id='word_1_110' title='bbox 1031 1413 1091 1448; x_wconf 90' lang='lat' dir='ltr'><strong><em>eo</em></strong></span> <span class='ocrx_word' id='word_1_111' title='bbox 1121 1412 1396 1462; x_wconf 82' lang='lat' dir='ltr'><strong><em>concursu,</em></strong></span> <span class='ocrx_word' id='word_1_112' title='bbox 1437 1415 1534 1467; x_wconf 92' lang='lat' dir='ltr'><strong><em>quo</em></strong></span> <span class='ocrx_word' id='word_1_113' title='bbox 1563 1415 1591 1449; x_wconf 93' lang='lat' dir='ltr'><strong><em>e</em></strong></span> <span class='ocrx_word' id='word_1_114' title='bbox 1616 1406 1726 1450; x_wconf 89' lang='lat' dir='ltr'><strong><em>toto</em></strong></span> <span class='ocrx_word' id='word_1_115' title='bbox 1755 1396 1992 1451; x_wconf 89' lang='lat' dir='ltr'><strong><em>Romano</em></strong></span> <span class='ocrx_word' id='word_1_116' title='bbox 2019 1397 2235 1472; x_wconf 90' lang='lat' dir='ltr'><strong><em>Imperio</em></strong></span> 
     </span>
     <span class='ocr_line' id='line_1_15' title="bbox 371 1481 2236 1560; baseline 0.002 -23"><span class='ocrx_word' id='word_1_117' title='bbox 371 1482 530 1537; x_wconf 82' lang='lat' dir='ltr'><strong><em>variis</em></strong></span> <span class='ocrx_word' id='word_1_118' title='bbox 558 1482 618 1536; x_wconf 92' lang='lat' dir='ltr'><strong><em>de</em></strong></span> <span class='ocrx_word' id='word_1_119' title='bbox 645 1482 812 1536; x_wconf 89' lang='lat' dir='ltr'><strong><em>causis</em></strong></span> <span class='ocrx_word' id='word_1_120' title='bbox 840 1481 1059 1535; x_wconf 81' lang='lat' dir='ltr'><strong><em>Romam</em></strong></span> <span class='ocrx_word' id='word_1_121' title='bbox 1085 1492 1343 1555; x_wconf 89' lang='lat' dir='ltr'><strong><em>tamquam</em></strong></span> <span class='ocrx_word' id='word_1_122' title='bbox 1371 1484 1434 1537; x_wconf 89' lang='lat' dir='ltr'><strong><em>ad</em></strong></span> <span class='ocrx_word' id='word_1_123' title='bbox 1457 1482 1664 1557; x_wconf 89' lang='lat' dir='ltr'><strong><em>Imperii</em></strong></span> <span class='ocrx_word' id='word_1_124' title='bbox 1700 1496 1848 1558; x_wconf 90' lang='lat' dir='ltr'><strong><em>caput</em></strong></span> <span class='ocrx_word' id='word_1_125' title='bbox 1888 1487 2236 1560; x_wconf 86' lang='lat' dir='ltr'><strong><em>quamplurimi</em></strong></span> 
     </span>
     <span class='ocr_line' id='line_1_16' title="bbox 373 1569 2235 1642; baseline 0.002 -18"><span class='ocrx_word' id='word_1_126' title='bbox 373 1571 709 1625; x_wconf 85' lang='lat' dir='ltr'><strong><em>confluebant.</em></strong></span> <span class='ocrx_word' id='word_1_127' title='bbox 788 1569 922 1638; x_wconf 78' lang='lat' dir='ltr'><strong><em>Quid</em></strong></span> <span class='ocrx_word' id='word_1_128' title='bbox 959 1571 1092 1625; x_wconf 89' lang='lat' dir='ltr'><strong><em>enim</em></strong></span> <span class='ocrx_word' id='word_1_129' title='bbox 1127 1571 1223 1626; x_wconf 90' lang='lat' dir='ltr'><strong><em>hoc</em></strong></span> <span class='ocrx_word' id='word_1_130' title='bbox 1259 1572 1322 1625; x_wconf 87' lang='lat' dir='ltr'><strong><em>ad</em></strong></span> <span class='ocrx_word' id='word_1_131' title='bbox 1359 1591 1499 1638; x_wconf 84' lang='lat' dir='ltr'><strong><em>rem,</em></strong></span> <span class='ocrx_word' id='word_1_132' title='bbox 1539 1572 1599 1625; x_wconf 92' lang='lat' dir='ltr'><strong><em>de</em></strong></span> <span class='ocrx_word' id='word_1_133' title='bbox 1638 1591 1737 1642; x_wconf 89' lang='lat' dir='ltr'><strong><em>qua</em></strong></span> <span class='ocrx_word' id='word_1_134' title='bbox 1774 1572 2017 1628; x_wconf 86' lang='lat' dir='ltr'><strong><em>Irenaeus</em></strong></span> <span class='ocrx_word' id='word_1_135' title='bbox 2053 1575 2235 1629; x_wconf 88' lang='lat' dir='ltr'><strong><em>ibidem</em></strong></span> 
     </span>
     <span class='ocr_line' id='line_1_17' title="bbox 373 1658 2232 1731; baseline 0.002 -19"><span class='ocrx_word' id='word_1_136' title='bbox 373 1658 513 1731; x_wconf 81' lang='lat' dir='ltr'><strong><em>agit?</em></strong></span> <span class='ocrx_word' id='word_1_137' title='bbox 565 1659 704 1712; x_wconf 90' lang='lat' dir='ltr'><strong><em>Num</em></strong></span> <span class='ocrx_word' id='word_1_138' title='bbox 731 1678 802 1712; x_wconf 83' lang='lat' dir='ltr'><strong><em>ex</em></strong></span> <span class='ocrx_word' id='word_1_139' title='bbox 829 1658 1096 1712; x_wconf 85' lang='lat' dir='ltr'><strong><em>Romanae</em></strong></span> <span class='ocrx_word' id='word_1_140' title='bbox 1125 1659 1373 1712; x_wconf 89' lang='lat' dir='ltr'><strong><em>ecclesiae</em></strong></span> <span class='ocrx_word' id='word_1_141' title='bbox 1409 1659 1503 1711; x_wconf 89' lang='lat' dir='ltr'><strong><em>fide</em></strong></span> <span class='ocrx_word' id='word_1_142' title='bbox 1541 1677 1599 1712; x_wconf 90' lang='lat' dir='ltr'><strong><em>ac</em></strong></span> <span class='ocrx_word' id='word_1_143' title='bbox 1634 1659 1910 1714; x_wconf 81' lang='lat' dir='ltr'><strong><em>traditione</em></strong></span> <span class='ocrx_word' id='word_1_144' title='bbox 1946 1662 2232 1716; x_wconf 87' lang='lat' dir='ltr'><strong><em>haereticos</em></strong></span> 
     </span>
     <span class='ocr_line' id='line_1_18' title="bbox 372 1744 2234 1821; baseline 0.002 -21"><span class='ocrx_word' id='word_1_145' title='bbox 372 1748 608 1801; x_wconf 84' lang='lat' dir='ltr'><strong><em>confundi</em></strong></span> <span class='ocrx_word' id='word_1_146' title='bbox 648 1746 818 1820; x_wconf 83' lang='lat' dir='ltr'><strong><em>(quod</em></strong></span> <span class='ocrx_word' id='word_1_147' title='bbox 854 1746 951 1799; x_wconf 91' lang='lat' dir='ltr'><strong><em>sihi</em></strong></span> <span class='ocrx_word' id='word_1_148' title='bbox 987 1746 1301 1818; x_wconf 85' lang='lat' dir='ltr'><strong><em>probandum</em></strong></span> <span class='ocrx_word' id='word_1_149' title='bbox 1338 1746 1471 1800; x_wconf 89' lang='lat' dir='ltr'><strong><em>idem</em></strong></span> <span class='ocrx_word' id='word_1_150' title='bbox 1507 1744 1728 1800; x_wconf 89' lang='lat' dir='ltr'><strong><em>Sanctus</em></strong></span> <span class='ocrx_word' id='word_1_151' title='bbox 1764 1747 2134 1821; x_wconf 86' lang='lat' dir='ltr'><strong><em>proposuerat)</em></strong></span> <span class='ocrx_word' id='word_1_152' title='bbox 2173 1768 2234 1803; x_wconf 90' lang='lat' dir='ltr'><strong><em>eo</em></strong></span> 
     </span>
     <span class='ocr_line' id='line_1_19' title="bbox 373 1834 2234 1909; baseline 0.001 -21"><span class='ocrx_word' id='word_1_153' title='bbox 373 1845 675 1907; x_wconf 85' lang='lat' dir='ltr'><strong><em>argumento</em></strong></span> <span class='ocrx_word' id='word_1_154' title='bbox 705 1834 1048 1900; x_wconf 76' lang='lat' dir='ltr'><strong><em>convincitur,</em></strong></span> <span class='ocrx_word' id='word_1_155' title='bbox 1089 1834 1206 1905; x_wconf 89' lang='lat' dir='ltr'><strong><em>quia</em></strong></span> <span class='ocrx_word' id='word_1_156' title='bbox 1241 1853 1420 1888; x_wconf 92' lang='lat' dir='ltr'><strong><em>omnes</em></strong></span> <span class='ocrx_word' id='word_1_157' title='bbox 1446 1853 1518 1887; x_wconf 83' lang='lat' dir='ltr'><strong><em>ex</em></strong></span> <span class='ocrx_word' id='word_1_158' title='bbox 1551 1834 1810 1889; x_wconf 89' lang='lat' dir='ltr'><strong><em>universis</em></strong></span> <span class='ocrx_word' id='word_1_159' title='bbox 1838 1835 2088 1890; x_wconf 89' lang='lat' dir='ltr'><strong><em>Romanis</em></strong></span> <span class='ocrx_word' id='word_1_160' title='bbox 2116 1856 2234 1909; x_wconf 85' lang='lat' dir='ltr'><strong><em>pro-</em></strong></span> 
     </span>
     <span class='ocr_line' id='line_1_20' title="bbox 371 1922 2234 1998; baseline -0.001 -19"><span class='ocrx_word' id='word_1_161' title='bbox 371 1924 553 1979; x_wconf 86' lang='lat' dir='ltr'><strong><em>vinciis</em></strong></span> <span class='ocrx_word' id='word_1_162' title='bbox 579 1923 633 1976; x_wconf 90' lang='lat' dir='ltr'><strong><em>in</em></strong></span> <span class='ocrx_word' id='word_1_163' title='bbox 659 1925 835 1977; x_wconf 91' lang='lat' dir='ltr'><strong><em>urbem</em></strong></span> <span class='ocrx_word' id='word_1_164' title='bbox 863 1941 1176 1977; x_wconf 85' lang='lat' dir='ltr'><strong><em>concurrere</em></strong></span> <span class='ocrx_word' id='word_1_165' title='bbox 1197 1940 1410 1976; x_wconf 90' lang='lat' dir='ltr'><strong><em>necesse</em></strong></span> <span class='ocrx_word' id='word_1_166' title='bbox 1438 1924 1552 1975; x_wconf 81' lang='lat' dir='ltr'><strong><em>est?</em></strong></span> <span class='ocrx_word' id='word_1_167' title='bbox 1605 1922 1893 1977; x_wconf 90' lang='lat' dir='ltr'><strong><em>Ridiculum</em></strong></span> <span class='ocrx_word' id='word_1_168' title='bbox 1930 1934 1981 1978; x_wconf 90' lang='lat' dir='ltr'><strong><em>et</em></strong></span> <span class='ocrx_word' id='word_1_169' title='bbox 2006 1925 2234 1998; x_wconf 88' lang='lat' dir='ltr'><strong><em>imperti-</em></strong></span> 
     </span>
     <span class='ocr_line' id='line_1_21' title="bbox 371 2010 2231 2067; baseline 0.001 -2"><span class='ocrx_word' id='word_1_170' title='bbox 371 2030 499 2066; x_wconf 90' lang='lat' dir='ltr'><strong><em>nens</em></strong></span> <span class='ocrx_word' id='word_1_171' title='bbox 536 2011 586 2064; x_wconf 90' lang='lat' dir='ltr'><strong><em>id</em></strong></span> <span class='ocrx_word' id='word_1_172' title='bbox 619 2012 818 2065; x_wconf 89' lang='lat' dir='ltr'><strong><em>fuisset.</em></strong></span> <span class='ocrx_word' id='word_1_173' title='bbox 895 2010 970 2063; x_wconf 88' lang='lat' dir='ltr'><strong><em>At</em></strong></span> <span class='ocrx_word' id='word_1_174' title='bbox 1006 2011 1051 2064; x_wconf 91' lang='lat' dir='ltr'><strong><em>si</em></strong></span> <span class='ocrx_word' id='word_1_175' title='bbox 1085 2011 1145 2064; x_wconf 90' lang='lat' dir='ltr'><strong><em>de</em></strong></span> <span class='ocrx_word' id='word_1_176' title='bbox 1185 2011 1495 2064; x_wconf 85' lang='lat' dir='ltr'><strong><em>necessitate</em></strong></span> <span class='ocrx_word' id='word_1_177' title='bbox 1532 2010 1866 2065; x_wconf 86' lang='lat' dir='ltr'><strong><em>conveniendi</em></strong></span> <span class='ocrx_word' id='word_1_178' title='bbox 1903 2012 1956 2064; x_wconf 89' lang='lat' dir='ltr'><strong><em>in</em></strong></span> <span class='ocrx_word' id='word_1_179' title='bbox 1991 2013 2085 2066; x_wconf 91' lang='lat' dir='ltr'><strong><em>fide</em></strong></span> <span class='ocrx_word' id='word_1_180' title='bbox 2123 2033 2231 2067; x_wconf 92' lang='lat' dir='ltr'><strong><em>cum</em></strong></span> 
     </span>
     <span class='ocr_line' id='line_1_22' title="bbox 372 2098 2232 2171; baseline 0.002 -19"><span class='ocrx_word' id='word_1_181' title='bbox 372 2099 611 2153; x_wconf 88' lang='lat' dir='ltr'><strong><em>Romana</em></strong></span> <span class='ocrx_word' id='word_1_182' title='bbox 647 2099 862 2153; x_wconf 89' lang='lat' dir='ltr'><strong><em>ecclesia</em></strong></span> <span class='ocrx_word' id='word_1_183' title='bbox 897 2099 1018 2151; x_wconf 93' lang='lat' dir='ltr'><strong><em>illud</em></strong></span> <span class='ocrx_word' id='word_1_184' title='bbox 1051 2098 1261 2153; x_wconf 84' lang='lat' dir='ltr'><strong><em>verbum</em></strong></span> <span class='ocrx_word' id='word_1_185' title='bbox 1302 2108 1559 2163; x_wconf 83' lang='lat' dir='ltr'><strong><em>sumatur,</em></strong></span> <span class='ocrx_word' id='word_1_186' title='bbox 1598 2108 1654 2150; x_wconf 88' lang='lat' dir='ltr'><strong><em>ut</em></strong></span> <span class='ocrx_word' id='word_1_187' title='bbox 1690 2109 1740 2152; x_wconf 92' lang='lat' dir='ltr'><strong><em>et</em></strong></span> <span class='ocrx_word' id='word_1_188' title='bbox 1766 2100 2049 2171; x_wconf 89' lang='lat' dir='ltr'><strong><em>praemissa</em></strong></span> <span class='ocrx_word' id='word_1_189' title='bbox 2075 2111 2125 2155; x_wconf 91' lang='lat' dir='ltr'><strong><em>et</em></strong></span> <span class='ocrx_word' id='word_1_190' title='bbox 2153 2121 2232 2156; x_wconf 88' lang='lat' dir='ltr'><strong><em>se-</em></strong></span> 
     </span>
     <span class='ocr_line' id='line_1_23' title="bbox 370 2185 2232 2262; baseline 0.002 -23"><span class='ocrx_word' id='word_1_191' title='bbox 370 2188 578 2258; x_wconf 86' lang='lat' dir='ltr'><strong><em>quentia</em></strong></span> <span class='ocrx_word' id='word_1_192' title='bbox 605 2197 879 2241; x_wconf 82' lang='lat' dir='ltr'><strong><em>contextus</em></strong></span> <span class='ocrx_word' id='word_1_193' title='bbox 905 2188 1063 2241; x_wconf 87' lang='lat' dir='ltr'><strong><em>verba</em></strong></span> <span class='ocrx_word' id='word_1_194' title='bbox 1099 2186 1161 2239; x_wconf 90' lang='lat' dir='ltr'><strong><em>ad</em></strong></span> <span class='ocrx_word' id='word_1_195' title='bbox 1186 2185 1332 2239; x_wconf 91' lang='lat' dir='ltr'><strong><em>fidem</em></strong></span> <span class='ocrx_word' id='word_1_196' title='bbox 1371 2186 1658 2258; x_wconf 79' lang='lat' dir='ltr'><strong><em>pertinent3</em></strong></span> <span class='ocrx_word' id='word_1_197' title='bbox 1705 2189 2079 2258; x_wconf 85' lang='lat' dir='ltr'><strong><em>argumentatio</em></strong></span> <span class='ocrx_word' id='word_1_198' title='bbox 2107 2190 2232 2262; x_wconf 82' lang='lat' dir='ltr'><strong><em>legi-</em></strong></span> 
     </span>
     <span class='ocr_line' id='line_1_24' title="bbox 369 2271 2231 2348; baseline 0.001 -20"><span class='ocrx_word' id='word_1_199' title='bbox 369 2276 492 2329; x_wconf 86' lang='lat' dir='ltr'><strong><em>tima</em></strong></span> <span class='ocrx_word' id='word_1_200' title='bbox 519 2285 625 2341; x_wconf 80' lang='lat' dir='ltr'><strong><em>est,</em></strong></span> <span class='ocrx_word' id='word_1_201' title='bbox 668 2275 955 2348; x_wconf 87' lang='lat' dir='ltr'><strong><em>optimeque</em></strong></span> <span class='ocrx_word' id='word_1_202' title='bbox 995 2274 1165 2328; x_wconf 92' lang='lat' dir='ltr'><strong><em>omnia</em></strong></span> <span class='ocrx_word' id='word_1_203' title='bbox 1192 2274 1486 2327; x_wconf 89' lang='lat' dir='ltr'><strong><em>cohaerent.</em></strong></span> <span class='ocrx_word' id='word_1_204' title='bbox 1542 2271 1763 2339; x_wconf 83' lang='lat' dir='ltr'><strong><em>Confer,</em></strong></span> <span class='ocrx_word' id='word_1_205' title='bbox 1800 2274 1844 2328; x_wconf 92' lang='lat' dir='ltr'><strong><em>si</em></strong></span> <span class='ocrx_word' id='word_1_206' title='bbox 1870 2275 2021 2342; x_wconf 85' lang='lat' dir='ltr'><strong><em>libet,</em></strong></span> <span class='ocrx_word' id='word_1_207' title='bbox 2060 2277 2231 2330; x_wconf 89' lang='lat' dir='ltr'><strong><em>lauda-</em></strong></span> 
     </span>
     <span class='ocr_line' id='line_1_25' title="bbox 368 2361 2227 2435; baseline 0 -18"><span class='ocrx_word' id='word_1_208' title='bbox 368 2375 474 2417; x_wconf 87' lang='lat' dir='ltr'><strong><em>tum</em></strong></span> <span class='ocrx_word' id='word_1_209' title='bbox 498 2363 701 2417; x_wconf 90' lang='lat' dir='ltr'><strong><em>Irenaei</em></strong></span> <span class='ocrx_word' id='word_1_210' title='bbox 727 2363 973 2417; x_wconf 87' lang='lat' dir='ltr'><strong><em>editorem</em></strong></span> <span class='ocrx_word' id='word_1_211' title='bbox 1000 2361 1401 2416; x_wconf 85' lang='lat' dir='ltr'><strong><em>P.Massuet1m1</em></strong></span> <span class='ocrx_word' id='word_1_212' title='bbox 1427 2363 1480 2415; x_wconf 90' lang='lat' dir='ltr'><strong><em>in</em></strong></span> <span class='ocrx_word' id='word_1_213' title='bbox 1506 2361 1822 2435; x_wconf 87' lang='lat' dir='ltr'><strong><em>praefatione</em></strong></span> <span class='ocrx_word' id='word_1_214' title='bbox 1849 2373 1948 2416; x_wconf 82' lang='lat' dir='ltr'><strong><em>art.</em></strong></span> <span class='ocrx_word' id='word_1_215' title='bbox 1977 2365 2029 2418; x_wconf 89' lang='grc'><strong><em>4.</em></strong></span> <span class='ocrx_word' id='word_1_216' title='bbox 2059 2384 2109 2418; x_wconf 91' lang='lat' dir='ltr'><strong><em>n.</em></strong></span> <span class='ocrx_word' id='word_1_217' title='bbox 2139 2365 2227 2420; x_wconf 69' lang='lat'><strong><em>32.</em></strong></span> 
     </span>
     <span class='ocr_line' id='line_1_26' title="bbox 368 2450 1927 2522; baseline -0.001 -18"><span class='ocrx_word' id='word_1_218' title='bbox 368 2452 453 2505; x_wconf 91' lang='lat' dir='ltr'><strong><em>ubi</em></strong></span> <span class='ocrx_word' id='word_1_219' title='bbox 479 2453 609 2505; x_wconf 88' lang='lat' dir='ltr'><strong><em>hanc</em></strong></span> <span class='ocrx_word' id='word_1_220' title='bbox 635 2451 903 2504; x_wconf 89' lang='lat' dir='ltr'><strong><em>distortam</em></strong></span> <span class='ocrx_word' id='word_1_221' title='bbox 929 2450 1399 2521; x_wconf 89' lang='lat' dir='ltr'><strong><em>interpretationem</em></strong></span> <span class='ocrx_word' id='word_1_222' title='bbox 1427 2450 1652 2522; x_wconf 88' lang='lat' dir='ltr'><strong><em>pluribus</em></strong></span> <span class='ocrx_word' id='word_1_223' title='bbox 1681 2450 1927 2521; x_wconf 83' lang='lat' dir='ltr'><strong><em>explodit.</em></strong></span> 
     </span>
    </p>
   </div>
   <div class='ocr_carea' id='block_1_3' title="bbox 1220 2605 1380 2676">
    <p class='ocr_par' dir='ltr' id='par_1_3' title="bbox 1220 2605 1380 2676">
     <span class='ocr_line' id='line_1_27' title="bbox 1220 2605 1380 2676; baseline -0.006 -17"><span class='ocrx_word' id='word_1_224' title='bbox 1220 2607 1267 2676; x_wconf 62' lang='grc' dir='ltr'><strong><em>ς.</em></strong></span> <span class='ocrx_word' id='word_1_225' title='bbox 1317 2605 1380 2659; x_wconf 89' lang='lat'><strong><em>11.</em></strong></span> 
     </span>
    </p>
   </div>
   <div class='ocr_carea' id='block_1_4' title="bbox 368 2744 2231 2918">
    <p class='ocr_par' dir='ltr' id='par_1_4' title="bbox 368 2744 2231 2918">
     <span class='ocr_line' id='line_1_28' title="bbox 377 2744 2229 2796; baseline -0.001 -8"><span class='ocrx_word' id='word_1_226' title='bbox 377 2747 641 2789; x_wconf 68' lang='lat' dir='ltr'><strong><em>[Fer-tulliani</em></strong></span> <span class='ocrx_word' id='word_1_227' title='bbox 675 2744 969 2787; x_wconf 77' lang='lat' dir='ltr'><strong><em>testimonium</em></strong></span> <span class='ocrx_word' id='word_1_228' title='bbox 1012 2744 1189 2784; x_wconf 73' lang='lat' dir='ltr'><strong><em>ductum</em></strong></span> <span class='ocrx_word' id='word_1_229' title='bbox 1232 2755 1283 2784; x_wconf 75' lang='lat' dir='ltr'><strong><em>ex</em></strong></span> <span class='ocrx_word' id='word_1_230' title='bbox 1315 2744 1569 2785; x_wconf 78' lang='lat' dir='ltr'><strong><em>necessitate</em></strong></span> <span class='ocrx_word' id='word_1_231' title='bbox 1601 2745 1884 2786; x_wconf 74' lang='lat' dir='ltr'><strong><em>conveniendi</em></strong></span> <span class='ocrx_word' id='word_1_232' title='bbox 1916 2756 2012 2786; x_wconf 70' lang='lat' dir='ltr'><strong><em>cum.</em></strong></span> <span class='ocrx_word' id='word_1_233' title='bbox 2035 2744 2129 2796; x_wconf 82' lang='lat' dir='ltr'><strong><em>fide</em></strong></span> <span class='ocrx_word' id='word_1_234' title='bbox 2163 2760 2229 2787; x_wconf 81' lang='lat' dir='ltr'><strong><em>ec-</em></strong></span> 
     </span>
     <span class='ocr_line' id='line_1_29' title="bbox 368 2804 2231 2859; baseline -0.001 -10"><span class='ocrx_word' id='word_1_235' title='bbox 368 2809 598 2849; x_wconf 81' lang='lat' dir='ltr'><strong><em>clesiarum</em></strong></span> <span class='ocrx_word' id='word_1_236' title='bbox 631 2806 986 2859; x_wconf 78' lang='lat' dir='ltr'><strong><em>Apostolicarum</em></strong></span> <span class='ocrx_word' id='word_1_237' title='bbox 1019 2816 1129 2856; x_wconf 81' lang='lat' dir='ltr'><strong><em>quae</em></strong></span> <span class='ocrx_word' id='word_1_238' title='bbox 1161 2804 1462 2846; x_wconf 75' lang='lat' dir='ltr'><strong><em>necessitatem</em></strong></span> <span class='ocrx_word' id='word_1_239' title='bbox 1506 2805 1669 2847; x_wconf 82' lang='lat' dir='ltr'><strong><em>evincit</em></strong></span> <span class='ocrx_word' id='word_1_240' title='bbox 1701 2805 1986 2847; x_wconf 83' lang='lat' dir='ltr'><strong><em>conveniendi</em></strong></span> <span class='ocrx_word' id='word_1_241' title='bbox 2018 2818 2115 2847; x_wconf 80' lang='lat' dir='ltr'><strong><em>cum</em></strong></span> <span class='ocrx_word' id='word_1_242' title='bbox 2136 2805 2231 2857; x_wconf 84' lang='lat' dir='ltr'><strong><em>fide</em></strong></span> 
     </span>
     <span class='ocr_line' id='line_1_30' title="bbox 729 2865 1878 2918; baseline 0.003 -13"><span class='ocrx_word' id='word_1_243' title='bbox 729 2865 986 2918; x_wconf 65' lang='lat' dir='ltr'><strong><em>praesertim</em></strong></span> <span class='ocrx_word' id='word_1_244' title='bbox 1020 2865 1246 2906; x_wconf 86' lang='lat' dir='ltr'><strong><em>Romanae</em></strong></span> <span class='ocrx_word' id='word_1_245' title='bbox 1279 2867 1320 2906; x_wconf 85' lang='lat' dir='ltr'><strong><em>et</em></strong></span> <span class='ocrx_word' id='word_1_246' title='bbox 1352 2866 1631 2917; x_wconf 80' lang='lat' dir='ltr'><strong><em>Apostolicae</em></strong></span> <span class='ocrx_word' id='word_1_247' title='bbox 1663 2866 1878 2908; x_wconf 75' lang='lat' dir='ltr'><strong><em>ecclesiae.</em></strong></span> 
     </span>
    </p>
   </div>
   <div class='ocr_carea' id='block_1_5' title="bbox 365 2980 2228 3584">
    <p class='ocr_par' dir='ltr' id='par_1_5' title="bbox 365 2980 2228 3584">
     <span class='ocr_line' id='line_1_31' title="bbox 516 2980 2228 3059; baseline -0.002 -21"><span class='ocrx_word' id='word_1_248' title='bbox 516 2985 566 3039; x_wconf 89' lang='grc'><strong><em>7.</em></strong></span> <span class='ocrx_word' id='word_1_249' title='bbox 607 2983 938 3056; x_wconf 88' lang='lat' dir='ltr'><strong><em>Apostolicas</em></strong></span> <span class='ocrx_word' id='word_1_250' title='bbox 965 2980 1238 3046; x_wconf 59' lang='lat' dir='ltr'><strong><em>ecclesiam,</em></strong></span> <span class='ocrx_word' id='word_1_251' title='bbox 1275 2998 1401 3059; x_wconf 85' lang='lat' dir='ltr'><strong><em>quas</em></strong></span> <span class='ocrx_word' id='word_1_252' title='bbox 1428 2980 1624 3034; x_wconf 89' lang='lat' dir='ltr'><strong><em>scilicet</em></strong></span> <span class='ocrx_word' id='word_1_253' title='bbox 1660 2981 1757 3053; x_wconf 90' lang='lat' dir='ltr'><strong><em>ipsi</em></strong></span> <span class='ocrx_word' id='word_1_254' title='bbox 1782 2981 2022 3053; x_wconf 85' lang='lat' dir='ltr'><strong><em>Apostoli</em></strong></span> <span class='ocrx_word' id='word_1_255' title='bbox 2060 2982 2228 3035; x_wconf 87' lang='lat' dir='ltr'><strong><em>aedifi—</em></strong></span> 
     </span>
     <span class='ocr_line' id='line_1_32' title="bbox 369 3066 2226 3139; baseline -0.001 -13"><span class='ocrx_word' id='word_1_256' title='bbox 369 3083 579 3138; x_wconf 82' lang='lat' dir='ltr'><strong><em>carunt,</em></strong></span> <span class='ocrx_word' id='word_1_257' title='bbox 610 3071 807 3126; x_wconf 88' lang='lat' dir='ltr'><strong><em>radices</em></strong></span> <span class='ocrx_word' id='word_1_258' title='bbox 835 3080 887 3124; x_wconf 85' lang='lat' dir='ltr'><strong><em>et</em></strong></span> <span class='ocrx_word' id='word_1_259' title='bbox 911 3068 1153 3123; x_wconf 84' lang='lat' dir='ltr'><strong><em>matrices</em></strong></span> <span class='ocrx_word' id='word_1_260' title='bbox 1180 3087 1295 3122; x_wconf 92' lang='lat' dir='ltr'><strong><em>esse</em></strong></span> <span class='ocrx_word' id='word_1_261' title='bbox 1320 3066 1654 3139; x_wconf 87' lang='lat' dir='ltr'><strong><em>Apostolicae</em></strong></span> <span class='ocrx_word' id='word_1_262' title='bbox 1680 3068 1822 3134; x_wconf 82' lang='lat' dir='ltr'><strong><em>fidei,</em></strong></span> <span class='ocrx_word' id='word_1_263' title='bbox 1863 3088 1992 3139; x_wconf 89' lang='lat' dir='ltr'><strong><em>quae</em></strong></span> <span class='ocrx_word' id='word_1_264' title='bbox 2018 3070 2071 3122; x_wconf 92' lang='lat' dir='ltr'><strong><em>in</em></strong></span> <span class='ocrx_word' id='word_1_265' title='bbox 2099 3070 2226 3124; x_wconf 90' lang='lat' dir='ltr'><strong><em>alias</em></strong></span> 
     </span>
     <span class='ocr_line' id='line_1_33' title="bbox 368 3156 2226 3230; baseline -0.001 -17"><span class='ocrx_word' id='word_1_266' title='bbox 368 3160 576 3214; x_wconf 87' lang='lat' dir='ltr'><strong><em>subinde</em></strong></span> <span class='ocrx_word' id='word_1_267' title='bbox 603 3161 666 3213; x_wconf 84' lang='lat' dir='ltr'><strong><em>ab</em></strong></span> <span class='ocrx_word' id='word_1_268' title='bbox 695 3159 808 3213; x_wconf 91' lang='lat' dir='ltr'><strong><em>aliis</em></strong></span> <span class='ocrx_word' id='word_1_269' title='bbox 842 3158 894 3220; x_wconf 85' lang='lat' dir='ltr'><strong><em>in</em></strong></span> <span class='ocrx_word' id='word_1_270' title='bbox 922 3157 1143 3230; x_wconf 89' lang='lat' dir='ltr'><strong><em>ejusdem</em></strong></span> <span class='ocrx_word' id='word_1_271' title='bbox 1179 3156 1294 3210; x_wconf 88' lang='lat' dir='ltr'><strong><em>fidei</em></strong></span> <span class='ocrx_word' id='word_1_272' title='bbox 1331 3156 1656 3210; x_wconf 83' lang='lat' dir='ltr'><strong><em>fundamento</em></strong></span> <span class='ocrx_word' id='word_1_273' title='bbox 1697 3166 2017 3211; x_wconf 88' lang='lat' dir='ltr'><strong><em>constructas</em></strong></span> <span class='ocrx_word' id='word_1_274' title='bbox 2050 3177 2226 3212; x_wconf 90' lang='lat' dir='ltr'><strong><em>mana-</em></strong></span> 
     </span>
     <span class='ocr_line' id='line_1_34' title="bbox 365 3243 2224 3320; baseline -0.003 -17"><span class='ocrx_word' id='word_1_275' title='bbox 365 3247 467 3312; x_wconf 70' lang='lat' dir='ltr'><strong><em>vit,</em></strong></span> <span class='ocrx_word' id='word_1_276' title='bbox 513 3258 652 3302; x_wconf 88' lang='lat' dir='ltr'><strong><em>recte</em></strong></span> <span class='ocrx_word' id='word_1_277' title='bbox 686 3248 870 3320; x_wconf 86' lang='lat' dir='ltr'><strong><em>probat</em></strong></span> <span class='ocrx_word' id='word_1_278' title='bbox 913 3244 1266 3300; x_wconf 88' lang='lat' dir='ltr'><strong><em>Tertullianus</em></strong></span> <span class='ocrx_word' id='word_1_279' title='bbox 1313 3244 1366 3297; x_wconf 90' lang='lat' dir='ltr'><strong><em>in</em></strong></span> <span class='ocrx_word' id='word_1_280' title='bbox 1418 3243 1547 3296; x_wconf 90' lang='lat' dir='ltr'><strong><em>libro</em></strong></span> <span class='ocrx_word' id='word_1_281' title='bbox 1583 3245 1651 3296; x_wconf 83' lang='lat' dir='ltr'><strong><em>de</em></strong></span> <span class='ocrx_word' id='word_1_282' title='bbox 1689 3245 2224 3315; x_wconf 80' lang='lat' dir='ltr'><strong><em>Praescriptionibas</em></strong></span> 
     </span>
     <span class='ocr_line' id='line_1_35' title="bbox 369 3331 2223 3408; baseline -0.001 -19"><span class='ocrx_word' id='word_1_283' title='bbox 369 3353 480 3408; x_wconf 89' lang='lat' dir='ltr'><strong><em>cap.</em></strong></span> <span class='ocrx_word' id='word_1_284' title='bbox 510 3335 598 3388; x_wconf 77' lang='lat'><strong><em>21.</em></strong></span> <span class='ocrx_word' id='word_1_285' title='bbox 652 3334 786 3388; x_wconf 90' lang='lat' dir='ltr'><strong><em>Hinc</em></strong></span> <span class='ocrx_word' id='word_1_286' title='bbox 819 3354 945 3391; x_wconf 90' lang='lat' dir='ltr'><strong><em>vera</em></strong></span> <span class='ocrx_word' id='word_1_287' title='bbox 970 3333 1272 3408; x_wconf 88' lang='lat' dir='ltr'><strong><em>Apostolica</em></strong></span> <span class='ocrx_word' id='word_1_288' title='bbox 1306 3332 1429 3385; x_wconf 88' lang='lat' dir='ltr'><strong><em>fides</em></strong></span> <span class='ocrx_word' id='word_1_289' title='bbox 1464 3341 1521 3384; x_wconf 82' lang='lat' dir='ltr'><strong><em>ut</em></strong></span> <span class='ocrx_word' id='word_1_290' title='bbox 1547 3331 1865 3386; x_wconf 88' lang='lat' dir='ltr'><strong><em>discernatur</em></strong></span> <span class='ocrx_word' id='word_1_291' title='bbox 1903 3333 2108 3404; x_wconf 81' lang='lat' dir='ltr'><strong><em>exquiri</em></strong></span> <span class='ocrx_word' id='word_1_292' title='bbox 2132 3353 2223 3388; x_wconf 85' lang='lat' dir='ltr'><strong><em>vo-</em></strong></span> 
     </span>
     <span class='ocr_line' id='line_1_36' title="bbox 367 3419 2223 3496; baseline -0.002 -20"><span class='ocrx_word' id='word_1_293' title='bbox 367 3423 485 3489; x_wconf 89' lang='lat' dir='ltr'><strong><em>luit,</em></strong></span> <span class='ocrx_word' id='word_1_294' title='bbox 523 3422 785 3496; x_wconf 89' lang='lat' dir='ltr'><strong><em>conspiret</em></strong></span> <span class='ocrx_word' id='word_1_295' title='bbox 819 3442 914 3478; x_wconf 87' lang='lat' dir='ltr'><strong><em>nec</em></strong></span> <span class='ocrx_word' id='word_1_296' title='bbox 951 3441 1016 3476; x_wconf 90' lang='lat' dir='ltr'><strong><em>ne</em></strong></span> <span class='ocrx_word' id='word_1_297' title='bbox 1044 3440 1155 3476; x_wconf 89' lang='lat' dir='ltr'><strong><em>cum</em></strong></span> <span class='ocrx_word' id='word_1_298' title='bbox 1191 3422 1371 3475; x_wconf 87' lang='lat' dir='ltr'><strong><em>harum</em></strong></span> <span class='ocrx_word' id='word_1_299' title='bbox 1407 3419 1739 3475; x_wconf 85' lang='lat' dir='ltr'><strong><em>ecclesiarum</em></strong></span> <span class='ocrx_word' id='word_1_300' title='bbox 1775 3422 1896 3488; x_wconf 81' lang='lat' dir='ltr'><strong><em>fide,</em></strong></span> <span class='ocrx_word' id='word_1_301' title='bbox 1936 3439 2006 3474; x_wconf 86' lang='lat' dir='ltr'><strong><em>ex</em></strong></span> <span class='ocrx_word' id='word_1_302' title='bbox 2044 3421 2223 3491; x_wconf 88' lang='lat' dir='ltr'><strong><em>quihus</em></strong></span> 
     </span>
     <span class='ocr_line' id='line_1_37' title="bbox 369 3508 2222 3584; baseline -0.003 -18"><span class='ocrx_word' id='word_1_303' title='bbox 369 3520 566 3566; x_wconf 79' lang='lat' dir='ltr'><strong><em>tantum</em></strong></span> <span class='ocrx_word' id='word_1_304' title='bbox 616 3510 889 3584; x_wconf 87' lang='lat' dir='ltr'><strong><em>propagari</em></strong></span> <span class='ocrx_word' id='word_1_305' title='bbox 942 3510 1129 3583; x_wconf 84' lang='lat' dir='ltr'><strong><em>potuit:</em></strong></span> <span class='ocrx_word' id='word_1_306' title='bbox 1183 3511 1414 3564; x_wconf 60' lang='lat' dir='ltr'><strong><em>&#39;Constat</em></strong></span> <span class='ocrx_word' id='word_1_307' title='bbox 1454 3512 1723 3579; x_wconf 76' lang='lat' dir='ltr'><strong><em>proinde,</em></strong></span> <span class='ocrx_word' id='word_1_308' title='bbox 1774 3508 1965 3580; x_wconf 74' lang='lat' dir='ltr'><strong><em>inquit,</em></strong></span> <span class='ocrx_word' id='word_1_309' title='bbox 2019 3529 2222 3563; x_wconf 77' lang='lat' dir='ltr'><strong><em>omnem</em></strong></span> 
     </span>
    </p>
   </div>
  </div>
 </body>
</html>
