2314 3984
948 202 1610 260 —294—

352 369 433 422 vel
458 369 637 423 saltem
664 367 808 422 taciti
833 372 1115 423 consensus
1138 367 1429 440 Ecclesiae,
1454 375 1583 446 quod
1610 378 1744 448 praej
1753 375 1962 429 udicium
1987 376 2096 428 fuse
2123 394 2205 428 re-

342 456 555 528 jecimus
582 455 746 529 capite
771 456 1098 529 praecedenti
1123 476 1174 511 n.
1203 458 1292 512 30.
1321 468 1374 513 et
1398 477 1541 532 seqq.
1572 460 1723 518 Cum
1750 461 1986 518 Christus
2013 460 2071 516 S.
2100 461 2205 516 Pe-

349 543 448 605 tri,
484 562 544 596 ac
571 542 837 599 Romanae
872 544 1173 613 cathedrae,
1213 565 1304 601 seu
1330 545 1684 603 Romanorum
1716 550 2023 606 Pontificum
2058 552 2203 604 fidem

349 629 547 684 ratione
572 631 821 704 primatus
863 642 916 687 et
940 633 1002 687 ob
1040 633 1250 688 unitatis
1286 636 1473 689 bonum
1499 637 1760 692 constituit
1792 649 1988 712 petram
2015 648 2066 693 et
2090 640 2203 691 fun-

351 718 637 772 damentum
663 720 779 775 fidei
801 721 959 775 totius
986 722 1263 777 catholicae
1288 721 1582 791 Ecclesiae,
1621 724 1676 778 in
1714 743 1811 797 quo
1838 727 2056 780 omnium
2082 727 2203 780 fides

351 806 656 863 consisteret
694 819 846 881 atque
884 811 1294 879 confirmaretur3
1348 831 1452 867 non
1497 812 1761 867 constituit
1808 833 1879 868 cx
1917 814 2204 868 conditione

350 913 628 951 consensus
655 898 799 969 quasi
825 899 998 967 liberi,
1036 900 1121 954 sed
1160 900 1328 973 potius
1355 920 1415 955 eo
1451 902 1550 955 fine
1575 901 1863 969 constituit,
1901 913 1956 955 ut
1990 903 2053 955 ob
2087 902 2204 956 illud

349 983 558 1038 unitatis
584 987 771 1040 bonum
797 1005 1078 1042 consensus
1105 988 1325 1042 omnium
1353 989 1568 1044 fidelium
1596 1009 1795 1063 semper
1823 991 2115 1057 accederet,
2155 1002 2207 1045 et

350 1071 443 1126 hac
469 1073 636 1128 debita
661 1075 856 1129 unitate
892 1095 1066 1131 omnes
1107 1078 1527 1133 confirmarentur
1566 1078 1619 1131 in
1644 1079 1755 1132 fide.
1808 1078 1860 1131 A
1887 1099 1987 1150 qua
2013 1077 2207 1134 Christi

350 1160 668 1218 institutione
707 1183 818 1218 cum
855 1162 1139 1219 Ecclesiam
1176 1185 1443 1238 numquam
1481 1167 1712 1232 recedet,
1753 1185 1952 1240 semper
1975 1167 2095 1221 fides
2123 1186 2206 1222 ca-

347 1249 565 1304 tholicae
591 1250 856 1306 Ecclesiae
895 1252 993 1305 erit
1030 1253 1083 1304 in
1118 1253 1312 1307 unitate
1348 1273 1459 1307 cum
1495 1255 1589 1308 fide
1616 1254 1967 1308 Romanorum
1992 1254 2207 1308 Pontifi-

350 1355 493 1404 cum,
531 1347 583 1390 et
609 1357 808 1412 semper
834 1341 956 1393 fides
985 1341 1046 1393 ab
1073 1340 1152 1392 his
1179 1341 1383 1394 definita
1409 1342 1608 1396 ratione
1646 1342 1923 1414 primatus,
1963 1342 2061 1395 erit
2086 1343 2207 1396 fides

349 1424 403 1476 in
429 1425 625 1480 unitate
652 1427 766 1480 fidei
788 1426 1054 1482 Ecclesiae
1081 1428 1357 1483 catholicae
1373 1469 1387 1494 ,
1422 1438 1476 1481 ut
1501 1447 1567 1482 ne
1591 1447 1825 1499 umquam
1854 1430 1920 1483 sit
1948 1429 2207 1501 ambigen-

351 1512 490 1579 dum,
518 1532 636 1567 num
662 1515 752 1582 illi,
781 1535 889 1569 cum
919 1535 990 1570 ex
1016 1517 1179 1571 officio
1206 1517 1452 1590 primatus
1479 1518 1542 1570 ob
1569 1517 1917 1572 vindicandam
1945 1517 2207 1572 continen-

350 1601 562 1674 damque
601 1603 846 1659 unitatem
886 1605 999 1659 fidei
1032 1605 1232 1677 aliquod
1270 1606 1453 1678 dogma
1490 1605 1760 1673 definiunt,
1797 1607 1850 1660 in
1876 1606 2068 1660 unitate
2094 1607 2206 1660 fidei

350 1688 615 1745 Ecclesiae
642 1692 928 1747 definierint
946 1735 959 1760 ,
988 1713 1082 1748 nec
1108 1714 1191 1748 ne.
1243 1693 1605 1761 InfallibilitaS,
1645 1714 1773 1766 quae
1799 1695 1912 1748 fidei
1941 1695 2208 1749 cathedrae

352 1778 618 1834 Romanae
655 1790 910 1852 tamquam
945 1793 1121 1855 petrae
1154 1782 1487 1837 inconcussae
1525 1785 1802 1837 asserenda
1839 1793 1947 1848 est,
1985 1802 2054 1836 ex
2091 1803 2207 1856 pro-

351 1867 521 1922 missis
551 1867 747 1925 Christi
786 1879 938 1923 antea
974 1872 1268 1925 memoratis
1302 1871 1574 1926 traditione
1601 1871 1892 1944 explicante
1928 1871 2205 1937 deducitur,

350 1975 479 2026 quae
506 1958 568 2010 ad
593 1955 877 2012 Ecclesiam
905 1968 1116 2013 eatenus
1142 1961 1393 2033 pertinet,
1421 1969 1669 2032 quatenus
1694 1958 1961 2014 Ecclesiae
1987 1960 2108 2014 fides
2135 1961 2207 2014 ei-

351 2045 461 2098 dem
501 2045 770 2100 Romanae
817 2046 932 2102 fidei
969 2059 1321 2120 superstructa
1365 2058 1418 2103 et
1450 2048 1756 2114 inhaerenS,
1804 2048 2038 2103 inhaeret
2075 2050 2206 2115 fidei,

349 2143 528 2187 contra
554 2154 703 2206 quam
736 2144 916 2208 portae
953 2135 1104 2190 inferi
1142 2156 1245 2191 non
1279 2137 1670 2210 praevalebunt,
1709 2146 1760 2190 et
1786 2155 1877 2208 pro
1917 2155 2015 2207 qua
2041 2137 2209 2191 oravit

350 2217 615 2290 Christus,
653 2242 717 2277 ne
745 2224 1100 2279 confirmandis
1126 2226 1369 2280 fratribus
1397 2236 1449 2280 et
1474 2225 1659 2279 unitati
1692 2225 2026 2279 continendae
2052 2225 2207 2279 desti-

350 2319 471 2363 nata
498 2311 767 2383 aliquando
802 2313 1056 2367 deficeret.
1109 2313 1323 2388 Semper
1349 2314 1521 2385 itaque
1554 2315 1676 2368 fides
1716 2314 1770 2367 in
1811 2314 2035 2368 eumdem
2060 2315 2206 2368 finem

350 2417 380 2450 a
405 2396 553 2452 Petri
579 2401 959 2455 successorihus
987 2403 1216 2469 definita,
1257 2404 1485 2457 habenda
1511 2402 1610 2456 erit
1623 2401 1678 2473 *)
1723 2423 1794 2455 ex
1822 2404 2116 2465 cathedra,
2157 2412 2203 2455 et

351 2485 544 2539 erroris
571 2488 790 2558 periculo
819 2507 1026 2560 expers.

471 2652 510 2703 *)
542 2652 770 2693 Meldensis
799 2654 1040 2706 Episcopus
1071 2652 1112 2695 in
1154 2656 1392 2696 Corollarto
1426 2655 1689 2706 defensionis
1721 2651 1756 2706 §
1774 2655 1818 2694 8.
1851 2660 1882 2697 t.
1901 2657 1944 2697 2.
1979 2668 2076 2708 pag.
2103 2656 2206 2696 309.

350 2714 589 2765 expendens
622 2714 837 2755 formulam
869 2715 1179 2762 definitionum,
1213 2728 1318 2767 quae
1351 2720 1553 2756 vocantur
1586 2728 1637 2756 eac
1669 2715 1898 2766 cathedra,
1939 2728 2021 2756 non
2054 2715 2206 2756 diffite-

349 2778 418 2812 tur
450 2787 574 2825 posse
607 2776 782 2815 concedi
814 2789 994 2815 summos
1026 2776 1271 2826 Pontifices,
1304 2777 1399 2816 dum
1431 2776 1555 2816 fidem
1589 2777 1741 2817 docent
1773 2790 1825 2816 ex
1858 2777 2079 2828 cathedra,
2112 2790 2205 2817 esse

351 2834 604 2875 infallibiles.
667 2836 719 2876 At
753 2849 844 2877 cum
878 2849 959 2877 non
999 2849 1162 2889 semper
1203 2837 1384 2877 doceant
1428 2850 1480 2877 ea·
1523 2837 1752 2886 cathedra,
1800 2838 1911 2878 inter
1944 2838 2207 2878 conditiones

351 2899 394 2934 et
427 2897 550 2947 signa
582 2895 845 2938 definitionis
879 2910 930 2938 ecc
962 2897 1170 2939 cathedra
1203 2898 1346 2938 editae
1378 2899 1598 2939 Ecclesiae
1633 2910 1879 2938 consensum
1912 2899 2102 2950 requirit,
2135 2898 2205 2936 ad-

349 2957 519 3008 ditque3
553 2957 755 2998 decorum
784 2956 1151 3011 magnificumque
1182 2957 1390 3009 Pontifici
1431 2959 1478 2999 id
1510 2971 1624 3008 esse,
1666 2971 1762 2999 cum
1793 2959 1874 2999 hac
1906 2959 2073 2998 ratione
2103 2960 2205 3010 pari

343 3017 439 3068 sere
468 3019 561 3058 loco
597 3021 726 3071 atque
759 3019 946 3060 concilia
977 3019 1201 3069 generalia
1233 3019 1459 3060 habeatur.
1521 3019 1689 3062 Certum
1727 3022 1790 3058 est
1820 3019 1942 3070 apud
1974 3018 2204 3059 catholicos

351 3079 539 3120 concilia
572 3080 797 3130 generalia
828 3080 1089 3132 infallibilia
1122 3091 1226 3120 esse.
1290 3081 1349 3120 At
1381 3091 1478 3120 cum
1510 3078 1703 3120 dubitari
1735 3081 1888 3130 possit,
1921 3081 2205 3120 conciliumrec

350 3139 530 3192 aliquod
561 3141 763 3191 generale
794 3143 879 3190 sit3
912 3141 960 3182 id
992 3153 1045 3181 ex
1075 3139 1297 3181 Ecclesiae
1329 3140 1609 3180 consensione
1640 3142 1874 3190 repetatur.
1943 3139 2012 3181 Ita
2044 3146 2202 3181 certam

341 3198 631 3253 firmumque,
675 3201 715 3242 si
753 3203 908 3254 velint,
950 3201 1161 3243 habeatur
1195 3198 1447 3251 Pontificem
1484 3212 1564 3251 pro
1608 3199 1813 3242 cathedra
1856 3201 2074 3242 docentem
2116 3215 2204 3242 esse.

350 3261 641 3310 infallibilem.
706 3263 765 3304 At
798 3275 894 3304 cum
925 3262 1119 3304 dubitari
1149 3262 1311 3314 possit,
1357 3272 1415 3302 an
1446 3273 1526 3312 pro
1560 3261 1763 3302 cathedra
1807 3262 1967 3303 dixerit
1999 3262 2203 3303 adhibitis

352 3323 549 3362 omnibus
573 3323 892 3365 conditionibus
905 3337 919 3373 3
951 3324 1107 3364 ‘ultima
1126 3326 1230 3364 nota
1262 3325 1303 3364 et
1322 3325 1481 3370 tessera
1504 3323 1563 3363 sit
1579 3319 1802 3371 Pontzficis
1832 3335 1882 3363 ea·-
1905 3324 2109 3364 cathedra
2131 3324 2203 3364 do-

352 3382 504 3437 centis,
527 3395 624 3423 cum
641 3383 865 3425 Ecclesiae
895 3384 1133 3425 catholicae
1159 3394 1392 3424 consensus
1419 3383 1660 3426 accesserit.
1706 3386 1835 3428 Quam
1855 3387 2023 3424 multum
2055 3384 2096 3423 in
2119 3396 2202 3424 rem

350 3446 535 3484 nostram
568 3443 670 3484 haec
703 3446 863 3497 paritas
894 3458 967 3485 seu
1002 3445 1256 3498 comparatio
1289 3444 1434 3496 impar,
1469 3448 1511 3484 et
1537 3444 1778 3484 exorbitans
1801 3449 1864 3484 est
1880 3444 1898 3484 ¹?
1931 3445 1975 3485 Si
1999 3457 2078 3496 quo
2105 3458 2200 3485 casu

351 3503 592 3552 dubitetur,
635 3517 729 3546 num
773 3506 922 3557 aliquis
964 3506 1020 3546 sit
1065 3518 1189 3545 verus
1233 3507 1275 3544 et
1307 3505 1517 3556 legitimus
1560 3505 1780 3553 Pontifex,
1822 3506 1881 3544 uti
1922 3506 2200 3547 dubitaretur.

352 3576 447 3607 num
479 3565 649 3615 aliquod
683 3567 903 3607 concilium
939 3571 1048 3607 esset
1083 3566 1301 3618 generatim
1337 3566 1523 3617 aequalis
1558 3565 1779 3617 utrobique
1813 3566 1972 3617 paritas
2002 3570 2127 3613 essct,
2161 3570 2197 3605 et
