2314 3984
914 204 1577 264 *3⁶4*-

320 383 428 442 est,
465 375 588 430 adeo
627 385 684 428 ut
716 392 787 430 ex
823 374 1098 429 concordia
1122 393 1238 429 cum
1265 366 1362 430 hac
1386 367 1770 432 discernendum
1802 377 1897 443 sit,
1935 394 2181 448 quaenam

317 461 582 519 Ecclesiae
617 462 952 535 particulares
989 471 1203 517 teneant
1226 481 1404 519 veram
1428 463 1601 527 fidem,
1640 475 1692 519 et
1716 484 1746 519 e
1773 474 1951 518 contra
1977 483 2070 518 eae
2096 483 2183 518 co-

317 559 633 623 gnoscantur
670 569 702 603 a
735 568 862 606 vera
898 550 994 605 fide
1019 550 1326 620 descivisse,
1362 569 1491 624 quae
1527 555 1638 606 cnm
1665 550 1903 607 Romana
1928 571 2032 605 non
2059 570 2181 606 con-

316 637 545 694 veniunt.
597 637 732 693 Hinc
758 638 925 692 unitas
952 657 1063 693 cum
1088 638 1327 695 Romana
1364 639 1459 694 fide
1496 639 1725 694 absolute
1750 640 2045 695 necessaria
2071 649 2178 693 est:

318 745 377 780 ac
402 726 612 799 proinde
638 726 1008 780 infallibilitatis
1034 729 1396 802 praerogativa
1423 729 1656 782 absoluta
1690 727 1763 782 illi
1791 738 1869 782 est
1892 727 2178 792 tribuenda,

317 823 369 869 et
394 815 473 870 vis
501 815 729 871 coactiva
756 816 818 869 ad
842 815 955 869 fidei
991 816 1238 872 unitatem
1263 817 1458 891 pariter
1469 815 1526 890 *)
1557 816 1814 883 ahsoliita3
1853 815 1999 870 sicuti
2026 816 2178 868 ahso-

315 903 422 956 luta
448 913 528 956 est
552 901 675 957 item
701 903 1036 958 infallibilitas
1076 915 1127 959 et
1150 905 1229 962 vis
1257 906 1489 961 coactiva
1526 905 1684 977 ipsius
1709 902 1975 958 Ecclesiae
2003 901 2177 956 catho-

317 991 470 1058 licae,
525 1011 654 1064 quae
693 992 962 1048 Romanae
1012 993 1127 1048 fidei
1165 994 1440 1048 adhaereat
1475 1003 1707 1067 oportet,
1760 1003 1815 1046 ut
1855 1009 1926 1046 ex
1963 989 2175 1044 Irenaeo

318 1080 621 1154 accepimus,

1133 1246 1181 1314 §-
1222 1244 1362 1301 vm.

711 1380 1302 1455 PROPOSI'PIO
1365 1379 1776 1440 OCTAVA.

314 1526 517 1573 Eadem
549 1524 865 1589 Pontificum
905 1527 1259 1587 infallibilitas
1298 1530 1547 1574 evincitur
1590 1526 1673 1574 vel
1703 1527 1934 1571 mamime
1965 1538 2029 1568 ew
2052 1537 2174 1583 pro·

404 1591 574 1634 missis
608 1586 801 1636 Christi
827 1589 988 1649 factis
1021 1587 1075 1635 S.
1111 1587 1300 1643 Petro,
1336 1604 1399 1634 ac
1432 1604 1496 1634 ex
1527 1589 1811 1634 traditione
1842 1584 2083 1631 Patrum.

461 1708 812 1763 Romanorum
849 1708 1156 1764 Pontificum
1194 1698 1526 1763 infallibilitas
1564 1708 1617 1762 in
1655 1705 2025 1762 definitionibus
2063 1701 2175 1756 fidei

313 1817 384 1852 ex
409 1796 676 1852 Ecclesiae
703 1797 981 1852 catholicae
1006 1798 1360 1854 infallibilitate
1401 1817 1460 1851 ac
1487 1816 1555 1851 ex
1582 1796 1849 1870 promissis
1879 1792 2074 1849 Christi
2099 1794 2174 1844 fa-

314 1887 409 1941 ctis
435 1885 700 1940 Ecclesiae
726 1886 970 1940 hactenus
998 1886 1226 1952 deducta,
1254 1885 1490 1940 innititur
1517 1885 1668 1939 etiam
1697 1886 1885 1938 duabus
1911 1882 2010 1935 illis
2039 1881 2172 1952 ejus-

312 1977 423 2030 dem
451 1972 646 2030 Christi
671 1974 1091 2048 promissionibus
1113 1972 1170 2028 S.
1188 1972 1348 2028 Petro
1376 1974 1543 2040 factiS,
1573 1981 1626 2027 et
1645 1981 1843 2044 portae
1870 1973 2040 2041 inferi
2062 1989 2172 2022 uon

430 2172 471 2224 ²¹)
504 2172 598 2212 Alia
628 2171 796 2211 ratione
828 2170 935 2211 hanc
967 2170 1308 2210 infallibilitatem
1339 2169 1439 2210 fidei
1473 2182 1498 2209 a
1528 2168 1731 2210 Romanis
1763 2167 2041 2208 Pontificibus
2072 2164 2176 2205 defi-

312 2235 427 2274 nitae
462 2246 513 2273 ex
546 2245 596 2272 eo
632 2232 842 2272 deducere
875 2233 1001 2283 libet,
1037 2234 1132 2284 quia
1163 2232 1354 2272 Romana
1387 2231 1493 2272 fides
1525 2231 1576 2270 ab
1610 2230 1692 2270 illis
1726 2229 1898 2268 definita
1931 2227 2074 2267 eadem
2107 2231 2174 2267 est

309 2310 362 2336 ac
394 2294 498 2335 fides
530 2294 665 2334 totius
696 2293 922 2334 Ecclesiae
953 2293 1206 2333 catholicae.
1267 2294 1358 2333 Duo
1393 2293 1436 2332 in
1468 2292 1575 2331 hanc
1607 2304 1694 2331 rem
1727 2290 1995 2330 concinentia
2021 2290 2066 2327 S.
2090 2289 2173 2327 Ire-

309 2357 405 2396 naei
448 2359 491 2396 et
525 2357 569 2395 S.
601 2354 824 2406 Augustini
863 2354 1108 2394 testimonia
1148 2353 1424 2407 expendenda
1455 2356 1570 2394 sunt.
1635 2353 1736 2391 Cum
1769 2353 1813 2391 S.
1846 2352 2047 2390 Irenaeus
2081 2349 2171 2388 loco

310 2417 481 2469 saepius
501 2415 673 2456 laudato
696 2415 854 2462 docuit,
887 2427 1061 2455 necesse
1091 2427 1185 2455 esse
1219 2427 1359 2454 omnes
1392 2415 1462 2466 qui
1494 2416 1591 2452 suut
1612 2412 1796 2463 undique
1818 2412 1978 2460 fideles,
2013 2421 2173 2450 omnes-

311 2491 391 2530 que
422 2477 599 2529 proinde
630 2477 851 2516 Ecclesias
883 2477 1110 2515 convenire
1143 2487 1233 2515 cum
1254 2477 1469 2515 Romanae
1500 2474 1722 2514 Ecclesiae
1755 2472 1863 2520 fide·‚
1896 2471 2172 2523 proculdubio

307 2537 566 2590 significavit
598 2537 776 2576 omnium
807 2535 1108 2575 catholicarum
1140 2536 1426 2575 Ecclesiarum
1458 2533 1581 2573 fidem
1615 2534 1799 2572 eamdem
1833 2545 1928 2572 esse
1960 2544 2050 2570 cum
2083 2531 2172 2571 Ro-

310 2610 456 2645 mana,
491 2597 674 2647 ideoque
706 2596 814 2635 hanc
846 2596 1072 2648 praecipue
1105 2595 1435 2642 commendavit,
1470 2594 1606 2645 inquit
1638 2595 1870 2633 Bossuetus
1903 2592 1973 2632 lib.
2008 2591 2081 2630 10.
2115 2593 2170 2634 al.

311 2661 382 2700 15.
416 2659 585 2699 Defens.
620 2670 657 2698 c.
693 2657 788 2705 14„
833 2668 930 2698 cum
972 2656 1167 2708 profecto
1211 2659 1378 2697 certum
1421 2659 1530 2695 esset
1561 2666 1648 2694 non
1679 2654 1876 2706 potuisse
1896 2652 2024 2705 fieri,
2064 2654 2113 2692 ut
2145 2666 2174 2693 a

310 2720 496 2772 reliquis
529 2717 737 2759 Ecclesiz‘s
780 2718 1048 2769 discreparet
1092 2717 1304 2770 (Romana
1336 2713 1535 2764 traditio)
1580 2717 1626 2756 in
1668 2727 1755 2767 qua
1786 2726 1930 2755 omnes
1961 2714 2174 2754 unitatem

309 2792 483 2821 servare
516 2781 711 2821 debeant.
755 2779 878 2823 Quod
911 2778 962 2818 de
994 2776 1076 2817 fide
1109 2790 1159 2816 ac
1191 2777 1428 2817 traditione
1458 2776 1651 2816 Romana
1682 2775 1854 2827 scripsit
1886 2776 1930 2815 S.
1956 2775 2170 2822 heuneus,

311 2844 356 2882 S.
392 2841 647 2893 Augustinus
680 2851 881 2892 expresse
911 2838 1101 2892 prodidit
1133 2839 1186 2878 de
1218 2837 1315 2886 fide,
1348 2850 1469 2889 quam
1489 2837 1670 2877 Romani
1692 2836 1922 2877 Pontifices
1952 2835 2172 2875 definiunt.

309 2904 481 2944 Etenim
522 2902 594 2941 lib.
630 2901 672 2941 1.
714 2901 757 2940 in
797 2901 1002 2941 Julianum
1045 2912 1137 2952 cap.
1170 2900 1214 2938 2.
1261 2900 1434 2950 loquens
1475 2898 1526 2937 de
1566 2896 1814 2938 definitione
1843 2896 2078 2937 Innocentii
2117 2896 2172 2935 ad

311 2965 529 3004 Africanos
571 2963 699 3002 missa
743 2965 893 3002 contra
935 2960 1145 3000 haeresim
1176 2960 1447 3011 Pelagianam
1482 2959 1564 2998 ait:
1612 2957 1724 3004 Quid
1767 2958 1879 2998 enim
1921 2957 2068 3008 potuit
2099 2958 2171 2996 ille

309 3026 380 3066 vir
414 3027 606 3066 Sanctus
642 3023 866 3074 Africanis
897 3021 1159 3074 respondere
1191 3021 1405 3069 conciliis,
1438 3020 1527 3059 nisi
1559 3018 1674 3071 quod
1706 3019 1953 3070 antiquitus
1987 3019 2171 3068 Aposto-

312 3087 396 3127 lica
431 3086 562 3126 Sedes
595 3087 635 3124 et
670 3084 872 3124 Romana
914 3095 1007 3124 cum
1042 3082 1191 3123 ceteris
1233 3085 1347 3122 tenet
1390 3082 1717 3131 perseveranter
1750 3077 1976 3120 Ecclesia?
2039 3080 2172 3121 Quam

307 3147 418 3186 belle
452 3145 638 3186 concinit
670 3145 926 3196 Augustinus
958 3156 1051 3184 cum
1081 3142 1288 3182 Irenaeo?
1350 3140 1417 3181 Ex
1458 3143 1578 3179 textu
1609 3139 1772 3178 Irenaei
1815 3139 1991 3178 omnium
2026 3138 2172 3178 catho-

310 3208 484 3247 licarum
515 3206 804 3247 Ecclesiarum
835 3205 956 3252 fides,
989 3203 1220 3244 convenire
1252 3202 1378 3242 debet
1412 3213 1503 3240 cum
1536 3200 1748 3248 Romana3
1782 3203 1824 3239 et
1854 3212 1907 3239 ex
1939 3199 2170 3250 Augustino

311 3268 503 3308 Romana
535 3267 641 3306 fides
673 3267 725 3306 ab
757 3266 1005 3306 Innocentio
1039 3264 1255 3311 definitio,
1300 3274 1383 3303 non
1414 3261 1555 3314 potuit
1589 3273 1670 3300 non
1704 3262 1932 3301 convenire
1964 3272 2055 3300 cum
2088 3259 2172 3299 fide

311 3333 544 3368 ceterarum
586 3327 898 3375 Ecclesiarum,
946 3338 1067 3379 quam
1098 3325 1289 3364 Romana
1333 3321 1469 3364 CUM
1505 3320 1775 3363 CE'I'ERIS
1819 3324 1933 3361 tenet
1973 3332 2173 3372 perseve-

309 3391 462 3430 ranter
492 3387 704 3429 Ecclesia.
765 3389 957 3428 Romana
1001 3398 1102 3436 ergo
1146 3384 1276 3432 fides,
1317 3380 1438 3435 quam
1458 3382 1711 3422 ·Pontifices
1753 3381 1980 3427 definiunt,
2025 3381 2170 3420 eadem

311 3454 377 3490 est
409 3463 460 3489 ac
491 3448 597 3488 fides
628 3449 804 3489 aliarum
836 3448 1136 3488 catholicarum
1167 3445 1478 3490 Ecclesiarum,
1517 3457 1568 3483 ac
1609 3443 1787 3495 proinde
1830 3446 1894 3482 est
1936 3443 2079 3482 eadem
2120 3454 2172 3480 ac

311 3511 417 3551 fides
448 3510 580 3550 totius
611 3509 832 3550 Ecclesiae
866 3508 1115 3549 catholicae.
1179 3505 1415 3547 infallibilis
1447 3505 1576 3556 igitur
1607 3504 1662 3544 sit
1696 3507 1888 3557 oportet,
1927 3503 1988 3542 uti
2021 3501 2171 3542 Eccle-

311 3573 400 3613 siae
432 3570 666 3612 eatholicae
697 3568 801 3611 fides
834 3568 1064 3610 infallibilis
1096 3570 1172 3609 est.
