2320 3990
678 229 1325 287 -—-117——

92 404 217 456 licae
241 401 369 466 fidei,
395 399 454 452 ad
478 407 624 451 natas
645 396 950 461 deserendo,
978 395 1093 448 licet
1117 395 1301 448 ideirco
1323 394 1433 464 quis
1451 411 1506 447 se
1526 394 1589 446 ab
1610 393 1754 465 hujus
1775 395 1906 448 sedis

92 485 184 539 fide
206 482 533 556 separaverit,
559 492 614 534 ut
638 482 932 535 adhaereret
958 481 1104 534 alicui
1125 481 1272 534 etiam
1289 479 1692 552 Apostolicarum
1717 479 1904 532 sedium

90 568 368 641 Episcopo,
407 568 490 638 qui
523 568 634 620 fidei
661 586 811 620 causa
850 566 1131 620 Romanum
1163 565 1458 629 Pontificem
1497 566 1814 630 deseruerat,
1853 575 1907 616 ut

93 673 161 709 ex
184 652 552 708 Ecclesiasticis
574 653 853 706 Annalibus
877 662 1049 704 notum
1073 652 1168 705 est.
1220 650 1392 720 Itaque
1419 669 1489 704 ex
1506 648 1752 722 Cypriani
1770 650 1906 722 prin-

94 739 233 812 cipiis
258 749 386 805 stat,
426 759 534 794 cum
569 739 799 792 Romano
826 737 1070 790 Pontifice
1095 755 1195 789 non
1222 737 1384 789 minus
1410 736 1549 801 fidei,
1589 754 1735 806 quam
1773 755 1906 790 com-

91 826 337 879 munionis
363 827 554 880 unitate
580 825 936 878 adhaerendum
965 841 1094 887 esse,
1121 841 1184 875 ne
1209 823 1259 875 in
1283 833 1475 893 partem
1502 823 1710 875 alteram
1738 823 1908 874 catho-

91 914 183 966 lica
209 913 373 965 unitas
399 912 718 965 discindatur.

238 1000 322 1051 14.
376 998 469 1051 Hic
495 1006 709 1070 opponet
743 997 960 1048 fortasse
988 995 1230 1066 quispiam
1257 1013 1343 1059 ea,
1383 1013 1509 1064 quae
1534 994 1660 1046 idem
1689 991 1907 1064 Cypria-

90 1103 182 1136 nus
209 1094 386 1137 contra
409 1081 650 1153 Stephani
676 1079 936 1134 Pontificis
974 1081 1225 1134 decretum
1266 1080 1470 1151 scripsit
1495 1080 1546 1132 iu
1573 1081 1906 1150 disputatione

91 1169 149 1222 de
174 1170 534 1222 haereticorum
558 1168 829 1239 baptismo,
868 1168 919 1219 in
946 1186 1039 1236 qua
1066 1186 1174 1219 cum
1200 1167 1357 1239 ipsius
1383 1166 1569 1219 decreti
1606 1167 1906 1219 sententiam

92 1273 263 1307 errore
301 1253 580 1318 notaverit,
620 1253 860 1306 unitatem
899 1253 1008 1305 fidei
1045 1271 1152 1305 cum
1181 1271 1239 1306 eo
1265 1253 1529 1306 tenendam
1558 1270 1657 1304 non
1684 1251 1906 1304 credidit.

90 1339 228 1394 Haec
263 1360 384 1394 vero
418 1340 461 1393 si
496 1339 838 1409 intelligantur
873 1340 931 1391 de
971 1358 1144 1391 errore
1182 1338 1481 1392 definitionis
1520 1335 1817 1390 Pontificiae
1856 1336 1908 1387 in

91 1426 314 1478 doctrina
341 1427 466 1490 fidei,
495 1426 749 1477 conciliari
774 1424 1089 1494 proculdubio
1117 1433 1366 1493 nequeunt
1393 1442 1500 1476 cum
1524 1422 1613 1486 iis,
1641 1440 1766 1490 quae
1793 1431 1908 1475 ante

92 1521 322 1562 exortam
349 1511 407 1563 de
432 1510 674 1581 baptismo
713 1509 1054 1578 quaestionem
1082 1508 1368 1581 Cyprianus
1395 1508 1665 1580 scripserat
1692 1508 1751 1559 ad
1780 1505 1908 1560 Cor—

93 1596 272 1648 nelium
298 1594 541 1667 Stephani
578 1598 1012 1668 praedecessorem
1040 1595 1184 1666 epist.
1214 1597 1301 1648 55.
1341 1595 1421 1647 ubi
1457 1595 1753 1666 impugnans
1778 1593 1821 1646 F
1825 1613 1908 1646 or-

93 1691 310 1732 tunatum
337 1691 388 1734 et
413 1682 791 1746 Felicissimum,
819 1682 1040 1749 aliosque
1065 1681 1273 1734 Africae
1299 1681 1662 1744 schismaticOS,
1690 1681 1772 1749 qui
1798 1699 1907 1732 cum

92 1770 482 1819 mendaciorum
514 1787 728 1820 satorum
763 1786 934 1818 merce
967 1765 1181 1818 Romam
1218 1766 1607 1818 transmiserant
1644 1766 1701 1817 ad
1734 1766 1908 1817 fallen-

91 1853 200 1903 dum
226 1851 537 1917 Pontificem,
565 1872 736 1906 eorum
763 1852 1018 1905 audaciam
1045 1852 1122 1904 his
1148 1851 1316 1905 verbis
1343 1851 1596 1922 coarguit:
1636 1851 1908 1919 Naviyarc

91 1941 312 1999 audent,
350 1947 400 1991 ct
437 1942 510 1991 ad
538 1940 690 1991 Petri
722 1940 1030 1992 cathedram
1058 1946 1213 2008 atque
1240 1941 1314 1990 ad
1338 1940 1612 1990 ecclesiam
1630 1941 1907 2006 principa-

95 2026 222 2084 lem,
248 2027 386 2076 uude
413 2028 588 2076 unitas
615 2028 966 2076 sacerdotalis
994 2033 1113 2076 orta
1142 2032 1242 2085 est,
1281 2044 1312 2076 a
1339 2026 1686 2076 schismaticis
1714 2032 1763 2076 et
1780 2044 1907 2092 pro-

88 2112 234 2175 fanis
262 2111 467 2161 litteras
488 2114 668 2178 ferre3
708 2131 803 2162 nec
830 2096 1066 2180 cogitare
1094 2131 1182 2163 cos
1209 2131 1319 2162 esse
1349 2111 1645 2177 Romanos,
1686 2130 1909 2178 quoram

89 2196 221 2262 fides
250 2193 506 2260 Apostolo
527 2198 880 2260 praedicante
908 2198 1127 2247 laudata
1161 2204 1262 2255 est,
1301 2198 1375 2246 ad
1399 2215 1526 2263 quos
1556 2198 1792 2263 perfidia
1820 2197 1908 2245 Ιια-

93 2281 213 2330 bere
239 2299 344 2330 non
363 2283 540 2348 possit
563 2299 840 2332 accessam.
894 2280 950 2333 Si
968 2284 1223 2349 perfidia,
1251 2298 1339 2332 scu
1365 2298 1508 2332 error
1532 2279 1583 2330 in
1610 2280 1700 2332 fide
1726 2281 1784 2331 ad
1802 2279 1908 2331 Ro-

93 2382 265 2416 manos
277 2364 330 2433 *)
353 2363 623 2418 Pontifices
650 2384 749 2418 non
776 2367 931 2418 solum
959 2385 1058 2418 non
1081 2367 1267 2431 habuit,
1296 2366 1381 2418 sed
1405 2384 1496 2418 nec
1519 2368 1711 2419 habere
1733 2376 1914 2435 potest

92 2469 384 2511 accessum3
412 2451 520 2519 quis
547 2470 647 2502 non
671 2452 851 2516 videat,
880 2470 987 2504 cum
1014 2452 1089 2504 his
1116 2451 1485 2519 haudquaquam
1513 2452 1780 2504 cohaerere
1807 2453 1909 2516 illa,

93 2535 263 2604 quibus
290 2533 574 2606 Cyprianus
595 2535 849 2607 Stephano
885 2557 981 2590 una
1009 2558 1113 2591 cum
1143 2537 1388 2589 Romanis
1415 2537 1568 2589 eidem
1598 2537 1910 2589 adhaerenti—

91 2622 181 2671 bus
220 2638 444 2673 errorem
471 2622 520 2672 in
547 2623 749 2692 negotio
794 2623 907 2675 fidei
943 2624 1208 2694 impegisse
1246 2624 1492 2676 credatur.
1557 2622 1666 2694 Ipse
1717 2623 1910 2692 quidem

97 2703 378 2774 Cyprianus
414 2706 464 2757 in
502 2707 590 2760 hac
631 2726 781 2760 causa
818 2709 1033 2773 erravit,
1070 2719 1125 2760 ut
1163 2728 1333 2761 omnes
1372 2711 1621 2773 fatentur,
1662 2728 1760 2761 non
1787 2727 1909 2761 vero

95 2788 392 2860 Stephanus,
420 2809 559 2858 quem
583 2792 641 2841 ab
661 2793 793 2843 omni
820 2794 1008 2845 erroris
1035 2793 1312 2862 suspicione
1340 2794 1727 2846 luculentissime
1753 2794 1912 2846 vindi-

96 2885 271 2928 carunt
294 2876 426 2927 inter
450 2885 645 2927 ceteros
660 2874 721 2927 P.
740 2874 1067 2930 Constantius
1092 2877 1444 2929 dissertatione
1465 2877 1516 2928 in
1537 2888 1655 2930 tom.
1682 2879 1729 2929 l.
1748 2876 1909 2950 Epist.

95 2959 309 3012 Roman.
327 2959 622 3012 Pontificum
645 2963 847 3032 vulgata
870 2973 920 3016 et
939 2957 1156 3034 ejusdem
1178 2960 1416 3033 Stephani
1442 2963 1665 3033 epistolis
1692 2965 1911 3036 subjecta

95 3064 206 3116 pag.
235 3047 356 3101 227.
396 3064 487 3098 nec
514 3064 612 3099 non
638 3045 853 3101 Jacobus
881 3047 1136 3117 Benignus
1163 3047 1437 3101 Bossuetus
1463 3049 1515 3101 in
1542 3047 1734 3103 Gallico
1761 3070 1911 3122 opere

215 3246 252 3298 ⁸)
287 3249 354 3287 Aa
388 3249 602 3290 Romanos
650 3251 874 3301 Pontifices
916 3254 1106 3303 inquam5
1140 3264 1244 3303 quae
1278 3253 1383 3290 enim
1417 3254 1734 3304 praerogativae
1758 3255 1913 3294 Roma-

97 3308 158 3346 nis
191 3307 428 3346 tribuuntur
461 3313 502 3347 et
533 3315 791 3362 competunt,
825 3325 847 3350 e
881 3313 1044 3350 ratione
1078 3313 1273 3362 primatus
1306 3310 1535 3357 dimanant,
1571 3313 1637 3363 qui
1671 3325 1913 3352 summorum

97 3365 338 3421 Pontificum
381 3367 611 3417 personalis
639 3372 700 3408 est
726 3382 776 3410 ex
802 3371 1041 3410 constitutis
1069 3384 1104 3409 c.
1131 3371 1174 3408 3.
1202 3369 1324 3419 idque
1351 3370 1476 3408 multo
1508 3372 1638 3422 magis
1671 3372 1796 3418 valet,
1825 3385 1915 3412 cum

97 3425 233 3474 agitur
261 3425 312 3464 de
339 3427 512 3464 materia
540 3425 650 3475 fidei,
681 3430 794 3480 cnjus
824 3430 1013 3469 doctrina
1042 3430 1091 3468 ab
1120 3429 1344 3479 Episcopo,
1376 3430 1442 3479 qui
1477 3429 1653 3470 docendi
1680 3431 1914 3470 cathedram

99 3485 227 3528 tenet,
261 3484 420 3525 omnino
461 3485 626 3536 pendet.
