2314 3984
948 179 1614 244 ——456-—-

352 348 490 402 fert
476 366 530 401 ιιι
556 348 771 420 epistola
797 348 867 400 ad
883 347 951 401 S.
974 347 1224 417 Leonem,
1242 349 1438 424 (ἔπιεν
1436 354 1637 410 boonis
1665 358 1846 430 epist.)
1872 361 2080 431 ejusque
2107 362 2210 433 pri-

350 456 483 490 mum
510 427 798 507 exemplum
833 437 1028 508 profert
1074 455 1144 491 ex
1183 437 1663 511 ApostolfflPaulo,
1709 447 1791 516 qui
1827 447 2053 501 tametsi
2066 460 2211 502 esset

341 543 552 594 praeco
579 526 822 576 veritatis
849 531 903 577 et
943 526 1072 578 tuba
1117 528 1358 597 Spiritus
1403 530 1625 595 Sancti,
1661 534 1715 586 in
1741 535 1903 607 prima
1930 545 2116 589 tamen
2125 537 2209 590 illa

349 613 408 665 de
433 611 680 684 legalibus
707 612 1080 680 controversia,
1106 623 1162 666 ut
1188 616 1474 688 exemplum
1510 621 1733 690 posteris
1767 623 2106 693 relinqueret,
2135 629 2210 677 ad

347 720 596 772 magnum
626 701 851 754 Petrum
871 720 927 754 se
954 705 1208 766 contulit,
1234 711 1294 756 ut
1329 708 1422 766 iis,
1462 710 1556 775 qui
1585 705 1907 764 Antiochiae
1935 715 2002 764 de
2042 715 2210 783 leyali

347 792 756 843 conversatione
783 790 1151 861 ambiyebann
1179 794 1602 862 explicationem
1628 797 1695 848 ab
1721 801 1842 866 ipso
1867 804 2118 868 referret.
2147 799 2205 853 Si

348 875 703 946 antiquissima
741 888 1070 932 monumenta
1107 890 1460 951 superessent,
1501 883 1645 954 plura
1683 884 1732 936 id
1770 903 1931 956 genus
1971 888 2208 959 exempla

348 985 374 1019 e
402 974 618 1035 quatuor
642 964 818 1036 primis
845 965 1063 1020 saeculis
1088 967 1296 1040 produci
1320 980 1548 1041 possent.
1578 970 1652 1024 At
1678 972 1916 1044 pleraque
1943 974 2207 1028 devoravit

346 1064 542 1126 tempus
570 1053 732 1117 edaX,
759 1053 890 1106 unde
915 1054 1039 1108 nihil
1065 1074 1262 1126 quoque
1288 1056 1533 1128 reliquum
1562 1069 1642 1112 est
1668 1078 1738 1113 ex
1765 1060 1826 1113 iis
1853 1061 2050 1128 multis,
2077 1080 2207 1132 quae

345 1141 692 1214 Hieronymus
720 1142 811 1194 sub
838 1140 1063 1196 Damaso
1091 1145 1255 1198 relata
1293 1155 1343 1198 et
1385 1165 1632 1220 responsa
1667 1159 2028 1202 commemorat
2056 1149 2203 1221 epist.

343 1231 434 1286 91.
465 1232 527 1283 ad
553 1230 899 1301 Ageruchiam
925 1249 978 1282 n.
1010 1231 1058 1283 l.
1132 1233 1264 1286 Cum
1301 1237 1357 1286 in
1392 1236 1597 1289 chartis
1625 1238 2024 1291 Ecclesiasticis
2044 1243 2205 1311 juva—

343 1338 456 1372 rem
482 1319 783 1369 Damasum
812 1318 1094 1370 Romanae
1133 1322 1282 1372 urbis
1310 1323 1645 1392 spiscopum
1682 1333 1735 1376 et
1774 1325 2012 1377 Orientis
2056 1326 2205 1378 Occi-

343 1408 626 1475 dentisque
659 1404 947 1476 Synodicis
975 1408 1459 1462 consultationibus
1487 1413 1904 1479 responderem,
1931 1419 2029 1463 etc.
2059 1407 2205 1478 Quae

343 1507 513 1549 tamen
541 1502 845 1547 conservata
883 1493 1030 1546 nobis
1070 1495 1242 1561 fuere,
1280 1497 1406 1550 satis
1447 1497 1664 1550 innuunt
1702 1498 1923 1551 omnium
1965 1500 2204 1570 ejusmodi

343 1583 645 1638 relationum
674 1600 879 1654 scopum
907 1591 1057 1652 atque
1097 1583 1390 1638 consilium:
1429 1587 1558 1656 quod
1597 1586 1648 1639 in
1688 1606 1795 1640 rem
1831 1597 2059 1640 nostram
2098 1607 2204 1640 ma-

344 1674 484 1726 xime
513 1688 799 1742 congruens
828 1689 898 1723 ex
923 1671 1085 1723 tribus
1112 1672 1328 1725 laudatis
1349 1673 1711 1727 Africanorum
1737 1673 2041 1728 Antistitum
2070 1677 2203 1729 rela-

340 1760 562 1814 tionibus
589 1757 962 1829 cognoscimus.
1014 1757 1162 1813 Duae
1189 1761 1383 1814 scilicet
1409 1762 1661 1815 referendi
1689 1781 1874 1816 causae
1911 1762 2090 1816 ibidem
2132 1765 2203 1816 al-

344 1852 609 1921 legantur:
637 1846 799 1918 prima
817 1887 829 1911 ,
869 1856 926 1898 ut
953 1865 1022 1900 ex
1050 1849 1468 1920 responsionibus
1497 1850 1630 1903 sedis
1656 1850 1988 1922 Apostolicae
2017 1870 2204 1923 cogno-

341 1948 538 2002 scatur,
567 1953 815 2006 quaenam
845 1933 911 1986 sit
946 1934 999 1986 in
1035 1937 1298 2009 proposita
1337 1939 1688 1993 controversia
1729 1939 1997 1993 Romanae
2024 1938 2202 1993 Eccle-

342 2028 449 2081 siae
477 2025 628 2091 fides3
659 2024 840 2087 altera,
867 2033 923 2074 ut
949 2024 1170 2095 ejusdem
1198 2025 1331 2079 sedis
1349 2027 1654 2081 auctoritate
1671 2037 2022 2100 compescatur
2036 2047 2200 2094 error,

341 2126 392 2168 et
419 2123 652 2167 errantes
681 2112 741 2163 ad
768 2110 1068 2163 catholicam
1094 2123 1314 2166 mentem
1341 2125 1663 2168 revocentur.
1726 2115 2007 2185 Utrumque
2036 2126 2200 2169 autem

341 2204 400 2257 ad
430 2202 675 2254 unitatem
702 2199 812 2252 fidei
843 2217 952 2252 cum
975 2197 1245 2255 Romanae
1272 2202 1405 2255 sedis
1434 2202 1527 2255 fide
1554 2203 1897 2255 necessariam
1913 2202 2151 2275 pertinet.

484 2290 573 2344 47.
629 2286 858 2340 Primam
897 2288 1149 2342 referendi
1189 2308 1393 2343 causam
1431 2291 1694 2363 praeclare
1721 2291 1962 2363 exprimit
1989 2291 2203 2365 epistola

341 2380 463 2435 177.
494 2398 522 2432 a
549 2378 769 2448 quinque
807 2374 1075 2450 Episcopis
1114 2377 1328 2432 Aurelio
1347 2419 1360 2445 ,
1389 2379 1599 2452 Alypio,
1634 2378 1926 2450 Augustino
1944 2421 1957 2445 ,
1985 2378 2201 2445 Evodio,

340 2477 391 2520 et
417 2465 653 2519 Possidio
692 2464 882 2535 scripta
917 2475 1033 2536 post
1060 2465 1154 2517 duo
1184 2463 1594 2536 Carthaginense
1622 2475 1672 2518 et
1698 2465 2052 2521 Milevitanum
2082 2486 2201 2522 con-

341 2553 484 2618 cilia,
511 2552 596 2604 ubi
623 2569 759 2603 num.
793 2551 878 2604 19.
908 2561 1023 2622 post
1048 2552 1258 2624 petitam
1285 2552 1487 2607 veniam
1513 2552 1809 2624 prolixioris
1837 2555 2088 2608 sermonis
2117 2558 2201 2608 ad·

339 2642 500 2695 ditur:
554 2640 681 2692 Non
719 2643 856 2692 enim
893 2642 1126 2694 rivulum
1163 2648 1407 2694 nostrum
1442 2649 1549 2694 tam
1589 2644 1747 2712 laryo
1778 2646 1927 2711 fonti
1952 2646 2200 2712 auyendo

337 2732 707 2798 refunclimus3
746 2730 845 2780 sed
869 2732 923 2780 in
952 2730 1055 2782 liae
1080 2748 1189 2780 non
1215 2737 1393 2782 tamen
1412 2749 1595 2798 parva
1621 2733 1915 2783 tentatione
1941 2734 2199 2799 temporis

379 2859 389 2869 .
420 2858 430 2869 .
461 2824 642 2869 utrum
669 2818 829 2868 etiam
855 2823 1039 2869 noster
1080 2819 1207 2870 licet
1233 2821 1488 2887 eoeiyuuS,
1528 2820 1716 2872 eodem
1757 2838 1864 2888 quo
1892 2822 2051 2872 etiam
2078 2826 2198 2872 tuus

339 2907 620 2958 ‹thuridans
649 2912 861 2957 emanet
883 2909 1064 2974 capite
1086 2907 1429 2976 fluentorum,
1457 2907 1603 2959 lioca
1625 2914 1675 2958 te
1693 2907 1931 2974 probari
1942 2909 2199 2967 volumus,

337 2997 547 3063 tuisque
583 2996 864 3062 rescriptis
903 2995 969 3046 de
1007 2996 1275 3045 communi
1299 2995 1732 3062 participatione
1777 2995 1936 3045 unius
1981 2997 2198 3062 gratiae

338 3083 629 3135 consolari.
683 3078 799 3148 Qua
825 3080 897 3133 illi
923 3079 1171 3151 allegoria
1198 3099 1307 3134 cum
1334 3090 1508 3134 rectae
1545 3079 1659 3132 fidei
1696 3080 1887 3133 fontem
1927 3097 2042 3133 esse
2069 3080 2197 3133 indi-

337 3180 455 3224 cant
493 3168 784 3223 Romanam
822 3167 997 3232 fidem,
1038 3177 1143 3220 tum
1175 3185 1300 3222 vero
1340 3167 1454 3222 fidei
1492 3167 1774 3220 doctrinam
1815 3186 1906 3221 sua
1948 3167 2197 3221 relatione

339 3258 652 3329 propositam
679 3267 870 3312 rectam
899 3274 1014 3309 esse
1041 3275 1143 3310 non
1169 3274 1320 3328 posse
1345 3255 1559 3308 innuunt
1575 3295 1589 3320 ,
1630 3255 1730 3308 nisi
1757 3275 1828 3308 ex
1855 3256 2028 3310 eodem
2056 3257 2196 3309 fonte

336 3345 387 3398 in
415 3347 636 3417 ejusdem
662 3346 774 3400 fidei
801 3343 1048 3399 unitatem
1074 3343 1300 3410 derivet3
1328 3362 1387 3398 ac
1414 3344 1599 3398 idcirco
1623 3344 1819 3415 quidem
1848 3363 1904 3398 se
1930 3344 1992 3397 ad
2004 3343 2197 3398 Roma-

336 3453 452 3487 nam
481 3433 648 3487 sedem
676 3434 730 3486 in
757 3451 911 3487 causa
938 3432 1221 3506 Pelagiana
1260 3432 1495 3486 retulisse
1535 3432 1854 3504 significant,
1892 3451 1994 3485 non
2033 3442 2089 3484 ut
2116 3451 2197 3486 re-

337 3532 466 3575 ctam
495 3521 641 3576 fidem
669 3521 883 3575 doceant
911 3522 1136 3576 eamdem
1163 3519 1449 3575 Romanam
1479 3521 1666 3586 sedem,
1695 3522 1782 3575 sed
1810 3530 1864 3573 ut
1890 3519 2196 3592 intelligant,

2276 505 2279 507 ·
2302 437 2314 563 ,ἰ
