2314 3984
768 228 1412 286 ——339--—-

183 397 549 451 lllustrissimus
576 394 859 449 Fenelonus
891 394 1308 467 Archiepiscopus
1329 392 1711 449 Cameracensis
1736 395 1788 447 in
1809 395 1999 450 Instru-

180 485 342 537 ctione
366 481 606 555 pastorali
631 480 725 533 diei
753 481 838 533 25.
866 480 1002 535 Junii
1027 481 1167 533 Anni
1194 478 1351 536 1‘714.

321 569 373 623 8.
412 568 506 621 His
532 567 822 640 praemissis
851 569 911 620 ad
938 566 1151 620 schisma
1167 565 1346 620 Aeacii
1370 564 1608 638 Episcopi
1637 565 1999 621 Constantino-

179 655 383 727 politani
417 654 722 708 accedamus.
775 652 831 706 In
869 672 1008 719 eum,
1045 653 1129 723 qui
1166 653 1228 705 ob
1266 652 1658 706 communionem
1694 673 1803 706 cum
1841 653 1997 708 Petro

180 741 367 812 Mongo
394 742 663 795 haereseos
689 750 880 806 notato,
906 758 998 793 nec
1023 739 1145 791 satis
1172 748 1384 810 purgato
1410 739 1462 790 in
1490 739 1703 808 ejusdem
1731 741 1998 794 haereseos

178 828 504 899 suspicionem
530 838 767 894 venerat,
803 827 1064 882 anathema
1091 843 1121 877 a
1147 822 1380 877 Romana
1406 823 1600 894 synodo
1626 825 1818 895 publice
1844 826 1997 878 latum

178 916 371 981 suerat3
409 915 516 986 ipse
548 933 669 968 vero
698 916 790 968 hoc
813 915 945 966 facto
983 910 1269 981 indignatus
1286 950 1299 974 ,
1339 908 1621 961 Romanum
1649 909 1941 964 Pontificem
1969 931 1996 964 e

178 1000 420 1071 diptychis
447 1018 758 1071 expungenS,
785 1018 840 1052 se
866 1016 920 1051 se
946 1014 1138 1066 quoque
1165 996 1225 1047 ab
1253 997 1359 1067 ejus
1386 995 1731 1049 communione
1756 999 1997 1068 sejunxe-

178 1096 281 1150 rat,
322 1096 370 1138 et
409 1097 631 1157 apertum
664 1086 878 1139 schisma
914 1084 1212 1137 confecerat.
1266 1079 1508 1148 Quaestio
1547 1089 1709 1133 autem
1748 1101 1996 1153 praesens

177 1190 278 1224 non
313 1172 444 1223 circa
477 1190 743 1242 personam
774 1169 949 1224 Aeacii
987 1176 1247 1232 versatur,
1286 1167 1373 1220 sed
1410 1165 1543 1218 circa
1582 1167 1817 1234 quosdam
1857 1170 1994 1221 eoin

177 1256 440 1310 schismate
465 1258 754 1329 implicitos,
782 1276 838 1310 ac
863 1256 1020 1329 primo
1050 1254 1186 1308 circa
1210 1251 1534 1325 Euphemium
1551 1291 1564 1315 ,
1594 1261 1643 1304 et
1669 1250 1725 1304 S.
1756 1252 1996 1309 Macedo-

178 1343 334 1406 nium,
363 1343 445 1411 qui
470 1343 659 1396 Acacio
685 1344 736 1396 in
763 1343 932 1396 eadem
959 1342 1075 1394 sede
1101 1358 1408 1393 successere.
1460 1337 1527 1388 Hi
1552 1356 1703 1407 porro
1730 1359 1830 1392 non
1856 1342 1995 1396 fove-

179 1438 291 1480 runt
317 1428 474 1500 ipsum
501 1429 742 1494 schisma,
786 1429 871 1481 sed
906 1427 1070 1499 potius
1104 1426 1237 1478 omni
1262 1426 1375 1478 nisu
1403 1425 1570 1478 conati
1597 1435 1737 1489 sunt,
1775 1437 1829 1478 ut
1854 1428 1994 1500 Apo-

177 1515 382 1567 stolicae
419 1515 551 1568 sedis
587 1515 977 1569 communionem
1004 1512 1191 1584 jamdiu
1222 1512 1424 1566 vivente
1449 1510 1639 1562 Acacio
1665 1512 1993 1587 interceptam

178 1611 489 1654 revocarent.
529 1601 845 1655 Annuissent
868 1600 1000 1654 votis
1026 1598 1288 1652 Romanae
1315 1598 1446 1652 sedis
1466 1596 1766 1651 Antistites:
1795 1611 1848 1651 at
1873 1621 1996 1671 quo-

177 1686 336 1738 minus
374 1687 421 1738 id
455 1689 703 1752 facerent,
742 1687 792 1738 in
829 1705 980 1739 causa
1014 1685 1107 1736 fuit
1142 1703 1321 1737 nomen
1354 1683 1555 1747 Acacii,
1604 1685 1729 1752 quod
1769 1704 1796 1737 e
1833 1689 1992 1740 sacris

176 1773 419 1844 diptychis
447 1773 828 1845 expungendum
846 1771 1152 1842 judicabant.
1204 1768 1288 1823 Ne
1316 1781 1480 1823 autem
1515 1769 1587 1820 illi
1613 1769 1770 1839 ipsum
1799 1790 1994 1843 expun-

174 1869 380 1927 gerent,
419 1878 518 1911 non
545 1879 606 1912 ea
631 1859 760 1911 ratio
786 1859 904 1923 fuit,
941 1857 1068 1926 quod
1092 1864 1330 1907 nutarent
1364 1857 1415 1908 in
1442 1856 1561 1918 fide,
1601 1873 1690 1924 pro
1727 1875 1822 1925 qua
1850 1861 1992 1913 ambo

174 1944 243 1995 ita
269 1944 561 1998 dimicarunt
587 1945 816 2015 egregie,
855 1955 911 1996 ut
935 1941 1157 1995 hostibus
1196 1943 1302 2012 ejus
1338 1961 1392 1995 se
1419 1960 1474 1994 se
1501 1941 1777 2011 objecerint
1804 1955 1991 2014 aperte,

178 2040 225 2082 et
261 2030 311 2081 in
351 2031 553 2083 exilium
591 2051 680 2102 pro
720 2032 890 2084 eadem
929 2030 1084 2102 pulsi,
1122 2028 1378 2098 praeclare
1413 2027 1591 2079 ibidem
1628 2028 1869 2082 obierint:
1907 2034 1992 2085 sed

179 2115 306 2167 aliae
332 2117 528 2168 fuerunt
555 2135 760 2181 causae,
799 2135 924 2186 quae
950 2135 1039 2187 pro
1067 2115 1170 2184 ejus
1197 2114 1434 2184 temporis
1473 2123 1522 2165 et
1547 2113 1643 2165 loci
1670 2115 1993 2171 circumstan-

177 2201 259 2251 tiis
287 2202 406 2253 satis
435 2221 587 2272 aeque
614 2203 783 2255 iisdem
810 2203 1120 2256 videbantur.
1161 2197 1299 2252 Inter
1325 2198 1613 2270 multiplicia
1638 2199 1747 2252 fidei
1773 2202 1991 2270 dissidia,

178 2306 301 2355 quac
338 2298 493 2340 totum
533 2288 791 2342 Orientem
828 2289 1196 2350 discindebant,
1251 2295 1397 2354 atque
1434 2285 1721 2350 turbabant,
1774 2288 1939 2343 delere
1966 2310 1993 2342 e

177 2373 419 2443 diptychis
447 2372 1028 2446 Constantinopolitanae
1056 2372 1295 2427 ecclesiae
1322 2389 1502 2423 nomen
1527 2370 1707 2424 Acacii
1732 2373 1993 2428 videbatur

176 2459 427 2511 dissidium
466 2479 565 2512 non
603 2463 710 2514 leve
737 2461 950 2513 dissidiis
979 2461 1157 2512 addere
1185 2476 1284 2509 non
1311 2457 1419 2510 sine
1446 2458 1591 2527 gravi
1615 2458 1834 2528 periculo
1862 2462 1989 2515 fidei.

176 2543 393 2615 Populus
430 2547 560 2599 enim
585 2547 764 2601 Aeacii
799 2564 979 2598 nomen
1006 2545 1176 2597 audire
1211 2542 1412 2607 solitus,
1453 2542 1494 2594 si
1522 2543 1799 2608 deleretur,
1837 2546 1991 2599 offen-

175 2648 283 2693 suS,
320 2651 502 2700 graves
529 2636 794 2697 tumultuS,
833 2642 883 2685 et
909 2631 1141 2684 scandala
1167 2629 1481 2682 excitaturus
1508 2629 1827 2681 credebatur:
1866 2651 1992 2702 quae

175 2716 407 2768 scandala
433 2718 709 2770 subindicat
732 2716 1008 2788 Imperator
1035 2714 1342 2766 Anastasius
1380 2714 1431 2765 in
1468 2714 1648 2766 litteris
1677 2718 1737 2768 ad
1763 2716 1992 2772 Hormis-

175 2802 284 2852 dam
312 2800 603 2856 Pontificem
631 2802 693 2873 (t.
723 2802 772 2854 5.
802 2799 996 2855 Concil.
1024 2801 1158 2854 Ven.
1187 2800 1302 2852 edit.
1332 2800 1424 2851 col.
1454 2799 1575 2852 573.
1596 2800 1647 2852 6.
1679 2799 1868 2855 Confer
1895 2807 1987 2858 col.

173 2886 294 2938 311.
325 2887 398 2957 c.)
426 2889 703 2958 eisdemque
729 2887 973 2940 scandalis
999 2887 1105 2958 ipse
1129 2884 1592 2956 ImperatorAcacii
1619 2887 1990 2943 amantissimus

172 2974 390 3026 favorem
418 2974 748 3046 praestiturus
774 2973 926 3026 fuisse
952 2973 1162 3026 videtur.
1216 2970 1383 3024 Notae
1411 2981 1526 3023 sunt
1564 2972 1740 3025 turbae
1765 2993 1912 3044 pares
1938 2976 1988 3028 in

174 3058 301 3112 Asia
327 3061 529 3131 aliisque
555 3060 824 3132 provinciis
851 3059 1124 3123 excitatae,
1153 3077 1259 3111 cum
1287 3059 1471 3128 aliquot
1499 3076 1656 3111 annos
1682 3068 1796 3128 post
1816 3060 1874 3113 de
1895 3079 1988 3114 ex-

174 3147 443 3214 pungendis
466 3147 574 3199 aliis
593 3145 855 3218 Episcopis
870 3145 1049 3198 Aeacii
1075 3145 1318 3214 quondam
1346 3143 1843 3198 communicatoribus
1870 3165 1988 3218 age-

174 3239 338 3294 retur,
386 3229 548 3299 Apud
572 3252 728 3302 quos,
773 3232 931 3302 inquit
966 3230 1273 3303 Epiphanius
1314 3230 1374 3282 ad
1413 3231 1633 3284 eumdem
1669 3228 1987 3286 Hormisdam

174 3313 270 3382 (ihi
299 3315 390 3368 col.
418 3315 541 3370 669.
562 3317 654 3385 c.),
681 3323 893 3371 nomina
920 3320 1184 3388 quondam
1210 3320 1546 3370 sacerdotum
1571 3335 1784 3369 suorum
1810 3326 1987 3373 tacere

171 3402 395 3469 difficile
422 3410 473 3454 et
496 3405 814 3470 impossibile
854 3424 965 3458 esse
991 3407 1227 3464 videtur,
1265 3410 1516 3472 tantaque
1552 3422 1732 3456 eorum
1757 3406 1987 3460 obstina-

1532 3488 1641 3541 22*
