<?xml version="1.0" encoding="UTF-8"?>
<!DOCTYPE html PUBLIC "-//W3C//DTD XHTML 1.0 Transitional//EN"
    "http://www.w3.org/TR/xhtml1/DTD/xhtml1-transitional.dtd">
<html xmlns="http://www.w3.org/1999/xhtml" xml:lang="en" lang="en">
 <head>
  <title>
</title>
<meta http-equiv="Content-Type" content="text/html;charset=utf-8" />
  <meta name='ocr-system' content='tesseract 3.04.00' />
  <meta name='ocr-capabilities' content='ocr_page ocr_carea ocr_par ocr_line ocrx_word'/>
</head>
<body>
  <div class='ocr_page' id='page_1' title='image "a546178500balluoft_0429.png"; bbox 0 0 2314 3984; ppageno 0'>
   <div class='ocr_carea' id='block_1_1' title="bbox 690 253 1337 312">
    <p class='ocr_par' dir='ltr' id='par_1_1' title="bbox 690 253 1337 312">
     <span class='ocr_line' id='line_1_1' title="bbox 690 253 1337 312; baseline 0.003 -1"><span class='ocrx_word' id='word_1_1' title='bbox 690 253 1337 312; x_wconf 81' lang='lat'>--—-397—--</span> 
     </span>
    </p>
   </div>
   <div class='ocr_carea' id='block_1_2' title="bbox 99 409 1925 2661">
    <p class='ocr_par' dir='ltr' id='par_1_2' title="bbox 99 409 1905 530">
     <span class='ocr_line' id='line_1_2' title="bbox 99 409 1905 478; baseline -0.002 -7"><span class='ocrx_word' id='word_1_2' title='bbox 99 409 302 472; x_wconf 75' lang='lat' dir='ltr'><strong>.vicarii</strong></span> <span class='ocrx_word' id='word_1_3' title='bbox 332 439 478 468; x_wconf 90' lang='lat' dir='ltr'><strong>nomen</strong></span> <span class='ocrx_word' id='word_1_4' title='bbox 508 426 560 468; x_wconf 90' lang='lat' dir='ltr'><strong>de</strong></span> <span class='ocrx_word' id='word_1_5' title='bbox 589 437 830 468; x_wconf 85' lang='lat' dir='ltr'><strong>successore</strong></span> <span class='ocrx_word' id='word_1_6' title='bbox 872 425 1015 468; x_wconf 89' lang='lat' dir='ltr'><strong>eadem</strong></span> <span class='ocrx_word' id='word_1_7' title='bbox 1055 426 1269 468; x_wconf 83' lang='lat' dir='ltr'><strong>ordinaria</strong></span> <span class='ocrx_word' id='word_1_8' title='bbox 1299 424 1594 477; x_wconf 72' lang='lat' dir='ltr'><strong>Jurisdictione</strong></span> <span class='ocrx_word' id='word_1_9' title='bbox 1634 425 1823 478; x_wconf 83' lang='lat' dir='ltr'><strong>praedito</strong></span> <span class='ocrx_word' id='word_1_10' title='bbox 1854 438 1905 468; x_wconf 87' lang='lat' dir='ltr'><strong>ac</strong></span> 
     </span>
     <span class='ocr_line' id='line_1_3' title="bbox 167 488 1665 530; baseline -0.001 0"><span class='ocrx_word' id='word_1_11' title='bbox 167 501 214 530; x_wconf 92' lang='lat' dir='ltr'><strong>ce</strong></span> <span class='ocrx_word' id='word_1_12' title='bbox 244 491 343 527; x_wconf 90' lang='lat' dir='ltr'><strong>tum.</strong></span> <span class='ocrx_word' id='word_1_13' title='bbox 373 488 416 527; x_wconf 90' lang='grc'><strong>5.</strong></span> <span class='ocrx_word' id='word_1_14' title='bbox 1661 504 1665 507; x_wconf 55' lang='grc'>’</span> 
     </span>
    </p>

    <p class='ocr_par' dir='ltr' id='par_1_3' title="bbox 108 501 1922 646">
     <span class='ocr_line' id='line_1_4' title="bbox 108 501 1922 601; baseline -0.001 -13"><span class='ocrx_word' id='word_1_15' title='bbox 108 501 247 600; x_wconf 56' lang='lat' dir='ltr'><strong>Vigili’i</strong></span> <span class='ocrx_word' id='word_1_16' title='bbox 268 547 407 598; x_wconf 87' lang='lat' dir='ltr'><strong>Papae</strong></span> <span class='ocrx_word' id='word_1_17' title='bbox 436 557 544 585; x_wconf 89' lang='lat' dir='ltr'><strong>nunc</strong></span> <span class='ocrx_word' id='word_1_18' title='bbox 573 545 801 596; x_wconf 86' lang='lat' dir='ltr'><strong>probantis,</strong></span> <span class='ocrx_word' id='word_1_19' title='bbox 834 556 939 585; x_wconf 90' lang='lat' dir='ltr'><strong>nunc</strong></span> <span class='ocrx_word' id='word_1_20' title='bbox 970 544 1232 597; x_wconf 88' lang='lat' dir='ltr'><strong>reprobantis</strong></span> <span class='ocrx_word' id='word_1_21' title='bbox 1263 543 1346 601; x_wconf 78' lang='lat' dir='ltr'><strong>tria</strong></span> <span class='ocrx_word' id='word_1_22' title='bbox 1375 544 1560 597; x_wconf 87' lang='lat' dir='ltr'><strong>capitula</strong></span> <span class='ocrx_word' id='word_1_23' title='bbox 1588 544 1740 585; x_wconf 80' lang='lat' dir='ltr'><strong>sactum</strong></span> <span class='ocrx_word' id='word_1_24' title='bbox 1771 555 1922 598; x_wconf 80' lang='lat' dir='ltr'><strong>expen-</strong></span> 
     </span>
     <span class='ocr_line' id='line_1_5' title="bbox 167 604 756 646; baseline -0.005 0"><span class='ocrx_word' id='word_1_25' title='bbox 167 619 254 646; x_wconf 90' lang='lat' dir='ltr'><strong>sum</strong></span> <span class='ocrx_word' id='word_1_26' title='bbox 285 611 328 645; x_wconf 91' lang='lat' dir='ltr'><strong>et</strong></span> <span class='ocrx_word' id='word_1_27' title='bbox 357 604 622 644; x_wconf 87' lang='lat' dir='ltr'><strong>vindicatum.</strong></span> <span class='ocrx_word' id='word_1_28' title='bbox 654 605 756 644; x_wconf 81' lang='grc'><strong>317.</strong></span> 
     </span>
    </p>

    <p class='ocr_par' dir='ltr' id='par_1_4' title="bbox 108 661 1922 884">
     <span class='ocr_line' id='line_1_6' title="bbox 108 661 1922 715; baseline -0.003 -7"><span class='ocrx_word' id='word_1_29' title='bbox 108 668 252 707; x_wconf 89' lang='lat' dir='ltr'><strong>Unitas</strong></span> <span class='ocrx_word' id='word_1_30' title='bbox 283 663 498 704; x_wconf 79' lang='lat' dir='ltr'><strong>Ecclesiae</strong></span> <span class='ocrx_word' id='word_1_31' title='bbox 527 663 705 702; x_wconf 84' lang='lat' dir='ltr'><strong>visibilis</strong></span> <span class='ocrx_word' id='word_1_32' title='bbox 735 663 911 715; x_wconf 83' lang='lat' dir='ltr'><strong>duplex,</strong></span> <span class='ocrx_word' id='word_1_33' title='bbox 956 662 1091 702; x_wconf 85' lang='lat' dir='ltr'><strong>altera</strong></span> <span class='ocrx_word' id='word_1_34' title='bbox 1117 661 1238 712; x_wconf 86' lang='lat' dir='ltr'><strong>fidei,</strong></span> <span class='ocrx_word' id='word_1_35' title='bbox 1276 662 1411 702; x_wconf 87' lang='lat' dir='ltr'><strong>altera</strong></span> <span class='ocrx_word' id='word_1_36' title='bbox 1450 662 1666 712; x_wconf 83' lang='lat' dir='ltr'><strong>caritatis,</strong></span> <span class='ocrx_word' id='word_1_37' title='bbox 1709 675 1783 703; x_wconf 88' lang='lat' dir='ltr'><strong>seu</strong></span> <span class='ocrx_word' id='word_1_38' title='bbox 1815 675 1922 704; x_wconf 91' lang='lat' dir='ltr'><strong>com-</strong></span> 
     </span>
     <span class='ocr_line' id='line_1_7' title="bbox 166 719 1920 774; baseline -0.002 -9"><span class='ocrx_word' id='word_1_39' title='bbox 166 723 383 766; x_wconf 77' lang='lat' dir='ltr'><strong>munionis.</strong></span> <span class='ocrx_word' id='word_1_40' title='bbox 414 723 487 763; x_wconf 84' lang='lat'><strong>48.</strong></span> <span class='ocrx_word' id='word_1_41' title='bbox 550 723 732 774; x_wconf 91' lang='lat' dir='ltr'><strong>Utraque</strong></span> <span class='ocrx_word' id='word_1_42' title='bbox 762 722 1001 762; x_wconf 85' lang='lat' dir='ltr'><strong>necessaria</strong></span> <span class='ocrx_word' id='word_1_43' title='bbox 1029 719 1272 771; x_wconf 75' lang='lat' dir='ltr'><strong>Ecclesiae,</strong></span> <span class='ocrx_word' id='word_1_44' title='bbox 1316 725 1359 762; x_wconf 93' lang='lat' dir='ltr'><strong>et</strong></span> <span class='ocrx_word' id='word_1_45' title='bbox 1390 721 1566 773; x_wconf 86' lang='lat' dir='ltr'><strong>singulis</strong></span> <span class='ocrx_word' id='word_1_46' title='bbox 1597 724 1685 774; x_wconf 88' lang='lat' dir='ltr'><strong>ejus</strong></span> <span class='ocrx_word' id='word_1_47' title='bbox 1717 723 1920 770; x_wconf 86' lang='lat' dir='ltr'><strong>membris,</strong></span> 
     </span>
     <span class='ocr_line' id='line_1_8' title="bbox 165 780 1922 834; baseline -0.001 -10"><span class='ocrx_word' id='word_1_48' title='bbox 165 784 240 824; x_wconf 88' lang='lat' dir='ltr'><strong>sed</strong></span> <span class='ocrx_word' id='word_1_49' title='bbox 267 782 408 834; x_wconf 90' lang='lat' dir='ltr'><strong>potior</strong></span> <span class='ocrx_word' id='word_1_50' title='bbox 439 782 575 822; x_wconf 89' lang='lat' dir='ltr'><strong>unitas</strong></span> <span class='ocrx_word' id='word_1_51' title='bbox 606 781 701 822; x_wconf 85' lang='lat' dir='ltr'><strong>fidei</strong></span> <span class='ocrx_word' id='word_1_52' title='bbox 733 782 785 821; x_wconf 91' lang='lat' dir='ltr'><strong>ob</strong></span> <span class='ocrx_word' id='word_1_53' title='bbox 816 794 935 833; x_wconf 89' lang='lat' dir='ltr'><strong>quam</strong></span> <span class='ocrx_word' id='word_1_54' title='bbox 965 780 1156 821; x_wconf 89' lang='lat' dir='ltr'><strong>caritatis</strong></span> <span class='ocrx_word' id='word_1_55' title='bbox 1187 783 1230 820; x_wconf 87' lang='lat' dir='ltr'><strong>et</strong></span> <span class='ocrx_word' id='word_1_56' title='bbox 1262 781 1559 821; x_wconf 86' lang='lat' dir='ltr'><strong>communionis</strong></span> <span class='ocrx_word' id='word_1_57' title='bbox 1590 782 1727 822; x_wconf 89' lang='lat' dir='ltr'><strong>unitas</strong></span> <span class='ocrx_word' id='word_1_58' title='bbox 1758 786 1821 823; x_wconf 90' lang='lat' dir='ltr'><strong>est</strong></span> <span class='ocrx_word' id='word_1_59' title='bbox 1853 794 1922 822; x_wconf 88' lang='lat' dir='ltr'><strong>ne-</strong></span> 
     </span>
     <span class='ocr_line' id='line_1_9' title="bbox 167 841 469 884; baseline -0.017 0"><span class='ocrx_word' id='word_1_60' title='bbox 167 842 364 884; x_wconf 88' lang='lat' dir='ltr'><strong>cessaria.</strong></span> <span class='ocrx_word' id='word_1_61' title='bbox 397 841 469 881; x_wconf 83' lang='lat'><strong>49.</strong></span> 
     </span>
    </p>

    <p class='ocr_par' dir='ltr' id='par_1_5' title="bbox 108 897 1922 1130">
     <span class='ocr_line' id='line_1_10' title="bbox 108 897 1920 951; baseline -0.001 -9"><span class='ocrx_word' id='word_1_62' title='bbox 108 902 289 943; x_wconf 90' lang='lat' dir='ltr'><strong>Unitatis</strong></span> <span class='ocrx_word' id='word_1_63' title='bbox 327 904 510 940; x_wconf 80' lang='lat' dir='ltr'><strong>centrum</strong></span> <span class='ocrx_word' id='word_1_64' title='bbox 552 903 595 940; x_wconf 91' lang='lat' dir='ltr'><strong>et</strong></span> <span class='ocrx_word' id='word_1_65' title='bbox 632 900 749 951; x_wconf 84' lang='lat' dir='ltr'><strong>origo</strong></span> <span class='ocrx_word' id='word_1_66' title='bbox 792 900 833 938; x_wconf 93' lang='lat' dir='ltr'><strong>in</strong></span> <span class='ocrx_word' id='word_1_67' title='bbox 866 900 1051 939; x_wconf 87' lang='lat' dir='ltr'><strong>Romana</strong></span> <span class='ocrx_word' id='word_1_68' title='bbox 1080 897 1202 945; x_wconf 89' lang='lat' dir='ltr'><strong>sede,</strong></span> <span class='ocrx_word' id='word_1_69' title='bbox 1244 910 1319 937; x_wconf 91' lang='lat' dir='ltr'><strong>seu</strong></span> <span class='ocrx_word' id='word_1_70' title='bbox 1350 897 1548 939; x_wconf 83' lang='lat' dir='ltr'><strong>cathedra</strong></span> <span class='ocrx_word' id='word_1_71' title='bbox 1579 900 1624 939; x_wconf 85' lang='lat' dir='ltr'><strong>S.</strong></span> <span class='ocrx_word' id='word_1_72' title='bbox 1655 899 1787 940; x_wconf 89' lang='lat' dir='ltr'><strong>Petri.</strong></span> <span class='ocrx_word' id='word_1_73' title='bbox 1820 899 1920 940; x_wconf 85' lang='grc'><strong>112.</strong></span> 
     </span>
     <span class='ocr_line' id='line_1_11' title="bbox 169 958 1922 1010; baseline 0 -11"><span class='ocrx_word' id='word_1_74' title='bbox 169 960 347 1001; x_wconf 86' lang='lat' dir='ltr'><strong>Unitatis</strong></span> <span class='ocrx_word' id='word_1_75' title='bbox 386 958 694 999; x_wconf 87' lang='lat' dir='ltr'><strong>conservandae</strong></span> <span class='ocrx_word' id='word_1_76' title='bbox 735 970 862 998; x_wconf 87' lang='lat' dir='ltr'><strong>causa</strong></span> <span class='ocrx_word' id='word_1_77' title='bbox 894 959 1107 998; x_wconf 84' lang='lat' dir='ltr'><strong>institutus</strong></span> <span class='ocrx_word' id='word_1_78' title='bbox 1148 960 1191 996; x_wconf 85' lang='lat' dir='ltr'><strong>et</strong></span> <span class='ocrx_word' id='word_1_79' title='bbox 1231 958 1495 997; x_wconf 88' lang='lat' dir='ltr'><strong>necessarius</strong></span> <span class='ocrx_word' id='word_1_80' title='bbox 1531 959 1734 1010; x_wconf 73' lang='lat' dir='ltr'><strong>primatus</strong></span> <span class='ocrx_word' id='word_1_81' title='bbox 1778 961 1922 999; x_wconf 88' lang='lat' dir='ltr'><strong>summi</strong></span> 
     </span>
     <span class='ocr_line' id='line_1_12' title="bbox 166 1016 1922 1069; baseline 0 -11"><span class='ocrx_word' id='word_1_82' title='bbox 166 1018 395 1059; x_wconf 87' lang='lat' dir='ltr'><strong>Pontificis.</strong></span> <span class='ocrx_word' id='word_1_83' title='bbox 425 1019 499 1058; x_wconf 89' lang='grc'><strong>32.</strong></span> <span class='ocrx_word' id='word_1_84' title='bbox 531 1023 573 1058; x_wconf 88' lang='lat' dir='ltr'><strong>et</strong></span> <span class='ocrx_word' id='word_1_85' title='bbox 604 1031 720 1069; x_wconf 84' lang='lat' dir='ltr'><strong>seqq.</strong></span> <span class='ocrx_word' id='word_1_86' title='bbox 751 1017 965 1069; x_wconf 87' lang='lat' dir='ltr'><strong>praeditus</strong></span> <span class='ocrx_word' id='word_1_87' title='bbox 995 1016 1037 1055; x_wconf 82' lang='lat' dir='ltr'><strong>vi</strong></span> <span class='ocrx_word' id='word_1_88' title='bbox 1069 1016 1260 1056; x_wconf 83' lang='lat' dir='ltr'><strong>coactiva</strong></span> <span class='ocrx_word' id='word_1_89' title='bbox 1284 1018 1379 1067; x_wconf 84' lang='lat' dir='ltr'><strong>jure</strong></span> <span class='ocrx_word' id='word_1_90' title='bbox 1397 1017 1540 1057; x_wconf 92' lang='lat' dir='ltr'><strong>divino</strong></span> <span class='ocrx_word' id='word_1_91' title='bbox 1569 1018 1773 1058; x_wconf 87' lang='lat' dir='ltr'><strong>attributa</strong></span> <span class='ocrx_word' id='word_1_92' title='bbox 1790 1019 1922 1059; x_wconf 88' lang='lat' dir='ltr'><strong>eidem</strong></span> 
     </span>
     <span class='ocr_line' id='line_1_13' title="bbox 166 1074 1545 1130; baseline -0.002 -13"><span class='ocrx_word' id='word_1_93' title='bbox 166 1079 330 1130; x_wconf 89' lang='lat' dir='ltr'><strong>primati</strong></span> <span class='ocrx_word' id='word_1_94' title='bbox 362 1081 460 1128; x_wconf 92' lang='lat' dir='ltr'><strong>apta</strong></span> <span class='ocrx_word' id='word_1_95' title='bbox 489 1077 542 1116; x_wconf 92' lang='lat' dir='ltr'><strong>ad</strong></span> <span class='ocrx_word' id='word_1_96' title='bbox 574 1077 773 1116; x_wconf 88' lang='lat' dir='ltr'><strong>unitatem</strong></span> <span class='ocrx_word' id='word_1_97' title='bbox 804 1074 1128 1116; x_wconf 88' lang='lat' dir='ltr'><strong>conservandam</strong></span> <span class='ocrx_word' id='word_1_98' title='bbox 1159 1076 1202 1114; x_wconf 92' lang='lat' dir='ltr'><strong>in</strong></span> <span class='ocrx_word' id='word_1_99' title='bbox 1232 1075 1440 1115; x_wconf 75' lang='lat' dir='ltr'><strong>Ecclesia.</strong></span> <span class='ocrx_word' id='word_1_100' title='bbox 1470 1075 1545 1115; x_wconf 86' lang='lat'><strong>40.</strong></span> 
     </span>
    </p>

    <p class='ocr_par' dir='ltr' id='par_1_6' title="bbox 109 1133 1924 1412">
     <span class='ocr_line' id='line_1_14' title="bbox 109 1133 1923 1186; baseline -0.001 -8"><span class='ocrx_word' id='word_1_101' title='bbox 109 1140 253 1178; x_wconf 88' lang='lat' dir='ltr'><strong>Unitas</strong></span> <span class='ocrx_word' id='word_1_102' title='bbox 285 1135 578 1176; x_wconf 84' lang='lat' dir='ltr'><strong>communionis</strong></span> <span class='ocrx_word' id='word_1_103' title='bbox 609 1146 699 1175; x_wconf 92' lang='lat' dir='ltr'><strong>cum</strong></span> <span class='ocrx_word' id='word_1_104' title='bbox 730 1136 895 1174; x_wconf 88' lang='lat' dir='ltr'><strong>summis</strong></span> <span class='ocrx_word' id='word_1_105' title='bbox 924 1133 1196 1174; x_wconf 86' lang='lat' dir='ltr'><strong>Pontificibus</strong></span> <span class='ocrx_word' id='word_1_106' title='bbox 1238 1135 1388 1186; x_wconf 90' lang='lat' dir='ltr'><strong>cuique</strong></span> <span class='ocrx_word' id='word_1_107' title='bbox 1417 1134 1654 1175; x_wconf 86' lang='lat' dir='ltr'><strong>Christiano</strong></span> <span class='ocrx_word' id='word_1_108' title='bbox 1685 1137 1923 1176; x_wconf 87' lang='lat' dir='ltr'><strong>necessaria</strong></span> 
     </span>
     <span class='ocr_line' id='line_1_15' title="bbox 166 1193 1924 1245; baseline -0.001 -10"><span class='ocrx_word' id='word_1_109' title='bbox 166 1200 243 1235; x_wconf 86' lang='lat' dir='ltr'><strong>est.</strong></span> <span class='ocrx_word' id='word_1_110' title='bbox 275 1195 347 1234; x_wconf 82' lang='lat'><strong>53.</strong></span> <span class='ocrx_word' id='word_1_111' title='bbox 378 1194 482 1233; x_wconf 87' lang='lat'><strong>225.</strong></span> <span class='ocrx_word' id='word_1_112' title='bbox 528 1195 626 1233; x_wconf 91' lang='lat' dir='ltr'><strong>Cur.</strong></span> <span class='ocrx_word' id='word_1_113' title='bbox 659 1194 730 1233; x_wconf 82' lang='lat'><strong>62.</strong></span> <span class='ocrx_word' id='word_1_114' title='bbox 793 1194 1006 1238; x_wconf 88' lang='lat' dir='ltr'><strong>Quomodo</strong></span> <span class='ocrx_word' id='word_1_115' title='bbox 1048 1194 1246 1234; x_wconf 84' lang='lat' dir='ltr'><strong>formetur</strong></span> <span class='ocrx_word' id='word_1_116' title='bbox 1285 1193 1388 1233; x_wconf 91' lang='lat' dir='ltr'><strong>haec</strong></span> <span class='ocrx_word' id='word_1_117' title='bbox 1430 1194 1593 1240; x_wconf 86' lang='lat' dir='ltr'><strong>unitas,</strong></span> <span class='ocrx_word' id='word_1_118' title='bbox 1637 1197 1679 1233; x_wconf 91' lang='lat' dir='ltr'><strong>et</strong></span> <span class='ocrx_word' id='word_1_119' title='bbox 1721 1198 1924 1245; x_wconf 88' lang='lat' dir='ltr'><strong>quatenus</strong></span> 
     </span>
     <span class='ocr_line' id='line_1_16' title="bbox 167 1253 1924 1305; baseline 0 -11"><span class='ocrx_word' id='word_1_120' title='bbox 167 1267 287 1294; x_wconf 87' lang='lat' dir='ltr'><strong>unam</strong></span> <span class='ocrx_word' id='word_1_121' title='bbox 318 1253 549 1293; x_wconf 83' lang='lat' dir='ltr'><strong>Ecclesiam</strong></span> <span class='ocrx_word' id='word_1_122' title='bbox 589 1254 831 1292; x_wconf 88' lang='lat' dir='ltr'><strong>constituat.</strong></span> <span class='ocrx_word' id='word_1_123' title='bbox 863 1253 936 1293; x_wconf 87' lang='lat'><strong>54.</strong></span> <span class='ocrx_word' id='word_1_124' title='bbox 970 1256 1012 1292; x_wconf 91' lang='lat' dir='ltr'><strong>et</strong></span> <span class='ocrx_word' id='word_1_125' title='bbox 1043 1265 1158 1304; x_wconf 84' lang='lat' dir='ltr'><strong>seqq.</strong></span> <span class='ocrx_word' id='word_1_126' title='bbox 1218 1254 1365 1293; x_wconf 77' lang='lat' dir='ltr'><strong>inanes</strong></span> <span class='ocrx_word' id='word_1_127' title='bbox 1395 1253 1722 1305; x_wconf 77' lang='lat' dir='ltr'><strong>protestationes</strong></span> <span class='ocrx_word' id='word_1_128' title='bbox 1751 1255 1924 1295; x_wconf 88' lang='lat' dir='ltr'><strong>unitatis</strong></span> 
     </span>
     <span class='ocr_line' id='line_1_17' title="bbox 166 1311 1922 1366; baseline 0.001 -13"><span class='ocrx_word' id='word_1_129' title='bbox 166 1327 255 1353; x_wconf 89' lang='lat' dir='ltr'><strong>cum</strong></span> <span class='ocrx_word' id='word_1_130' title='bbox 286 1311 484 1352; x_wconf 83' lang='lat' dir='ltr'><strong>cathedra</strong></span> <span class='ocrx_word' id='word_1_131' title='bbox 515 1313 658 1352; x_wconf 88' lang='lat' dir='ltr'><strong>Sancti</strong></span> <span class='ocrx_word' id='word_1_132' title='bbox 690 1313 800 1352; x_wconf 87' lang='lat' dir='ltr'><strong>Petri</strong></span> <span class='ocrx_word' id='word_1_133' title='bbox 834 1313 884 1351; x_wconf 82' lang='lat' dir='ltr'><strong>ab</strong></span> <span class='ocrx_word' id='word_1_134' title='bbox 916 1313 968 1352; x_wconf 91' lang='lat' dir='ltr'><strong>iis</strong></span> <span class='ocrx_word' id='word_1_135' title='bbox 1000 1312 1160 1358; x_wconf 84' lang='lat' dir='ltr'><strong>factae,</strong></span> <span class='ocrx_word' id='word_1_136' title='bbox 1203 1313 1271 1364; x_wconf 90' lang='lat' dir='ltr'><strong>qui</strong></span> <span class='ocrx_word' id='word_1_137' title='bbox 1303 1313 1503 1352; x_wconf 88' lang='lat' dir='ltr'><strong>resistunt</strong></span> <span class='ocrx_word' id='word_1_138' title='bbox 1546 1313 1786 1353; x_wconf 83' lang='lat' dir='ltr'><strong>auctoritati</strong></span> <span class='ocrx_word' id='word_1_139' title='bbox 1818 1315 1922 1366; x_wconf 87' lang='lat' dir='ltr'><strong>Apo-</strong></span> 
     </span>
     <span class='ocr_line' id='line_1_18' title="bbox 166 1371 1044 1412; baseline -0.002 -1"><span class='ocrx_word' id='word_1_140' title='bbox 166 1373 352 1412; x_wconf 84' lang='lat' dir='ltr'><strong>stolicae.</strong></span> <span class='ocrx_word' id='word_1_141' title='bbox 385 1371 456 1410; x_wconf 89' lang='lat'><strong>42.</strong></span> <span class='ocrx_word' id='word_1_142' title='bbox 488 1371 559 1411; x_wconf 90' lang='grc'><strong>43.</strong></span> <span class='ocrx_word' id='word_1_143' title='bbox 593 1372 694 1410; x_wconf 88' lang='grc'><strong>329.</strong></span> <span class='ocrx_word' id='word_1_144' title='bbox 723 1372 763 1410; x_wconf 83' lang='grc' dir='ltr'><strong>ἰη</strong></span> <span class='ocrx_word' id='word_1_145' title='bbox 796 1375 910 1410; x_wconf 89' lang='lat' dir='ltr'><strong>nota.</strong></span> <span class='ocrx_word' id='word_1_146' title='bbox 941 1371 1044 1410; x_wconf 82' lang='lat'><strong>338.</strong></span> 
     </span>
    </p>

    <p class='ocr_par' dir='ltr' id='par_1_7' title="bbox 108 1429 1925 1955">
     <span class='ocr_line' id='line_1_19' title="bbox 108 1429 1920 1481; baseline 0 -10"><span class='ocrx_word' id='word_1_147' title='bbox 108 1434 251 1471; x_wconf 81' lang='lat' dir='ltr'><strong>Unitas</strong></span> <span class='ocrx_word' id='word_1_148' title='bbox 291 1430 389 1470; x_wconf 87' lang='lat' dir='ltr'><strong>fidei</strong></span> <span class='ocrx_word' id='word_1_149' title='bbox 429 1431 592 1469; x_wconf 90' lang='lat' dir='ltr'><strong>ratione</strong></span> <span class='ocrx_word' id='word_1_150' title='bbox 634 1431 831 1481; x_wconf 83' lang='lat' dir='ltr'><strong>primatus</strong></span> <span class='ocrx_word' id='word_1_151' title='bbox 877 1429 1115 1470; x_wconf 88' lang='lat' dir='ltr'><strong>necessaria</strong></span> <span class='ocrx_word' id='word_1_152' title='bbox 1157 1441 1247 1470; x_wconf 90' lang='lat' dir='ltr'><strong>cum</strong></span> <span class='ocrx_word' id='word_1_153' title='bbox 1278 1429 1360 1470; x_wconf 81' lang='lat' dir='ltr'><strong>fide</strong></span> <span class='ocrx_word' id='word_1_154' title='bbox 1392 1431 1537 1470; x_wconf 88' lang='lat' dir='ltr'><strong>Sancti</strong></span> <span class='ocrx_word' id='word_1_155' title='bbox 1570 1431 1685 1471; x_wconf 87' lang='lat' dir='ltr'><strong>Petri</strong></span> <span class='ocrx_word' id='word_1_156' title='bbox 1719 1443 1770 1471; x_wconf 86' lang='lat' dir='ltr'><strong>ex</strong></span> <span class='ocrx_word' id='word_1_157' title='bbox 1802 1435 1920 1471; x_wconf 86' lang='lat' dir='ltr'><strong>textu</strong></span> 
     </span>
     <span class='ocr_line' id='line_1_20' title="bbox 166 1489 1922 1541; baseline 0.001 -12"><span class='ocrx_word' id='word_1_158' title='bbox 166 1490 364 1529; x_wconf 88' lang='lat' dir='ltr'><strong>Matthaei</strong></span> <span class='ocrx_word' id='word_1_159' title='bbox 396 1501 487 1540; x_wconf 86' lang='lat' dir='ltr'><strong>cap.</strong></span> <span class='ocrx_word' id='word_1_160' title='bbox 523 1490 593 1529; x_wconf 88' lang='grc'><strong>16.</strong></span> <span class='ocrx_word' id='word_1_161' title='bbox 626 1491 799 1529; x_wconf 87' lang='lat' dir='ltr'><strong>eruitur.</strong></span> <span class='ocrx_word' id='word_1_162' title='bbox 831 1489 904 1528; x_wconf 92' lang='grc'><strong>81.</strong></span> <span class='ocrx_word' id='word_1_163' title='bbox 942 1501 1020 1528; x_wconf 90' lang='lat' dir='ltr'><strong>nec</strong></span> <span class='ocrx_word' id='word_1_164' title='bbox 1049 1500 1131 1528; x_wconf 92' lang='lat' dir='ltr'><strong>non</strong></span> <span class='ocrx_word' id='word_1_165' title='bbox 1162 1501 1254 1530; x_wconf 91' lang='lat' dir='ltr'><strong>cum</strong></span> <span class='ocrx_word' id='word_1_166' title='bbox 1284 1489 1366 1529; x_wconf 88' lang='lat' dir='ltr'><strong>fide</strong></span> <span class='ocrx_word' id='word_1_167' title='bbox 1398 1501 1684 1529; x_wconf 89' lang='lat' dir='ltr'><strong>successorum</strong></span> <span class='ocrx_word' id='word_1_168' title='bbox 1715 1492 1817 1541; x_wconf 78' lang='lat' dir='ltr'><strong>eJus.</strong></span> <span class='ocrx_word' id='word_1_169' title='bbox 1848 1492 1922 1531; x_wconf 84' lang='lat'><strong>86.</strong></span> 
     </span>
     <span class='ocr_line' id='line_1_21' title="bbox 165 1547 1923 1601; baseline 0.001 -12"><span class='ocrx_word' id='word_1_170' title='bbox 165 1549 354 1589; x_wconf 83' lang='lat' dir='ltr'><strong>Officium</strong></span> <span class='ocrx_word' id='word_1_171' title='bbox 387 1547 651 1588; x_wconf 86' lang='lat' dir='ltr'><strong>confirmandi</strong></span> <span class='ocrx_word' id='word_1_172' title='bbox 683 1549 834 1588; x_wconf 84' lang='lat' dir='ltr'><strong>fratres</strong></span> <span class='ocrx_word' id='word_1_173' title='bbox 863 1552 1063 1599; x_wconf 90' lang='lat' dir='ltr'><strong>quatenus</strong></span> <span class='ocrx_word' id='word_1_174' title='bbox 1093 1549 1218 1588; x_wconf 88' lang='lat' dir='ltr'><strong>Petro</strong></span> <span class='ocrx_word' id='word_1_175' title='bbox 1250 1550 1470 1601; x_wconf 82' lang='lat' dir='ltr'><strong>speciatim</strong></span> <span class='ocrx_word' id='word_1_176' title='bbox 1501 1550 1776 1599; x_wconf 85' lang='lat' dir='ltr'><strong>commissum,</strong></span> <span class='ocrx_word' id='word_1_177' title='bbox 1819 1551 1923 1590; x_wconf 79' lang='lat' dir='ltr'><strong>rese-</strong></span> 
     </span>
     <span class='ocr_line' id='line_1_22' title="bbox 169 1607 1921 1665; baseline 0.002 -19"><span class='ocrx_word' id='word_1_178' title='bbox 169 1612 283 1647; x_wconf 85' lang='lat' dir='ltr'><strong>ratur</strong></span> <span class='ocrx_word' id='word_1_179' title='bbox 314 1607 368 1646; x_wconf 91' lang='lat' dir='ltr'><strong>ad</strong></span> <span class='ocrx_word' id='word_1_180' title='bbox 399 1608 639 1659; x_wconf 89' lang='lat' dir='ltr'><strong>primatum,</strong></span> <span class='ocrx_word' id='word_1_181' title='bbox 683 1611 808 1659; x_wconf 92' lang='lat' dir='ltr'><strong>atque</strong></span> <span class='ocrx_word' id='word_1_182' title='bbox 849 1609 1127 1648; x_wconf 86' lang='lat' dir='ltr'><strong>necessarium</strong></span> <span class='ocrx_word' id='word_1_183' title='bbox 1167 1609 1223 1648; x_wconf 85' lang='lat' dir='ltr'><strong>sit</strong></span> <span class='ocrx_word' id='word_1_184' title='bbox 1253 1609 1309 1647; x_wconf 88' lang='lat' dir='ltr'><strong>ad</strong></span> <span class='ocrx_word' id='word_1_185' title='bbox 1339 1608 1437 1648; x_wconf 86' lang='lat' dir='ltr'><strong>fidei</strong></span> <span class='ocrx_word' id='word_1_186' title='bbox 1469 1609 1683 1665; x_wconf 81' lang='lat' dir='ltr'><strong>unitatem.</strong></span> <span class='ocrx_word' id='word_1_187' title='bbox 1714 1610 1787 1648; x_wconf 85' lang='lat'><strong>90.</strong></span> <span class='ocrx_word' id='word_1_188' title='bbox 1818 1609 1921 1650; x_wconf 84' lang='lat'><strong>244.</strong></span> 
     </span>
     <span class='ocr_line' id='line_1_23' title="bbox 164 1667 1924 1719; baseline 0.002 -14"><span class='ocrx_word' id='word_1_189' title='bbox 164 1668 267 1706; x_wconf 81' lang='lat'><strong>245.</strong></span> <span class='ocrx_word' id='word_1_190' title='bbox 310 1667 468 1706; x_wconf 89' lang='lat' dir='ltr'><strong>Eodem</strong></span> <span class='ocrx_word' id='word_1_191' title='bbox 496 1668 590 1717; x_wconf 87' lang='lat' dir='ltr'><strong>jure</strong></span> <span class='ocrx_word' id='word_1_192' title='bbox 621 1670 664 1706; x_wconf 90' lang='lat' dir='ltr'><strong>et</strong></span> <span class='ocrx_word' id='word_1_193' title='bbox 696 1668 738 1706; x_wconf 90' lang='lat' dir='ltr'><strong>in</strong></span> <span class='ocrx_word' id='word_1_194' title='bbox 771 1667 956 1707; x_wconf 90' lang='lat' dir='ltr'><strong>eumdem</strong></span> <span class='ocrx_word' id='word_1_195' title='bbox 984 1679 1149 1719; x_wconf 89' lang='lat' dir='ltr'><strong>scopum</strong></span> <span class='ocrx_word' id='word_1_196' title='bbox 1181 1667 1307 1708; x_wconf 89' lang='lat' dir='ltr'><strong>etiam</strong></span> <span class='ocrx_word' id='word_1_197' title='bbox 1328 1669 1444 1708; x_wconf 90' lang='lat' dir='ltr'><strong>Petri</strong></span> <span class='ocrx_word' id='word_1_198' title='bbox 1474 1669 1783 1708; x_wconf 86' lang='lat' dir='ltr'><strong>successoribus</strong></span> <span class='ocrx_word' id='word_1_199' title='bbox 1815 1682 1924 1709; x_wconf 88' lang='lat' dir='ltr'><strong>com-</strong></span> 
     </span>
     <span class='ocr_line' id='line_1_24' title="bbox 166 1725 1924 1779; baseline 0.002 -14"><span class='ocrx_word' id='word_1_200' title='bbox 166 1727 285 1777; x_wconf 86' lang='lat' dir='ltr'><strong>petit.</strong></span> <span class='ocrx_word' id='word_1_201' title='bbox 317 1726 389 1764; x_wconf 86' lang='lat'><strong>95.</strong></span> <span class='ocrx_word' id='word_1_202' title='bbox 421 1725 523 1764; x_wconf 76' lang='lat'><strong>244.</strong></span> <span class='ocrx_word' id='word_1_203' title='bbox 555 1725 658 1765; x_wconf 83' lang='lat'><strong>245.</strong></span> <span class='ocrx_word' id='word_1_204' title='bbox 720 1726 910 1766; x_wconf 86' lang='lat' dir='ltr'><strong>Officium</strong></span> <span class='ocrx_word' id='word_1_205' title='bbox 951 1726 1149 1778; x_wconf 86' lang='lat' dir='ltr'><strong>pascendi</strong></span> <span class='ocrx_word' id='word_1_206' title='bbox 1195 1739 1294 1766; x_wconf 87' lang='lat' dir='ltr'><strong>oves</strong></span> <span class='ocrx_word' id='word_1_207' title='bbox 1334 1732 1376 1767; x_wconf 92' lang='lat' dir='ltr'><strong>et</strong></span> <span class='ocrx_word' id='word_1_208' title='bbox 1407 1739 1536 1779; x_wconf 86' lang='lat' dir='ltr'><strong>agnos</strong></span> <span class='ocrx_word' id='word_1_209' title='bbox 1576 1727 1760 1768; x_wconf 88' lang='lat' dir='ltr'><strong>eamdem</strong></span> <span class='ocrx_word' id='word_1_210' title='bbox 1791 1729 1924 1768; x_wconf 90' lang='lat' dir='ltr'><strong>unita-</strong></span> 
     </span>
     <span class='ocr_line' id='line_1_25' title="bbox 167 1784 1925 1838; baseline 0.002 -14"><span class='ocrx_word' id='word_1_211' title='bbox 167 1790 247 1824; x_wconf 85' lang='lat' dir='ltr'><strong>tem</strong></span> <span class='ocrx_word' id='word_1_212' title='bbox 286 1784 381 1823; x_wconf 91' lang='lat' dir='ltr'><strong>fidei</strong></span> <span class='ocrx_word' id='word_1_213' title='bbox 425 1785 702 1824; x_wconf 86' lang='lat' dir='ltr'><strong>necessariam</strong></span> <span class='ocrx_word' id='word_1_214' title='bbox 744 1785 1014 1825; x_wconf 87' lang='lat' dir='ltr'><strong>demonstrat.</strong></span> <span class='ocrx_word' id='word_1_215' title='bbox 1047 1787 1118 1825; x_wconf 88' lang='grc'><strong>96.</strong></span> <span class='ocrx_word' id='word_1_216' title='bbox 1180 1786 1323 1826; x_wconf 87' lang='lat' dir='ltr'><strong>Trium</strong></span> <span class='ocrx_word' id='word_1_217' title='bbox 1353 1787 1700 1838; x_wconf 82' lang='lat' dir='ltr'><strong>Evangelicorum</strong></span> <span class='ocrx_word' id='word_1_218' title='bbox 1739 1789 1925 1828; x_wconf 88' lang='lat' dir='ltr'><strong>testimo-</strong></span> 
     </span>
     <span class='ocr_line' id='line_1_26' title="bbox 167 1843 1923 1888; baseline 0.003 -6"><span class='ocrx_word' id='word_1_219' title='bbox 167 1845 324 1883; x_wconf 90' lang='lat' dir='ltr'><strong>niorum</strong></span> <span class='ocrx_word' id='word_1_220' title='bbox 355 1843 406 1882; x_wconf 91' lang='lat' dir='ltr'><strong>de</strong></span> <span class='ocrx_word' id='word_1_221' title='bbox 436 1845 563 1882; x_wconf 86' lang='lat' dir='ltr'><strong>Petro</strong></span> <span class='ocrx_word' id='word_1_222' title='bbox 597 1844 864 1884; x_wconf 88' lang='lat' dir='ltr'><strong>cohaerentia</strong></span> <span class='ocrx_word' id='word_1_223' title='bbox 894 1846 936 1884; x_wconf 89' lang='lat' dir='ltr'><strong>in</strong></span> <span class='ocrx_word' id='word_1_224' title='bbox 967 1845 1189 1885; x_wconf 87' lang='lat' dir='ltr'><strong>statuenda</strong></span> <span class='ocrx_word' id='word_1_225' title='bbox 1220 1847 1473 1886; x_wconf 81' lang='lat' dir='ltr'><strong>necessitate</strong></span> <span class='ocrx_word' id='word_1_226' title='bbox 1503 1847 1675 1886; x_wconf 83' lang='lat' dir='ltr'><strong>unitatis</strong></span> <span class='ocrx_word' id='word_1_227' title='bbox 1706 1846 1802 1886; x_wconf 85' lang='lat' dir='ltr'><strong>fidei</strong></span> <span class='ocrx_word' id='word_1_228' title='bbox 1833 1859 1923 1888; x_wconf 91' lang='lat' dir='ltr'><strong>cum</strong></span> 
     </span>
     <span class='ocr_line' id='line_1_27' title="bbox 165 1903 1018 1955; baseline 0.002 -15"><span class='ocrx_word' id='word_1_229' title='bbox 165 1903 244 1941; x_wconf 85' lang='lat' dir='ltr'><strong>fide</strong></span> <span class='ocrx_word' id='word_1_230' title='bbox 275 1903 388 1941; x_wconf 87' lang='lat' dir='ltr'><strong>Petri</strong></span> <span class='ocrx_word' id='word_1_231' title='bbox 421 1906 462 1941; x_wconf 87' lang='lat' dir='ltr'><strong>et</strong></span> <span class='ocrx_word' id='word_1_232' title='bbox 493 1914 778 1943; x_wconf 90' lang='lat' dir='ltr'><strong>successorum</strong></span> <span class='ocrx_word' id='word_1_233' title='bbox 809 1906 910 1955; x_wconf 78' lang='lat' dir='ltr'><strong>eJus.</strong></span> <span class='ocrx_word' id='word_1_234' title='bbox 945 1904 1018 1943; x_wconf 90' lang='lat' dir='ltr'><strong>ibi.</strong></span> 
     </span>
    </p>

    <p class='ocr_par' dir='ltr' id='par_1_8' title="bbox 107 1961 1924 2243">
     <span class='ocr_line' id='line_1_28' title="bbox 107 1961 1922 2015; baseline 0.002 -15"><span class='ocrx_word' id='word_1_235' title='bbox 107 1963 250 2001; x_wconf 86' lang='lat' dir='ltr'><strong>Unitas</strong></span> <span class='ocrx_word' id='word_1_236' title='bbox 291 1961 389 2001; x_wconf 89' lang='lat' dir='ltr'><strong>fidei</strong></span> <span class='ocrx_word' id='word_1_237' title='bbox 432 1974 523 2002; x_wconf 91' lang='lat' dir='ltr'><strong>cum</strong></span> <span class='ocrx_word' id='word_1_238' title='bbox 552 1963 736 2002; x_wconf 87' lang='lat' dir='ltr'><strong>Romana</strong></span> <span class='ocrx_word' id='word_1_239' title='bbox 767 1964 942 2014; x_wconf 89' lang='lat' dir='ltr'><strong>probata</strong></span> <span class='ocrx_word' id='word_1_240' title='bbox 974 1975 1024 2002; x_wconf 79' lang='lat' dir='ltr'><strong>ex</strong></span> <span class='ocrx_word' id='word_1_241' title='bbox 1055 1967 1156 2002; x_wconf 92' lang='lat' dir='ltr'><strong>nota</strong></span> <span class='ocrx_word' id='word_1_242' title='bbox 1185 1963 1532 2015; x_wconf 83' lang='lat' dir='ltr'><strong>Apostolicitatis.</strong></span> <span class='ocrx_word' id='word_1_243' title='bbox 1566 1964 1667 2004; x_wconf 90' lang='grc'><strong>153.</strong></span> <span class='ocrx_word' id='word_1_244' title='bbox 1728 1966 1831 2004; x_wconf 87' lang='lat' dir='ltr'><strong>Item</strong></span> <span class='ocrx_word' id='word_1_245' title='bbox 1871 1978 1922 2005; x_wconf 82' lang='lat' dir='ltr'><strong>ex</strong></span> 
     </span>
     <span class='ocr_line' id='line_1_29' title="bbox 166 2022 1924 2072; baseline 0.002 -12"><span class='ocrx_word' id='word_1_246' title='bbox 166 2022 417 2061; x_wconf 85' lang='lat' dir='ltr'><strong>necessitate</strong></span> <span class='ocrx_word' id='word_1_247' title='bbox 443 2022 754 2068; x_wconf 88' lang='lat' dir='ltr'><strong>communionis,</strong></span> <span class='ocrx_word' id='word_1_248' title='bbox 786 2034 891 2072; x_wconf 89' lang='lat' dir='ltr'><strong>quae</strong></span> <span class='ocrx_word' id='word_1_249' title='bbox 923 2034 948 2061; x_wconf 90' lang='lat' dir='ltr'><strong>a</strong></span> <span class='ocrx_word' id='word_1_250' title='bbox 978 2023 1165 2062; x_wconf 90' lang='lat' dir='ltr'><strong>Romana</strong></span> <span class='ocrx_word' id='word_1_251' title='bbox 1194 2023 1294 2061; x_wconf 87' lang='lat' dir='ltr'><strong>sede</strong></span> <span class='ocrx_word' id='word_1_252' title='bbox 1326 2035 1405 2061; x_wconf 94' lang='lat' dir='ltr'><strong>non</strong></span> <span class='ocrx_word' id='word_1_253' title='bbox 1438 2023 1683 2062; x_wconf 87' lang='lat' dir='ltr'><strong>conceditur</strong></span> <span class='ocrx_word' id='word_1_254' title='bbox 1713 2025 1803 2064; x_wconf 91' lang='lat' dir='ltr'><strong>sine</strong></span> <span class='ocrx_word' id='word_1_255' title='bbox 1836 2026 1924 2065; x_wconf 85' lang='lat' dir='ltr'><strong>uni·</strong></span> 
     </span>
     <span class='ocr_line' id='line_1_30' title="bbox 170 2080 1923 2133; baseline 0.003 -15"><span class='ocrx_word' id='word_1_256' title='bbox 170 2084 254 2118; x_wconf 90' lang='lat' dir='ltr'><strong>tate</strong></span> <span class='ocrx_word' id='word_1_257' title='bbox 285 2080 396 2119; x_wconf 87' lang='lat' dir='ltr'><strong>fidei.</strong></span> <span class='ocrx_word' id='word_1_258' title='bbox 430 2081 501 2119; x_wconf 92' lang='grc'><strong>61.</strong></span> <span class='ocrx_word' id='word_1_259' title='bbox 562 2082 661 2120; x_wconf 90' lang='lat' dir='ltr'><strong>Item</strong></span> <span class='ocrx_word' id='word_1_260' title='bbox 692 2082 782 2120; x_wconf 86' lang='lat' dir='ltr'><strong>fuse</strong></span> <span class='ocrx_word' id='word_1_261' title='bbox 816 2093 867 2120; x_wconf 88' lang='lat' dir='ltr'><strong>ex</strong></span> <span class='ocrx_word' id='word_1_262' title='bbox 898 2081 1122 2121; x_wconf 89' lang='lat' dir='ltr'><strong>traditione</strong></span> <span class='ocrx_word' id='word_1_263' title='bbox 1153 2082 1336 2121; x_wconf 89' lang='lat' dir='ltr'><strong>Patrum.</strong></span> <span class='ocrx_word' id='word_1_264' title='bbox 1371 2083 1472 2121; x_wconf 84' lang='lat'><strong>100.</strong></span> <span class='ocrx_word' id='word_1_265' title='bbox 1518 2086 1560 2121; x_wconf 89' lang='lat' dir='ltr'><strong>et</strong></span> <span class='ocrx_word' id='word_1_266' title='bbox 1592 2095 1704 2133; x_wconf 88' lang='lat' dir='ltr'><strong>seqq.</strong></span> <span class='ocrx_word' id='word_1_267' title='bbox 1770 2085 1923 2124; x_wconf 92' lang='lat' dir='ltr'><strong>Condi-</strong></span> 
     </span>
     <span class='ocr_line' id='line_1_31' title="bbox 165 2140 1923 2189; baseline 0.003 -12"><span class='ocrx_word' id='word_1_268' title='bbox 165 2140 301 2178; x_wconf 90' lang='lat' dir='ltr'><strong>tiones</strong></span> <span class='ocrx_word' id='word_1_269' title='bbox 333 2140 523 2189; x_wconf 84' lang='lat' dir='ltr'><strong>ingestae</strong></span> <span class='ocrx_word' id='word_1_270' title='bbox 563 2140 613 2179; x_wconf 90' lang='lat' dir='ltr'><strong>ab</strong></span> <span class='ocrx_word' id='word_1_271' title='bbox 658 2140 899 2179; x_wconf 88' lang='lat' dir='ltr'><strong>adversario</strong></span> <span class='ocrx_word' id='word_1_272' title='bbox 940 2141 991 2179; x_wconf 94' lang='lat' dir='ltr'><strong>ob</strong></span> <span class='ocrx_word' id='word_1_273' title='bbox 1035 2141 1327 2181; x_wconf 86' lang='lat' dir='ltr'><strong>excludendam</strong></span> <span class='ocrx_word' id='word_1_274' title='bbox 1369 2141 1595 2181; x_wconf 86' lang='lat' dir='ltr'><strong>absolutam</strong></span> <span class='ocrx_word' id='word_1_275' title='bbox 1634 2143 1923 2183; x_wconf 87' lang='lat' dir='ltr'><strong>necessitatem</strong></span> 
     </span>
     <span class='ocr_line' id='line_1_32' title="bbox 166 2197 1698 2243; baseline 0.004 -7"><span class='ocrx_word' id='word_1_276' title='bbox 166 2198 340 2237; x_wconf 87' lang='lat' dir='ltr'><strong>unitatis</strong></span> <span class='ocrx_word' id='word_1_277' title='bbox 372 2197 469 2236; x_wconf 84' lang='lat' dir='ltr'><strong>fidei</strong></span> <span class='ocrx_word' id='word_1_278' title='bbox 503 2210 592 2238; x_wconf 92' lang='lat' dir='ltr'><strong>cum</strong></span> <span class='ocrx_word' id='word_1_279' title='bbox 623 2198 704 2239; x_wconf 85' lang='lat' dir='ltr'><strong>fide</strong></span> <span class='ocrx_word' id='word_1_280' title='bbox 735 2199 1011 2240; x_wconf 91' lang='lat' dir='ltr'><strong>Romanorum</strong></span> <span class='ocrx_word' id='word_1_281' title='bbox 1042 2200 1298 2242; x_wconf 86' lang='lat' dir='ltr'><strong>Pontificum.</strong></span> <span class='ocrx_word' id='word_1_282' title='bbox 1330 2199 1378 2242; x_wconf 87' lang='lat' dir='ltr'><strong>V.</strong></span> <span class='ocrx_word' id='word_1_283' title='bbox 1415 2201 1698 2243; x_wconf 71' lang='lat' dir='ltr'><strong>Conditiones.</strong></span> 
     </span>
    </p>

    <p class='ocr_par' dir='ltr' id='par_1_9' title="bbox 107 2257 1923 2428">
     <span class='ocr_line' id='line_1_33' title="bbox 107 2257 1922 2312; baseline 0.003 -17"><span class='ocrx_word' id='word_1_284' title='bbox 107 2258 253 2296; x_wconf 90' lang='lat' dir='ltr'><strong>Unitas</strong></span> <span class='ocrx_word' id='word_1_285' title='bbox 298 2257 591 2297; x_wconf 88' lang='lat' dir='ltr'><strong>communionis</strong></span> <span class='ocrx_word' id='word_1_286' title='bbox 629 2262 670 2298; x_wconf 89' lang='lat' dir='ltr'><strong>et</strong></span> <span class='ocrx_word' id='word_1_287' title='bbox 710 2258 808 2298; x_wconf 87' lang='lat' dir='ltr'><strong>fidei</strong></span> <span class='ocrx_word' id='word_1_288' title='bbox 853 2271 944 2299; x_wconf 87' lang='lat' dir='ltr'><strong>cum</strong></span> <span class='ocrx_word' id='word_1_289' title='bbox 983 2259 1168 2299; x_wconf 90' lang='lat' dir='ltr'><strong>Romano</strong></span> <span class='ocrx_word' id='word_1_290' title='bbox 1207 2260 1418 2312; x_wconf 88' lang='lat' dir='ltr'><strong>Episcopo</strong></span> <span class='ocrx_word' id='word_1_291' title='bbox 1459 2259 1672 2299; x_wconf 85' lang='lat' dir='ltr'><strong>sufficiens</strong></span> <span class='ocrx_word' id='word_1_292' title='bbox 1715 2260 1856 2301; x_wconf 89' lang='lat' dir='ltr'><strong>habita</strong></span> <span class='ocrx_word' id='word_1_293' title='bbox 1897 2276 1922 2301; x_wconf 88' lang='lat' dir='ltr'><strong>a</strong></span> 
     </span>
     <span class='ocr_line' id='line_1_34' title="bbox 165 2315 1923 2372; baseline 0.003 -18"><span class='ocrx_word' id='word_1_294' title='bbox 165 2316 359 2355; x_wconf 88' lang='lat' dir='ltr'><strong>Patribus</strong></span> <span class='ocrx_word' id='word_1_295' title='bbox 390 2315 818 2366; x_wconf 89' lang='lat' dir='ltr'><strong>Calchedonensihus,</strong></span> <span class='ocrx_word' id='word_1_296' title='bbox 859 2322 905 2357; x_wconf 90' lang='lat' dir='ltr'><strong>ut</strong></span> <span class='ocrx_word' id='word_1_297' title='bbox 943 2319 1034 2370; x_wconf 90' lang='lat' dir='ltr'><strong>quis</strong></span> <span class='ocrx_word' id='word_1_298' title='bbox 1064 2319 1287 2358; x_wconf 88' lang='lat' dir='ltr'><strong>haberetur</strong></span> <span class='ocrx_word' id='word_1_299' title='bbox 1319 2319 1568 2368; x_wconf 84' lang='lat' dir='ltr'><strong>catholicus,</strong></span> <span class='ocrx_word' id='word_1_300' title='bbox 1611 2325 1653 2359; x_wconf 92' lang='lat' dir='ltr'><strong>et</strong></span> <span class='ocrx_word' id='word_1_301' title='bbox 1683 2321 1790 2360; x_wconf 88' lang='lat' dir='ltr'><strong>inter</strong></span> <span class='ocrx_word' id='word_1_302' title='bbox 1821 2321 1923 2372; x_wconf 85' lang='lat' dir='ltr'><strong>Epi-</strong></span> 
     </span>
     <span class='ocr_line' id='line_1_35' title="bbox 163 2375 1140 2428; baseline 0.003 -15"><span class='ocrx_word' id='word_1_303' title='bbox 163 2387 313 2426; x_wconf 87' lang='lat' dir='ltr'><strong>scopos</strong></span> <span class='ocrx_word' id='word_1_304' title='bbox 344 2375 573 2416; x_wconf 85' lang='lat' dir='ltr'><strong>catholicos</strong></span> <span class='ocrx_word' id='word_1_305' title='bbox 603 2377 872 2428; x_wconf 89' lang='lat' dir='ltr'><strong>reciperetur.</strong></span> <span class='ocrx_word' id='word_1_306' title='bbox 903 2377 1006 2417; x_wconf 89' lang='grc'><strong>206.</strong></span> <span class='ocrx_word' id='word_1_307' title='bbox 1036 2378 1140 2418; x_wconf 80' lang='grc'><strong>207.</strong></span> 
     </span>
    </p>

    <p class='ocr_par' dir='ltr' id='par_1_10' title="bbox 106 2433 1924 2661">
     <span class='ocr_line' id='line_1_36' title="bbox 106 2433 1924 2488; baseline 0.004 -16"><span class='ocrx_word' id='word_1_308' title='bbox 106 2434 285 2473; x_wconf 89' lang='lat' dir='ltr'><strong>Unitatis</strong></span> <span class='ocrx_word' id='word_1_309' title='bbox 316 2433 448 2485; x_wconf 86' lang='lat' dir='ltr'><strong>figura</strong></span> <span class='ocrx_word' id='word_1_310' title='bbox 480 2438 520 2475; x_wconf 90' lang='lat' dir='ltr'><strong>et</strong></span> <span class='ocrx_word' id='word_1_311' title='bbox 550 2438 670 2487; x_wconf 84' lang='lat' dir='ltr'><strong>typus</strong></span> <span class='ocrx_word' id='word_1_312' title='bbox 692 2437 732 2475; x_wconf 94' lang='lat' dir='ltr'><strong>in</strong></span> <span class='ocrx_word' id='word_1_313' title='bbox 754 2437 880 2476; x_wconf 92' lang='lat' dir='ltr'><strong>Petro</strong></span> <span class='ocrx_word' id='word_1_314' title='bbox 911 2449 994 2476; x_wconf 92' lang='lat' dir='ltr'><strong>non</strong></span> <span class='ocrx_word' id='word_1_315' title='bbox 1025 2436 1318 2488; x_wconf 82' lang='lat' dir='ltr'><strong>disjungendus</strong></span> <span class='ocrx_word' id='word_1_316' title='bbox 1350 2449 1376 2477; x_wconf 89' lang='lat' dir='ltr'><strong>a</strong></span> <span class='ocrx_word' id='word_1_317' title='bbox 1398 2438 1494 2487; x_wconf 86' lang='lat' dir='ltr'><strong>jure</strong></span> <span class='ocrx_word' id='word_1_318' title='bbox 1527 2439 1718 2477; x_wconf 79' lang='lat' dir='ltr'><strong>coactivo</strong></span> <span class='ocrx_word' id='word_1_319' title='bbox 1750 2439 1804 2478; x_wconf 92' lang='lat' dir='ltr'><strong>ad</strong></span> <span class='ocrx_word' id='word_1_320' title='bbox 1835 2441 1924 2479; x_wconf 90' lang='lat' dir='ltr'><strong>uni-</strong></span> 
     </span>
     <span class='ocr_line' id='line_1_37' title="bbox 164 2492 1924 2548; baseline 0.004 -17"><span class='ocrx_word' id='word_1_321' title='bbox 164 2496 288 2534; x_wconf 87' lang='lat' dir='ltr'><strong>tatem</strong></span> <span class='ocrx_word' id='word_1_322' title='bbox 318 2492 431 2532; x_wconf 89' lang='lat' dir='ltr'><strong>fidei.</strong></span> <span class='ocrx_word' id='word_1_323' title='bbox 462 2493 534 2532; x_wconf 89' lang='lat'><strong>41.</strong></span> <span class='ocrx_word' id='word_1_324' title='bbox 566 2495 640 2535; x_wconf 91' lang='lat'><strong>42.</strong></span> <span class='ocrx_word' id='word_1_325' title='bbox 673 2495 746 2535; x_wconf 90' lang='lat'><strong>44.</strong></span> <span class='ocrx_word' id='word_1_326' title='bbox 807 2495 996 2535; x_wconf 88' lang='lat' dir='ltr'><strong>Christus</strong></span> <span class='ocrx_word' id='word_1_327' title='bbox 1027 2508 1110 2536; x_wconf 90' lang='lat' dir='ltr'><strong>non</strong></span> <span class='ocrx_word' id='word_1_328' title='bbox 1139 2509 1293 2536; x_wconf 89' lang='lat' dir='ltr'><strong>merum</strong></span> <span class='ocrx_word' id='word_1_329' title='bbox 1326 2496 1506 2536; x_wconf 82' lang='lat' dir='ltr'><strong>officium</strong></span> <span class='ocrx_word' id='word_1_330' title='bbox 1547 2499 1924 2548; x_wconf 86' lang='lat' dir='ltr'><strong>repraesentandae</strong></span> 
     </span>
     <span class='ocr_line' id='line_1_38' title="bbox 164 2551 1922 2604; baseline 0.004 -14"><span class='ocrx_word' id='word_1_331' title='bbox 164 2551 341 2590; x_wconf 90' lang='lat' dir='ltr'><strong>unitatis</strong></span> <span class='ocrx_word' id='word_1_332' title='bbox 370 2552 518 2592; x_wconf 91' lang='lat' dir='ltr'><strong>tribuit</strong></span> <span class='ocrx_word' id='word_1_333' title='bbox 549 2553 698 2600; x_wconf 80' lang='lat' dir='ltr'><strong>Petro,</strong></span> <span class='ocrx_word' id='word_1_334' title='bbox 744 2553 815 2592; x_wconf 92' lang='lat' dir='ltr'><strong>sed</strong></span> <span class='ocrx_word' id='word_1_335' title='bbox 847 2554 931 2593; x_wconf 82' lang='lat' dir='ltr'><strong>vim</strong></span> <span class='ocrx_word' id='word_1_336' title='bbox 962 2556 1049 2604; x_wconf 76' lang='lat' dir='ltr'><strong>eJus</strong></span> <span class='ocrx_word' id='word_1_337' title='bbox 1079 2556 1342 2602; x_wconf 83' lang='lat' dir='ltr'><strong>formandae,</strong></span> <span class='ocrx_word' id='word_1_338' title='bbox 1386 2560 1427 2595; x_wconf 90' lang='lat' dir='ltr'><strong>et</strong></span> <span class='ocrx_word' id='word_1_339' title='bbox 1459 2556 1756 2604; x_wconf 87' lang='lat' dir='ltr'><strong>continendae,</strong></span> <span class='ocrx_word' id='word_1_340' title='bbox 1799 2571 1850 2598; x_wconf 88' lang='lat' dir='ltr'><strong>ac</strong></span> <span class='ocrx_word' id='word_1_341' title='bbox 1881 2559 1922 2598; x_wconf 92' lang='lat' dir='ltr'><strong>in</strong></span> 
     </span>
     <span class='ocr_line' id='line_1_39' title="bbox 163 2612 1024 2661; baseline 0.008 -13"><span class='ocrx_word' id='word_1_342' title='bbox 163 2613 402 2661; x_wconf 90' lang='lat' dir='ltr'><strong>perpetuum</strong></span> <span class='ocrx_word' id='word_1_343' title='bbox 436 2612 757 2652; x_wconf 87' lang='lat' dir='ltr'><strong>conservandae.</strong></span> <span class='ocrx_word' id='word_1_344' title='bbox 790 2613 889 2651; x_wconf 91' lang='grc'><strong>122.</strong></span> <span class='ocrx_word' id='word_1_345' title='bbox 924 2613 1024 2655; x_wconf 89' lang='grc'><strong>124.</strong></span> 
     </span>
    </p>
   </div>
   <div class='ocr_carea' id='block_1_3' title="bbox 104 2669 1923 2828">
    <p class='ocr_par' dir='ltr' id='par_1_11' title="bbox 104 2669 1923 2828">
     <span class='ocr_line' id='line_1_40' title="bbox 104 2669 1923 2726; baseline 0.003 -18"><span class='ocrx_word' id='word_1_346' title='bbox 104 2669 214 2708; x_wconf 90' lang='lat' dir='ltr'><strong>Unus</strong></span> <span class='ocrx_word' id='word_1_347' title='bbox 246 2669 477 2720; x_wconf 86' lang='lat' dir='ltr'><strong>Episcopus</strong></span> <span class='ocrx_word' id='word_1_348' title='bbox 507 2671 549 2708; x_wconf 90' lang='lat' dir='ltr'><strong>in</strong></span> <span class='ocrx_word' id='word_1_349' title='bbox 580 2670 783 2709; x_wconf 86' lang='lat' dir='ltr'><strong>Ecclesiis</strong></span> <span class='ocrx_word' id='word_1_350' title='bbox 823 2672 1144 2722; x_wconf 87' lang='lat' dir='ltr'><strong>particularibus</strong></span> <span class='ocrx_word' id='word_1_351' title='bbox 1184 2672 1237 2710; x_wconf 94' lang='lat' dir='ltr'><strong>ob</strong></span> <span class='ocrx_word' id='word_1_352' title='bbox 1270 2673 1595 2713; x_wconf 75' lang='lat' dir='ltr'><strong>conservandam</strong></span> <span class='ocrx_word' id='word_1_353' title='bbox 1623 2674 1804 2726; x_wconf 88' lang='lat' dir='ltr'><strong>ipsarum</strong></span> <span class='ocrx_word' id='word_1_354' title='bbox 1836 2677 1923 2714; x_wconf 86' lang='lat' dir='ltr'><strong>uni-</strong></span> 
     </span>
     <span class='ocr_line' id='line_1_41' title="bbox 160 2729 1922 2774; baseline 0.004 -8"><span class='ocrx_word' id='word_1_355' title='bbox 160 2732 304 2774; x_wconf 88' lang='lat' dir='ltr'><strong>tatem,</strong></span> <span class='ocrx_word' id='word_1_356' title='bbox 340 2732 382 2767; x_wconf 91' lang='lat' dir='ltr'><strong>et</strong></span> <span class='ocrx_word' id='word_1_357' title='bbox 412 2739 515 2767; x_wconf 90' lang='lat' dir='ltr'><strong>unus</strong></span> <span class='ocrx_word' id='word_1_358' title='bbox 545 2740 721 2768; x_wconf 89' lang='lat' dir='ltr'><strong>summus</strong></span> <span class='ocrx_word' id='word_1_359' title='bbox 738 2729 931 2771; x_wconf 84' lang='lat' dir='ltr'><strong>Pontifex</strong></span> <span class='ocrx_word' id='word_1_360' title='bbox 954 2731 995 2770; x_wconf 90' lang='lat' dir='ltr'><strong>in</strong></span> <span class='ocrx_word' id='word_1_361' title='bbox 1021 2734 1112 2770; x_wconf 87' lang='lat' dir='ltr'><strong>tota</strong></span> <span class='ocrx_word' id='word_1_362' title='bbox 1127 2730 1321 2771; x_wconf 88' lang='lat' dir='ltr'><strong>Ecclesia</strong></span> <span class='ocrx_word' id='word_1_363' title='bbox 1352 2733 1403 2771; x_wconf 92' lang='lat' dir='ltr'><strong>ob</strong></span> <span class='ocrx_word' id='word_1_364' title='bbox 1437 2734 1759 2773; x_wconf 88' lang='lat' dir='ltr'><strong>conservandam</strong></span> <span class='ocrx_word' id='word_1_365' title='bbox 1790 2735 1922 2774; x_wconf 89' lang='lat' dir='ltr'><strong>totius</strong></span> 
     </span>
     <span class='ocr_line' id='line_1_42' title="bbox 161 2787 840 2828; baseline 0.003 -2"><span class='ocrx_word' id='word_1_366' title='bbox 161 2787 381 2827; x_wconf 89' lang='lat' dir='ltr'><strong>Ecclesiae</strong></span> <span class='ocrx_word' id='word_1_367' title='bbox 414 2788 631 2828; x_wconf 88' lang='lat' dir='ltr'><strong>unitatem.</strong></span> <span class='ocrx_word' id='word_1_368' title='bbox 662 2789 735 2828; x_wconf 88' lang='grc'><strong>38.</strong></span> <span class='ocrx_word' id='word_1_369' title='bbox 768 2789 840 2828; x_wconf 88' lang='grc'><strong>39.</strong></span> 
     </span>
    </p>
   </div>
   <div class='ocr_carea' id='block_1_4' title="bbox 100 2884 1918 2960">
    <p class='ocr_par' dir='ltr' id='par_1_12' title="bbox 100 2884 1918 2960">
     <span class='ocr_line' id='line_1_43' title="bbox 100 2884 1918 2960; baseline 0.004 -19"><span class='ocrx_word' id='word_1_370' title='bbox 100 2884 264 2955; x_wconf 71' lang='lat' dir='ltr'><strong>xysti</strong></span> <span class='ocrx_word' id='word_1_371' title='bbox 281 2905 350 2944; x_wconf 89' lang='grc' dir='ltr'><strong>ΠΙ.</strong></span> <span class='ocrx_word' id='word_1_372' title='bbox 372 2904 651 2945; x_wconf 88' lang='lat' dir='ltr'><strong>testimonium</strong></span> <span class='ocrx_word' id='word_1_373' title='bbox 672 2916 746 2957; x_wconf 87' lang='lat' dir='ltr'><strong>pro</strong></span> <span class='ocrx_word' id='word_1_374' title='bbox 770 2905 1003 2946; x_wconf 87' lang='lat' dir='ltr'><strong>necessaria</strong></span> <span class='ocrx_word' id='word_1_375' title='bbox 1022 2906 1182 2945; x_wconf 90' lang='lat' dir='ltr'><strong>unitate</strong></span> <span class='ocrx_word' id='word_1_376' title='bbox 1202 2906 1298 2945; x_wconf 84' lang='lat' dir='ltr'><strong>fidei</strong></span> <span class='ocrx_word' id='word_1_377' title='bbox 1322 2919 1409 2947; x_wconf 81' lang='lat' dir='ltr'><strong>cum</strong></span> <span class='ocrx_word' id='word_1_378' title='bbox 1430 2908 1529 2947; x_wconf 85' lang='lat' dir='ltr'><strong>sede</strong></span> <span class='ocrx_word' id='word_1_379' title='bbox 1545 2909 1797 2960; x_wconf 86' lang='lat' dir='ltr'><strong>Apostolica.</strong></span> <span class='ocrx_word' id='word_1_380' title='bbox 1819 2909 1918 2948; x_wconf 88' lang='grc'><strong>182.</strong></span> 
     </span>
    </p>
   </div>
  </div>
 </body>
</html>
