2314 3984
293 324 638 392 demerita,.et
661 326 972 398 impietatem
992 325 1550 400 =Dioseori‚·quae-eum
1575 333 1867 406 pertineant
1893 335 1955 389 ad
1981 335 2157 391 vitium

293 411 676 478 PraesidentiS,
697 412 804 485 juri
829 411 989 486 ipsius
1016 413 1153 468 sedis
1188 413 1438 472 Nicaenis
1460 420 1751 474 =canonibus
1789 422 1983 476 munito
2009 442 2157 495 prae-

284 500 514 571 judicare
539 516 644 552 non
669 511 903 572 possunt.'
953 499 1173 575 Idipsum
1210 501 1396 556 clarius
1437 503 1637 560 elicitur
1661 526 1734 562 ex
1753 509 1902 583 epist.
1934 510 2057 565 119.
2087 513 2151 565 al.

292 587 383 640 92.
412 586 475 661 ad
499 584 792 641 Maximum
817 588 1194 644 Antiochenmn
1224 609 1331 664 cap.
1358 590 1412 645 3.
1438 591 1526 646 ubi
1551 593 1736 666 legitur
1760 595 1886 652 haec
1913 597 2010 651 alia
2037 601 2154 652 sen-'-

292 671 483 726 tentia:
511 675 634 727 Etsi
659 679 800 730 enim
824 679 1041 732 diversa
1057 698 1444 750 nonnunquam
1467 686 1792 737 suntmerita
1814 685 2154 748 praesulum,

281 766 425 834 jura
450 768 627 815 tamen
650 773 977 834 permanent
999 769 1221 829 sedium,
1248 768 1352 821 lzoc
1379 775 1484 831 est,
1517 777 1573 821 ut
1610 769 1798 843 optime
1837 773 2062 844 explicat
2085 771 2151 827 P.

293 847 628 904 Constantius
667 850 943 924 (Prael'at.⁴
962 855 1024 908 ad
1051 855 1198 928 epist.
1240 854 1403 909 Rom.⁴
1436 854 1593 909 Pont.
1633 876 1686 911 n.
1717 858 1863 930 11.)‚
1887 865 2030 932 jura
2053 863 2155 914 illa

294 958 413 992 oum
437 942 546 993 sint
569 943 700 1010 ipsis
726 944 969 1006 sedibus,
1007 963 1116 997 non
1155 946 1452 998 sedentium
1486 947 1690 998 meritis
1725 965 2010 1014 concessa,
2042 967 2152 1018 pro

292 1029 590 1081 sedentium
616 1031 927 1084 diversitate
966 1051 1074 1085 non
1101 1040 1387 1086 mutantur.
1451 1031 1638 1088 Viden'
1674 1043 1836 1087 totam
1872 1035 2155 1090 distinctio—

292 1136 408 1170 nem
436 1117 673 1172 collocari
711 1116 846 1171 inter
880 1123 1072 1174 merita
1101 1122 1428 1176 Praesulum
1469 1129 1520 1174 et
1535 1126 1678 1194 jura
1717 1125 1961 1176 sedium?
1991 1142 2153 1194 neque

291 1205 422 1259 enim
451 1224 521 1260 ex
547 1205 744 1260 meritis
771 1205 1075 1261 Praesulum
1104 1209 1356 1287 metienda
1383 1219 1500 1262 sunt
1536 1209 1727 1263 sedium
1746 1211 1892 1282 jura,
1930 1229 2023 1265 nec
2059 1231 2150 1284 pro

290 1293 550 1347 demeritis
575 1293 775 1345 illorum
804 1294 986 1363 aliquid
1007 1294 1139 1366 juris
1166 1295 1290 1366 ipsis
1318 1297 1520 1350 sedibus
1540 1307 1711 1369 potest
1726 1297 1934 1363 auferri,
1962 1309 2048 1352 ant
2067 1299 2152 1353 de-

289 1381 478 1453 perire.
509 1379 676 1434 Totus
704 1379 901 1434 Leonis
927 1399 1110 1454 scopus
1136 1381 1230 1434 fuit
1257 1391 1427 1436 sartos
1454 1392 1620 1437 tectos
1648 1384 1903 1437 custodire
1931 1403 2153 1440 canones

290 1467 573 1535 NicaenOS‚
603 1469 685 1540 qui
712 1488 803 1523 sua
829 1469 1006 1541 cuique
1025 1469 1132 1524 sedi
1151 1471 1269 1542 jura
1296 1470 1621 1525 custodienda
1646 1471 2036 1544 praefinierunt3
2065 1494 2155 1529 ne-

293 1577 389 1628 que
417 1557 681 1625 sinebant,
711 1568 766 1611 ut
792 1559 854 1611 ob
882 1556 1122 1612 Dioscori
1147 1558 1393 1617 demerita
1420 1577 1478 1613 ac
1511 1558 1875 1632 depositionem
1903 1562 2154 1617 secundae

288 1646 422 1700 sedis
439 1649 525 1720 jus
553 1647 862 1701 adimeretur
887 1646 1300 1715 Alexandrinae,
1340 1658 1392 1702 et
1432 1648 1493 1700 ad
1531 1645 2150 1721 Constantinopolitanam

290 1735 459 1788 sedem
488 1745 638 1807 atque
673 1734 981 1808 Episcopum
1020 1737 1405 1790 transferretur.
1459 1734 1793 1808 Distinguere
1828 1737 1985 1808 igitur
2017 1739 2153 1793 inter

290 1825 436 1878 sedes
466 1834 516 1878 et
543 1823 908 1878 Praesidentes
946 1823 1078 1878 idem
1118 1834 1197 1878 est
1236 1844 1306 1878 ex
1332 1823 1528 1879 Leonis
1556 1835 1725 1878 mente
1753 1843 1811 1878 ac
1839 1825 2152 1898 distinguere

290 1912 426 1967 inter
443 1914 564 1984 jura
591 1913 781 1968 sedium
810 1932 868 1967 ac
896 1913 1105 1979 merita,
1145 1913 1224 1967 vel
1253 1912 1496 1967 demerita
1530 1911 1848 1966 Praesidum.
1902 1911 2034 1982 Quid
2063 1935 2152 1968 au-

287 2011 390 2054 tem
430 2000 481 2053 in
520 2003 613 2055 hac
652 2002 977 2055 distinctione
1013 2001 1218 2068 subest,
1256 2020 1326 2055 ex
1365 2021 1463 2072 quo
1499 2000 1633 2054 sedis
1671 2001 1874 2056 nomine
1911 2003 2093 2074 aliquid
2122 2024 2151 2058 a

287 2087 641 2143 Praesidentis
668 2108 919 2162 personae
946 2089 1237 2143 distinctum
1266 2089 1659 2161 excogitandum
1686 2088 1789 2141 sit?
1827 2088 2017 2145 Nonne
2043 2091 2154 2164 ipsa

280 2178 403 2247 jura
430 2177 645 2244 sedium,
675 2197 803 2249 quae
830 2178 965 2232 sedis
991 2178 1235 2233 vocabulo
1262 2177 1566 2243 indicantur,
1595 2175 1950 2231 Praesidentis
1976 2197 2153 2251 perso-

287 2283 386 2319 nae
412 2265 482 2319 ita
511 2276 628 2319 sunt
656 2266 882 2338 alligata,
910 2277 965 2320 ut
991 2266 1114 2320 nulli
1136 2266 1219 2319 alii
1247 2276 1538 2339 competant
1559 2283 1628 2319 ex
1642 2265 1752 2338 ipso
1765 2267 1882 2338 jure
1905 2285 2148 2321 canonum

286 2354 386 2406 nisi
415 2353 758 2422 praesidenti,
788 2355 871 2427 qui
891 2356 1059 2409 sedem
1080 2375 1172 2428 pro
1193 2365 1422 2428 tempore
1443 2353 1655 2419 obtinet,
1682 2353 1799 2407 licet
1826 2373 1919 2408 nec
1946 2374 2015 2409 ex
2043 2359 2153 2429 ejus

288 2442 485 2496 meritis
513 2443 764 2514 originem
791 2443 1028 2508 habeant,
1051 2462 1145 2496 nec
1173 2461 1243 2496 ex
1272 2444 1379 2512 ejus
1406 2441 1662 2495 demeritis
1676 2441 2033 2496 vdetrimentum
2062 2463 2151 2516 pa-

286 2529 504 2596 tiantur,
534 2530 768 2600 quamdiu
794 2530 953 2602 ipsam
981 2530 1150 2582 sedem
1177 2528 1399 2600 legitime
1436 2529 1650 2582 teneat?

411 2619 500 2671 25.
530 2616 582 2670 Id
609 2637 763 2691 porro
792 2617 835 2671 si
860 2636 1035 2673 verum
1066 2626 1145 2671 est
1171 2617 1230 2670 de
1258 2616 1519 2688 cujuslibet
1546 2615 1680 2670 sedis
1699 2614 1964 2682 praeside,
1994 2618 2149 2671 multo

287 2705 451 2777 magis
479 2706 538 2758 de
565 2705 802 2759 Romano
829 2706 1029 2759 ratione
1056 2705 1330 2777 primatuS,
1371 2722 1480 2757 cum
1520 2704 1766 2776 primatus
1785 2707 1907 2776 jura
1939 2724 2042 2758 non
2079 2724 2150 2760 ex

288 2813 565 2861 canonum,
595 2795 683 2848 sed
720 2791 915 2848 Christi
952 2793 1273 2847 institutione
1310 2791 1598 2866 personalia
1635 2793 1766 2859 sint,
1806 2792 1879 2844 uti
1904 2792 2150 2864 primatus

286 2882 394 2954 ipse
422 2892 500 2936 est
525 2881 828 2955 personalis.
857 2880 990 2935 Vide
1018 2900 1126 2954 cap.
1155 2880 1207 2934 3.
1263 2879 1594 2934 Potissimum
1621 2880 1868 2953 primatus
1894 2881 2151 2936 Pontificii

280 2973 364 3043 jus
392 2969 540 3022 situm
571 2980 680 3033 est,
706 2980 762 3023 ut
786 2968 1029 3034 vidimus,
1063 2969 1116 3021 in
1154 2969 1233 3035 vi,
1273 2988 1364 3022 seu
1399 2978 1652 3041 potestate
1689 2979 1904 3039 cogente
1941 2970 2003 3021 ad
2029 2987 2148 3022 con-

286 3058 626 3113 servationem
655 3057 957 3131 praesertim
984 3056 1196 3110 unitatis
1222 3055 1335 3109 fidei
1361 3055 1413 3108 in
1440 3065 1549 3108 tota
1574 3053 1826 3108 Ecclesia.
1870 3055 1998 3112 Cum
2025 3076 2147 3112 vero

285 3147 410 3200 haec
438 3146 670 3200 coactiva
695 3146 774 3200 vis
802 3146 864 3198 ad
891 3144 1136 3199 unitatem
1165 3144 1274 3197 fidei
1310 3143 1516 3216 propria
1554 3142 1799 3215 primatus
1828 3163 1897 3197 ex
1923 3145 2148 3218 ipsorum

286 3235 695 3289 adversariorum
733 3230 988 3288 consensu
1026 3231 1293 3286 tribuenda
1331 3231 1399 3284 sit
1424 3230 1535 3284 fidei
1576 3231 1740 3297 sediS‚
1771 3232 2068 3300 cathedrae,
2097 3243 2148 3286 et

283 3320 549 3376 Ecclesiae
576 3322 873 3389 Romanae,
903 3342 1011 3376 cum
1040 3340 1139 3393 qua
1166 3338 1383 3374 necesse.
1418 3330 1496 3373 est
1528 3337 1703 3373 omnes
1730 3320 1950 3391 undique
1975 3321 2146 3374 fideles

288 3410 589 3477 convenire3
627 3411 705 3464 his
745 3410 962 3466 diversis
997 3409 1204 3465 vocibus
1244 3411 1416 3470 sedi-5,
1468 3410 1792 3470 cathedrae,
1839 3410 1925 3461 vel
1958 3410 2148 3462 Eccle-

287 3503 399 3553 siae
443 3500 730 3553 Romanae
772 3501 938 3568 fides,
997 3517 1124 3569 quae.
1169 3515 1228 3551 ea
1273 3496 1321 3550 vi
1376 3496 1619 3568 primatus
1679 3496 1883 3568 propria
1938 3496 2144 3565 gaudet.

2292 341 2314 475 ³3
