2320 3990
691 201 1299 286 2-—25—

97 423 230 463 verS.
256 405 345 460 32.
383 400 648 456 identidem
689 419 720 453 a
746 398 984 453 Patribus
1021 395 1271 468 ingeritur
1285 432 1300 459 ,
1340 409 1449 446 cum
1488 387 1721 445 Christus
1755 406 1919 442 coram

36 554 41 559 ,
97 492 321 548 omnibus
358 487 622 561 Apostolis
649 505 738 559 pro
765 484 911 539 Petri
935 484 1028 538 fide
1055 501 1111 536 se
1133 479 1396 554 praecipue
1434 494 1610 531 orasse
1645 476 1919 548 professuS,

96 579 191 650 ipsi
208 578 257 630 id
282 575 430 630 officii
453 574 603 639 dedit,
629 583 683 626 nt
706 575 892 626 fratres
917 569 1261 624 confirmaret:
1290 567 1505 636 Royavi
1519 583 1626 635 pro
1646 571 1715 626 te,
1737 569 1798 616 ut
1813 583 1919 615 mm

97 668 312 736 deficiat
330 665 464 734 fides
491 669 583 713 tua
598 702 613 722 ,
643 667 696 713 et
718 667 776 712 tu
805 657 1098 726 aliquando
1125 671 1411 707 conversus
1435 655 1693 720 confirma
1713 655 1920 718 tratres

98 760 229 804 tuos,
278 747 419 802 Haec
446 756 562 800 stmt
586 745 871 799 testimonia
894 741 1113 795 maxime
1138 738 1374 809 insignia,
1402 737 1463 790 ad
1487 754 1612 806 quae
1637 737 1924 790 referuntur

98 835 348 891 commode
377 834 585 903 reliqua,
612 850 768 901 eaque
792 827 1101 899 frequentius
1127 844 1157 879 a
1181 824 1437 889 Patribus,
1463 823 1611 876 immo
1639 831 1690 876 et
1714 822 1774 874 ab
1801 821 1923 893 ipsis

104 920 405 976 adversariis
445 917 699 973 catholicis
725 917 787 970 ad
811 915 1074 987 primatum
1101 911 1258 966 Petro
1298 910 1620 964 asserendum
1647 908 1819 962 afferri
1843 927 1926 961 so-

102 1009 220 1062 lent.
271 1005 359 1059 Ex
383 1006 459 1058 his
485 1021 607 1075 ergo
632 1002 895 1075 peculiaris
920 1000 973 1053 in
1000 998 1208 1053 Petrum
1246 997 1487 1070 primatus
1514 997 1795 1068 jurisdictio
1821 1016 1925 1050 ma-

103 1095 261 1158 navit,
288 1110 412 1162 quae
435 1101 536 1146 tam
561 1089 715 1160 ipsius
742 1107 800 1141 ac
826 1104 1168 1140 successorum
1207 1086 1313 1155 ejus
1339 1093 1417 1137 est
1442 1083 1642 1155 propria
1669 1102 1725 1137 ac
1750 1102 1925 1155 perso-

101 1179 258 1242 nalis,
297 1195 439 1246 quam
465 1176 703 1248 primatus
739 1175 954 1246 ipsorum
995 1172 1222 1245 proprius
1249 1190 1307 1225 ac
1330 1170 1609 1242 personalis
1643 1188 1755 1223 esse
1781 1171 1923 1224 debet

103 1283 171 1317 ex
197 1262 480 1318 constitutis
506 1281 548 1316 c.
575 1263 627 1317 3.

241 1351 293 1403 3.
345 1348 472 1402 Huic
497 1349 840 1421 propositioni,
869 1366 993 1417 quae
1020 1347 1145 1400 satis
1171 1346 1380 1417 probata
1405 1344 1628 1408 xidetur,
1665 1362 1924 1397 assensum

103 1436 340 1508 praebent
366 1453 539 1487 omnes
566 1434 812 1499 catholici,
838 1435 918 1487 vel
943 1433 1032 1498 illi,
1059 1450 1181 1501 quos
1209 1430 1528 1485 adversarios
1555 1429 1728 1495 habea,
1756 1440 1810 1482 ut
1824 1432 1925 1484 col-

107 1522 262 1592 ligere
289 1521 403 1574 licet
427 1519 481 1587 *)
521 1538 591 1572 ex
615 1519 695 1574 J0.
724 1519 941 1590 Majore,
968 1517 1048 1572 Jo.
1072 1517 1380 1582 Brevicoxa,
1407 1516 1631 1569 Antonio
1658 1518 1716 1570 de
1743 1516 1927 1570 Rosel-

106 1607 184 1670 lis,
211 1605 542 1676 MaimburgO,
570 1616 620 1658 et
640 1606 768 1671 aliis,
797 1606 878 1675 qui
903 1606 954 1658 in
979 1605 1270 1659 vindicando
1297 1604 1509 1676 primatu
1535 1622 1595 1656 ca
1619 1602 1929 1675 Evangelica

103 1691 388 1742 testimonia
432 1691 723 1761 producunt.
809 1689 887 1742 De
937 1690 1122 1741 duobus
1170 1690 1362 1759 quidem
1404 1690 1652 1760 prioribus
1701 1692 1926 1744 textibus

104 1777 226 1829 adeo
265 1786 500 1829 constans
538 1776 890 1830 catholicorum
928 1776 1178 1829 sententia
1216 1793 1411 1846 semper
1450 1775 1675 1841 exstitit,
1723 1787 1777 1828 ut
1819 1777 1927 1849 ipse

108 1861 356 1915 Lutherus
372 1902 387 1927 ,
439 1872 701 1931 antequam
739 1863 798 1915 ab
838 1861 1068 1915 Ecclesia
1114 1864 1259 1934 plane
1298 1862 1627 1928 descisceret,
1679 1864 1731 1915 in
1777 1883 1927 1935 opere

104 1948 289 2019 scripto
312 1958 486 2001 contra
498 1947 796 2002 Silvestrum
819 1950 878 2002 de
893 1948 1127 2002 Prierate
1151 1949 1324 2002 iisdem
1351 1949 1653 2002 testimoniis
1680 1951 1928 2021 allegatiS,

104 2053 279 2087 onmes
309 2039 481 2103 fateri
518 2035 866 2100 affirmaverit,
905 2034 1167 2088 Pontificis
1204 2037 1550 2090 auctoritatem
1577 2054 1643 2089 ex
1671 2036 1773 2089 illis
1799 2037 1928 2090 deri-

104 2121 230 2195 yari.
295 2119 482 2174 Confer
509 2119 572 2172 P.
594 2119 951 2173 ,Constantium
978 2123 1028 2173 in
1054 2123 1363 2192 praefatione
1390 2124 1452 2176 ad
1478 2123 1713 2194 epistolas
1742 2123 1930 2176 Roma-

113 2225 284 2258 norum
311 2205 607 2258 Pontificum
634 2224 766 2258 num.
795 2205 846 2258 6.
874 2206 956 2258 ubi
983 2206 1111 2259 hanc
1137 2208 1358 2260 eamdem
1385 2227 1489 2260 rem
1518 2227 1546 2260 a
1573 2207 1812 2261 Patribus
1841 2230 1929 2262 an-

108 2291 398 2360 tiquissimis
436 2292 670 2343 traditam
706 2293 988 2363 profitetur,
1036 2311 1159 2362 quos
1196 2303 1364 2347 tamen
1391 2294 1434 2346 si
1461 2296 1801 2360 consulamus,
1829 2307 1930 2350 ter-

105 2377 224 2428 tium
252 2395 443 2446 quoque
467 2377 800 2430 testimonium
820 2398 910 2450 pro
935 2380 1104 2432 eodem
1130 2380 1342 2450 primatu
1366 2383 1677 2452 proferentes
1704 2381 1929 2437 invenire

108 2463 299 2515 licebit:
339 2463 467 2516 unde
491 2462 770 2517 Bossuetus
797 2465 849 2516 in
877 2465 1085 2537 praevia
1122 2465 1475 2520 dissertatione
1515 2467 1706 2521 inserta
1732 2471 1930 2538 Defen-

107 2554 247 2602 siom'
271 2553 654 2603 declarationis
682 2552 828 2604 Cleri
845 2553 1119 2605 Gallicani
1142 2551 1445 2606 novissimae
1472 2553 1702 2607 editionis
1724 2555 1931 2609 Amste-

112 2635 416 2688 lodamensis
439 2635 558 2700 anni
575 2636 731 2690 1745.
749 2655 792 2689 c.
807 2636 895 2690 34.
913 2637 1003 2691 boc
1030 2638 1181 2691 etiam
1207 2639 1409 2692 tertium
1435 2640 1770 2694 testimonium
1799 2662 1930 2696 com-

111 2721 362 2790 plectens,
400 2721 560 2791 palam
599 2723 915 2792 pronuntiat:
962 2725 1221 2794 leeoloyi
1255 2745 1449 2787 omnes,
1489 2747 1553 2779 ae
1595 2729 1931 2783 Parisienses

105 2808 192 2858 vel
213 2811 443 2858 maxime
479 2809 731 2859 adversus
771 2810 1070 2876 haereticos
1101 2815 1393 2878 privitatum
1420 2812 1785 2879 Apostoliemn
1805 2837 1932 2884 pro-

107 2893 233 2942 bant
258 2911 329 2943 ex
356 2893 437 2943 leis
478 2893 641 2944 loeis.-
692 2893 769 2946 Tu
797 2913 849 2946 es
878 2896 1090 2956 Petrus,
1118 2903 1168 2947 et
1201 2896 1467 2965 Confirma
1488 2902 1695 2965 fratres
1723 2909 1855 2963 tuos,
1884 2912 1935 2956 et

108 2978 279 3030 Pasce
306 2997 424 3030 oves
449 2997 605 3031 meas.

247 3063 300 3115 4.
351 3062 532 3116 Nullos
553 3064 643 3118 hac
660 3065 711 3117 in
733 3084 788 3119 re
811 3066 1048 3119 adversos
1075 3086 1151 3120 me
1179 3069 1362 3121 habere
1387 3087 1534 3140 posse
1560 3071 1674 3124 olim
1699 3076 1931 3145 putabam

108 3148 206 3199 nisi
233 3147 576 3203 schismaticos
599 3152 679 3205 vel
704 3151 1003 3218 haereticOS,
1032 3154 1114 3223 qui
1142 3164 1194 3205 ut
1222 3156 1484 3226 primatimi
1511 3157 1708 3212 divinae
1733 3160 1932 3216 institu-

227 3280 267 3331 ⁴)
308 3283 371 3322 Jo.
403 3283 544 3333 Major.
585 3289 618 3324 t.
649 3287 693 3324 2.
728 3298 839 3338 oper.
873 3287 1052 3327 Gerson.
1086 3287 1186 3327 edit.
1247 3288 1398 3339 Dupini
1431 3302 1525 3341 pag.
1561 3291 1689 3334 1121.
1746 3295 1807 3336 Jo.
1832 3298 1931 3338 Bre-

109 3341 257 3380 tit-oxa
289 3345 320 3380 t.
357 3342 395 3382 l.
428 3343 607 3392 eiusdem
639 3345 741 3387 edit.
773 3359 868 3398 pag.
900 3346 1004 3386 873.
1055 3346 1252 3386 Antonius
1283 3348 1437 3388 Rosell.
1485 3349 1548 3390 De
1586 3356 1740 3403 potest.
1774 3354 1930 3408 Imper.

109 3403 149 3438 et
182 3399 329 3450 Papae
361 3413 454 3451 pag.
476 3402 550 3440 20.
585 3403 686 3446 edit.
713 3417 779 3447 an.
808 3405 938 3447 1487.
964 3405 1208 3457 Maimburg.
1261 3406 1324 3447 De
1344 3414 1593 3460 praerogat.
1626 3412 1751 3457 Rom.
1783 3419 1927 3458 eccles.

111 3470 145 3497 c.
178 3458 220 3497 4.
251 3459 478 3499 Bossuetus
511 3460 551 3500 in
587 3461 944 3505 Meditationibus
973 3477 1106 3517 super
1131 3465 1414 3516 Evangelium
1447 3472 1488 3508 et
1507 3469 1620 3518 alibi,
1647 3472 1932 3517 Catechismus

112 3513 255 3556 Caroli
289 3518 458 3559 Colbert
492 3520 634 3572 Episc.
667 3522 1031 3576 Montispessnlani
1065 3538 1100 3566 c.
1134 3527 1175 3566 3.
1208 3524 1271 3566 De
1303 3524 1458 3571 Eccles.
1493 3527 1530 3580 ξ.
1563 3530 1605 3569 7.
1640 3536 1722 3572 etc.
