2320 3990
734 980 1150 1054 CAPUT
1229 979 1289 1052 I.

628 1140 1096 1186 PROPOSITIO
1138 1139 1385 1185 PRIMA.

102 1262 154 1308 S.
189 1261 377 1307 Petrus
419 1265 551 1307 inter
584 1258 847 1321 Apostolos
881 1263 1170 1321 primatum
1202 1258 1405 1312 habuit,
1450 1262 1540 1317 qui
1568 1261 1622 1303 in
1663 1257 1924 1303 Romanos

102 1322 373 1380 Pontifices
405 1321 508 1379 ejus
537 1335 844 1366 successores
867 1325 1113 1366 transivit.
1160 1318 1293 1364 Hinc
1322 1322 1458 1363 ratio
1490 1324 1538 1362 et
1567 1322 1640 1363 vis
1666 1322 1924 1378 primatus

102 1387 313 1427 istorum
336 1382 512 1425 eadem
537 1386 623 1432 cst,
657 1396 719 1425 ac
741 1380 848 1432 illa,
884 1396 1012 1438 quac
1029 1381 1133 1438 fuit
1154 1383 1288 1423 ratio
1313 1385 1361 1422 ct
1378 1382 1449 1422 vis
1464 1382 1727 1437 primatus
1751 1376 1804 1421 S.
1827 1376 1921 1420 Pe-

104 1446 197 1486 tri:
228 1448 278 1485 et
308 1441 497 1485 idcirco
521 1454 863 1498 quaecumque
886 1437 938 1482 S.
964 1438 1120 1483 Petro
1147 1443 1434 1498 conqruunt
1453 1440 1755 1489 testimonia,
1789 1437 1924 1481 unde

101 1505 356 1560 primatus
388 1499 493 1556 ejus
512 1502 646 1543 ratio
668 1504 717 1542 et
736 1502 810 1543 vis
830 1502 1074 1543 statuitur
1097 1504 1147 1542 et
1159 1498 1462 1558 explicatur,
1497 1496 1674 1540 eadem
1706 1500 1759 1540 in
1791 1511 1922 1541 eam—

104 1561 218 1604 dem
241 1559 403 1619 plane
432 1562 734 1603 sententiam
765 1558 826 1601 de
857 1557 1105 1602 Romanis
1135 1555 1483 1613 Pontificibus,
1518 1570 1789 1614 corumque
1812 1559 1922 1616 pri-

693 1623 837 1661 matu
869 1617 1169 1677 accipienda
1199 1622 1328 1661 sunt.

106 1749 152 1801 l.
191 1717 310 1804 De
335 1746 426 1798 hac
450 1745 610 1817 prima
627 1744 988 1817 propositione,
1015 1754 1260 1815 quatenus
1280 1743 1545 1814 primatum
1565 1743 1778 1813 aliquem
1792 1743 1924 1797 inter
1955 1743 1958 1746 ’

101 1832 373 1904 Apostolos
399 1830 454 1885 S.
484 1830 641 1885 Petro
670 1848 989 1897 concessum,
1028 1842 1077 1883 et
1104 1849 1174 1883 ex
1200 1848 1258 1882 eo
1285 1829 1335 1881 in
1363 1828 1623 1882 Romanos
1649 1829 1925 1884 Pontifices

102 1920 207 1990 ejus
242 1936 562 1972 successores
599 1919 877 1971 traductum
917 1918 1152 1981 affirmat,
1189 1917 1247 1969 de
1283 1917 1400 1982 hac,
1435 1916 1663 1986 inquam,
1697 1918 1924 1989 proposi-

101 2005 236 2059 tione
261 2006 394 2058 inter
427 2024 505 2059 me
545 2015 595 2059 et
628 2004 945 2059 adversarios
985 2003 1282 2069 catholicOS,
1318 2003 1610 2073 quibuscum
1643 2013 1779 2056 totus
1805 2004 1924 2056 mihi

103 2109 231 2143 nunc
268 2093 462 2143 futurus
499 2102 577 2144 est
615 2108 808 2152 sermo,
853 2088 1051 2158 penitus
1092 2090 1353 2156 convenit3
1397 2100 1453 2142 ut
1484 2091 1567 2144 vel
1603 2108 1672 2142 ex
1705 2090 1925 2161 ipsorum

103 2176 432 2239 testimoniis,
476 2192 601 2242 quae
637 2174 690 2224 in
725 2175 1046 2242 sequentibus
1082 2177 1323 2245 capitibus
1374 2177 1673 2240 afferentur,
1720 2176 1922 2246 patebit.

103 2261 233 2315 Hinc
269 2260 522 2332 probanda
565 2259 618 2310 in
649 2261 1047 2330 praesentiarum
1092 2280 1194 2313 non
1242 2272 1344 2326 est,
1391 2261 1463 2313 uti
1497 2271 1634 2315 esset
1669 2263 1926 2333 probanda

102 2348 269 2400 multis
287 2386 300 2411 ,
330 2346 374 2398 si
401 2355 575 2398 contra
602 2345 908 2411 haereticoS,
935 2347 1015 2400 vel
1041 2347 1385 2400 schismaticos
1414 2366 1698 2419 ageremus,
1737 2345 1926 2415 Quam-

103 2452 248 2503 quam
285 2451 394 2486 cum
430 2432 552 2485 haec
590 2432 860 2504 propositio
898 2433 1163 2504 primatum
1199 2434 1412 2503 aliquem
1451 2433 1507 2486 S.
1545 2433 1704 2487 Petro
1744 2446 1794 2488 et
1820 2434 1927 2487 Ro-

103 2519 262 2572 manis
298 2519 625 2572 Antistitibus
670 2519 950 2590 generatim
983 2521 1290 2587 attribuenS,
1335 2521 1460 2574 nihil
1486 2531 1674 2574 statuat
1708 2523 1766 2574 de
1794 2523 1926 2593 ejus-

104 2607 211 2658 dem
261 2605 571 2658 institutione
622 2615 770 2675 atque
820 2616 1029 2673 natura3
1095 2608 1243 2660 etiam
1294 2627 1403 2661 cum
1453 2609 1718 2662 haereticis
1778 2619 1926 2678 atque

105 2692 432 2746 schismaticis
474 2691 598 2763 ipsis
635 2710 734 2744 non
771 2693 966 2746 difficile
1004 2704 1140 2747 esset
1175 2695 1228 2746 in
1266 2713 1326 2748 ea
1363 2696 1650 2750 convenire.
1726 2693 1925 2747 Prima-

105 2788 208 2832 tum
242 2778 373 2830 enim
411 2779 623 2846 aliquem
657 2777 710 2829 in
733 2776 962 2831 Ecclesia
998 2781 1339 2833 necessarium
1375 2791 1424 2833 et
1460 2781 1556 2851 ipsi
1587 2790 1928 2851 pernoverunt

105 2883 165 2916 ea
203 2863 397 2916 ratione
433 2863 594 2927 ducti,
642 2883 788 2932 quam
824 2865 1107 2917 eorumdem
1142 2864 1444 2917 testimoniis
1480 2866 1819 2918 confirmaturi
1844 2885 1928 2919 su-

104 2968 212 3002 mus
251 2968 356 3021 cap.
383 2949 436 3003 8.
474 2950 692 3020 haecque
718 2951 846 3003 ratio
885 2951 1121 3021 ejusmodi
1148 2961 1250 3017 est,
1291 2970 1416 3021 quae
1449 2953 1715 3024 primatum
1749 2954 1802 3006 in
1827 2973 1926 3007 uno

107 3037 269 3106 aliquo
296 3036 487 3107 exigit,
524 3056 626 3090 non
652 3037 704 3090 in
729 3036 988 3091 Ecclesiae
1023 3037 1179 3092 initiis
1205 3050 1426 3106 tantum,
1465 3041 1553 3094 sed
1576 3051 1815 3113 perpetuo
1842 3060 1927 3094 us-

106 3141 200 3191 que
225 3124 278 3175 in
302 3123 451 3176 finem
475 3124 660 3190 mundi,
686 3125 758 3177 ita
782 3134 838 3176 ut
857 3124 1070 3194 aliquem
1089 3126 1237 3197 primi
1257 3145 1616 3192 successorem,
1644 3128 1729 3197 qui
1754 3129 1926 3181 eodem

106 3209 320 3280 primatu
345 3210 578 3281 potiatur,
606 3230 802 3283 semper
829 3211 1085 3282 efflagitet.
1134 3211 1292 3266 Petro
1320 3223 1485 3267 autem
1510 3214 1638 3268 hunc
1662 3214 1926 3287 primatum

105 3294 262 3366 primo
301 3295 456 3350 fuisse
493 3298 707 3351 delatum
732 3316 928 3370 semper
964 3298 1170 3369 agnovit
1207 3300 1447 3353 catholica
1470 3298 1730 3368 Ecclesia3
1765 3320 1926 3371 neque

106 3380 157 3432 in
183 3381 275 3434 hoc
302 3401 411 3435 cum
437 3383 731 3450 haereticiS,
767 3395 854 3437 aut
879 3384 1205 3438 schismaticis
1232 3387 1386 3440 multa
1418 3406 1587 3460 pugna
1612 3397 1775 3452 esset,
1817 3405 1927 3440 cum

109 3467 319 3537 aliquem
362 3467 508 3523 Petri
552 3470 815 3541 primatum
860 3473 1159 3536 concedant,
1204 3482 1258 3524 ut
1302 3474 1551 3527 constabit
1594 3492 1663 3527 ex
1707 3474 1925 3527 dicendis

1508 3561 1537 3613 1
1555 3560 1581 3585 ἢ
